1898 3292
771 215 891 242 LIBER
909 215 1083 242 TERTIVS.
1603 205 1680 247 195

172 318 423 373 intellegere
444 319 599 359 mentis
623 319 727 370 acie,
760 318 834 360 sed
858 319 987 360 etiam
1010 333 1160 360 sensus
1183 319 1422 372 suptilitate
1444 319 1680 373 percipere,

172 401 256 429 non
288 387 467 441 perinde
500 401 713 441 apparere
746 387 870 438 illud,
904 389 977 441 qui
1008 388 1064 429 sit
1095 388 1275 438 factum,
1320 391 1367 429 ut
1396 391 1519 429 tanto
1553 401 1681 441 opere

172 481 228 486 ——
268 463 407 509 neque
439 456 550 499 enim
581 455 632 497 de
662 455 744 497 hoc
776 455 1000 497 dubitatur
1042 481 1098 485 —
1141 455 1313 497 diversa
1350 459 1464 497 esset
1498 469 1523 497 a
1555 456 1683 497 solita

172 538 223 566 ac
252 524 443 578 pedestri
472 524 822 578 pronuntiatione
857 538 1008 566 norma
1035 525 1218 578 poetica.
1278 524 1442 566 scilicet
1474 525 1681 565 materiae

170 593 360 647 pondere
393 593 580 634 devincti
610 596 653 634 et
684 592 972 634 crassioribus
1004 593 1226 635 elementis
1258 596 1524 644 constantes,
1556 607 1680 647 prae-

171 666 291 703 terea
326 662 493 716 pridem
534 661 704 716 perdito
748 662 1039 715 quantitatum
1081 676 1227 713 sensu,
1268 661 1337 703 vix
1376 661 1564 715 logicum
1606 663 1682 704 ali-

171 731 361 785 quando,
402 731 559 772 nedum
600 731 927 784 grammaticum
968 735 1193 772 accentum
1235 731 1412 785 migrari
1454 745 1480 773 a
1511 731 1681 773 vatibus

169 801 370 855 patimur.
423 813 556 853 quare
589 799 691 853 quid
722 800 877 840 mirum
909 813 986 841 nos
1008 803 1276 841 vetustarum
1300 800 1490 854 gentium
1513 800 1680 841 delatos

171 869 225 910 ad
257 869 470 923 poeticam
501 868 790 910 diversissima
823 872 916 910 arte
948 869 1105 919 nisam,
1150 883 1246 910 cum
1287 883 1496 910 summam
1537 869 1679 922 legum

170 952 196 979 a
226 938 386 980 nostris
417 937 666 991 discrepare
698 937 836 991 primo
869 942 1048 991 aspectu
1084 937 1404 991 intellegamus,
1448 941 1564 979 certe
1597 938 1680 978 sin-

170 1008 271 1062 gula
316 1006 530 1061 quaedam
577 1006 702 1060 quasi
753 1007 886 1048 suetis
936 1006 1179 1048 rationibus
1232 1020 1422 1060 congrua
1468 1006 1584 1048 velut
1630 1021 1681 1048 ex

168 1077 394 1130 naufragio
429 1076 639 1129 arripere,
678 1089 731 1117 ne
761 1089 938 1129 prorsus
969 1079 1115 1116 tamen
1145 1075 1457 1130 proprietatem
1488 1079 1680 1117 nostram

170 1159 374 1200 cogamur
406 1158 562 1187 exuere
592 1147 725 1198 utque
756 1143 1030 1198 popularium
1072 1144 1196 1186 nobis
1235 1148 1277 1186 et
1307 1144 1405 1186 inde
1437 1158 1463 1186 a
1492 1145 1681 1198 pueritia

168 1215 370 1256 tritorum
393 1214 629 1255 carminum
651 1212 973 1255 similitudinem
1006 1213 1223 1266 quandam
1256 1226 1551 1267 agnoscamus.
1598 1213 1680 1255 hoc

170 1282 360 1325 desidiae
390 1282 661 1336 potissimum
694 1282 869 1323 crimine
903 1281 1130 1323 mirificum
1160 1282 1204 1322 in
1235 1282 1409 1324 modum
1440 1296 1542 1324 vera
1574 1283 1680 1323 artis

169 1352 325 1393 veteris
366 1351 523 1406 peritia
562 1350 793 1392 turbatast.
858 1351 945 1391 iam
985 1364 1062 1392 nos
1114 1364 1224 1404 quae
1271 1350 1564 1405 expedivimus
1607 1350 1679 1392 diu

168 1420 390 1472 meditata,
418 1420 533 1461 hunc
563 1419 653 1461 fere
685 1419 728 1460 in
760 1418 930 1460 modum
965 1423 1091 1460 erunt
1122 1419 1413 1474 concipienda.

283 1491 345 1531 Ac
365 1489 550 1543 primum
574 1488 748 1542 quidem
770 1488 959 1529 omnium
980 1488 1024 1529 in
1044 1488 1179 1542 ipsius
1202 1501 1409 1530 caesurae
1431 1488 1679 1530 definitione

168 1573 253 1601 non
282 1572 392 1612 nego
422 1572 490 1600 me
522 1557 838 1611 quadamtenus
869 1557 1097 1599 dissentire
1134 1557 1188 1599 ab
1233 1558 1293 1599 eis
1333 1557 1452 1609 viris,
1497 1571 1679 1611 quorum

169 1628 358 1682 alioquin
389 1628 433 1668 in
463 1626 594 1668 rebus
622 1626 813 1667 metricis
844 1640 1054 1667 summam
1075 1639 1331 1668 veneramur
1362 1627 1678 1668 auctoritatem.

167 1697 299 1739 veluti
343 1710 599 1751 persuasum
645 1694 785 1736 habeo
828 1695 934 1736 nihil
978 1695 1105 1749 plane
1150 1694 1336 1747 referre,
1383 1695 1590 1736 incisione
1635 1696 1677 1736 in

166 1766 308 1808 medio
339 1779 466 1807 versu
494 1765 612 1806 facta
641 1764 892 1818 principalis
924 1778 1127 1806 numerus
1167 1778 1221 1805 an
1253 1763 1418 1806 alienus
1450 1763 1678 1815 efficiatur,

166 1848 305 1889 neque
349 1834 645 1876 diversitatem
690 1833 1013 1875 distinctionum
1061 1833 1235 1874 illarum
1285 1832 1440 1874 altiore
1491 1832 1679 1886 quadam

168 1917 311 1951 causa,
343 1902 419 1945 sed
446 1916 533 1944 una
562 1902 656 1956 lege
689 1902 928 1956 elegantiae
961 1916 1054 1944 esse
1075 1905 1374 1956 temperatam.
1426 1901 1472 1943 id
1492 1901 1677 1943 maxime

167 1972 414 2026 deliquatur
446 1985 497 2013 ea
528 1985 593 2022 re,
636 1971 750 2024 quod
791 1970 1024 2024 aliquando
1068 1971 1110 2011 in
1158 1984 1242 2012 uno
1286 1970 1522 2024 eodemque
1553 1985 1678 2012 versu

168 2044 211 2082 et
254 2053 435 2082 caesura
481 2043 524 2082 et
569 2039 753 2081 diaeresi
798 2064 852 2069 —-
897 2053 996 2080 nam
1041 2039 1108 2081 his
1159 2038 1380 2081 vocabulis
1420 2043 1613 2081 notumst
1653 2053 1679 2081 a

166 2108 385 2151 Boeckhio
417 2108 623 2163 distingui
653 2107 869 2150 incidendi
901 2108 1074 2150 modum
1105 2111 1337 2162 utrumque
1376 2133 1433 2139 —
1472 2122 1548 2150 nos
1579 2122 1678 2163 pro-

166 2178 326 2220 miscue
356 2177 459 2219 licet
489 2177 570 2229 uti,
602 2176 735 2218 veluti
765 2177 808 2218 in
841 2177 1062 2219 octonario
1092 2176 1296 2229 iambico,
1327 2177 1400 2230 qui
1430 2180 1529 2231 post
1560 2177 1677 2219 arsin

168 2250 370 2301 quartam
401 2260 455 2287 an
487 2245 627 2288 thesin
660 2246 855 2299 quintam
899 2246 1128 2287 dirimatur
1168 2246 1295 2300 plane
1337 2245 1445 2287 nihil
1485 2246 1676 2287 interest.

166 2329 306 2369 neque
350 2328 451 2356 vero
496 2314 551 2356 ad
600 2314 832 2356 facultates
881 2315 1136 2357 incisionum
1190 2314 1428 2368 quidquam
1477 2315 1677 2368 pertinet,

168 2383 404 2425 similemne
443 2397 593 2425 versus
633 2383 767 2425 totius
813 2397 868 2425 an
914 2383 1165 2425 dissimilem
1210 2382 1404 2425 habeant
1447 2383 1677 2438 rythmum,

167 2452 243 2495 sed
273 2453 428 2507 potius,
458 2452 502 2493 in
533 2453 621 2494 arsi
651 2466 706 2494 an
736 2453 780 2493 in
811 2452 923 2494 thesi
955 2453 1041 2494 sint
1070 2452 1298 2507 repositae.
1351 2466 1450 2494 nam
1470 2465 1550 2493 nec
1570 2451 1677 2493 illud

167 2522 272 2563 mihi
310 2521 543 2576 probatur,
586 2521 702 2575 quod
741 2521 850 2563 dixit
879 2520 1125 2563 Boeckhius
1167 2534 1391 2563 caesuram
1426 2521 1676 2575 coiugandis

167 2591 302 2645 magis
343 2605 473 2645 quam
515 2590 810 2644 discerpendis
850 2604 943 2632 esse
983 2590 1190 2641 numeris,
1233 2589 1348 2643 quod
1389 2589 1562 2643 quidem
1603 2589 1676 2643 qui

168 2660 445 2711 concesserit,
482 2673 567 2701 non
598 2659 757 2713 poterit
787 2672 871 2700 non
903 2658 1105 2713 amplecti
1135 2659 1391 2700 incisionum
1422 2657 1477 2699 ab
1508 2657 1582 2699 illo
1613 2658 1676 2698 in—

167 2729 364 2770 stitutam
393 2728 723 2770 distinctionem.

280 2798 440 2839 Verum
469 2797 597 2851 longe
630 2797 772 2838 acrius
803 2811 854 2838 ac
886 2796 1018 2838 veluti
1050 2809 1217 2838 summa
1247 2809 1409 2847 rerum,
1442 2808 1527 2836 non
1559 2795 1672 2848 quis-

168 2866 326 2919 quiliae
358 2880 409 2907 ac
435 2866 550 2907 venti
580 2865 718 2920 spolia
756 2865 1074 2920 periclitentur,
1110 2863 1392 2918 impugnandi
1433 2862 1557 2905 nobis
1600 2863 1674 2914 illi,

168 2937 240 2987 qui
283 2949 366 2976 non
409 2948 537 2987 quan]
579 2935 903 2976 accuratissime
943 2933 1218 2975 distinxerint
1261 2945 1484 2974 caesuram
1526 2946 1550 2973 a
1592 2932 1674 2973 fine

1331 3000 1399 3033 13*
