1898 3292
742 269 862 294 LIBER
881 269 1056 294 TERTIVs.
1557 260 1579 297 2
1586 260 1634 298 51

133 387 227 414 cum
261 373 317 413 sit
347 373 471 414 unice
498 387 645 413 verum
678 372 792 425 quod
822 375 887 412 est
927 372 969 411 in
1009 370 1120 411 libro
1162 370 1323 424 scripto
1366 368 1531 421 Mens,
1573 371 1641 412 0111

131 441 363 495 respondet
401 441 444 482 in
484 441 689 495 proximis
727 440 920 482 additum
952 439 1058 480 illud
1104 437 1434 491 ‘quaet—amc&
1496 443 1639 481 tamen

131 511 337 551 Iuvencus
369 510 457 564 [IV,
491 513 594 560 6413
626 510 656 557 I,
685 510 785 563 466]
828 508 922 550 ‘leoc
955 511 1131 559 prelium
1157 511 1332 558 protensi
1362 512 1548 558 eorporis
1580 512 1640 548 in-

131 577 362 620 stituentes⁷
410 577 520 628 ‘posi
553 583 715 629 [Tali-es
747 580 935 619 Iacobum
968 580 1240 627 Joamzequce
1271 573 1478 617 marinis'.
1542 577 1642 617 hinc

132 651 198 688 est
242 646 541 700 explicandum
583 646 697 699 quod
736 646 839 686 dicit
872 645 1084 686 Ausonius
1125 645 1169 685 in
1210 645 1395 698 epistula
1436 645 1491 686 ad
1532 645 1641 686 Pau-

130 715 263 756 linum
295 716 380 770 [2o‚
417 715 480 769 l]:

383 794 537 828 Paulino
566 793 763 828 Ausonius.
812 798 972 828 metrum
998 794 1049 827 sic
1078 794 1201 837 suasit,
1228 796 1269 827 ut
1295 804 1392 827 esses

384 855 424 886 tu
450 852 552 896 prior
579 855 616 886 et
640 863 772 885 nomen
800 851 1086 895 praegrederere
1115 862 1249 885 meum.

250 933 305 973 At
347 947 368 973 e
401 931 595 973 versibus
636 932 860 972 trochaica
900 931 1174 972 distinctione
1215 931 1438 984 diremptis
1477 930 1645 984 longest

134 1000 525 1054 inelegantissimus
557 999 700 1041 Flacci
741 1001 824 1054 [ep.
854 1000 884 1050 I,
917 1004 953 1051 9,
987 1000 1030 1054 4]
1074 999 1261 1051 ‘diffluum
1292 1005 1422 1040 mente
1453 1003 1646 1050 domoque

135 1073 306 1120 leaenas
337 1073 505 1110 honesta
538 1066 751 1117 Neronis',
785 1069 857 1121 qui
888 1068 1173 1121 multiplicato
1205 1068 1322 1109 exitu
1351 1068 1527 1121 languet
1557 1071 1644 1109 tro-

135 1137 302 1188 chaico,
343 1151 427 1178 non
467 1140 611 1177 tamen
654 1138 743 1177 sine
786 1137 961 1177 consilio
1003 1137 1147 1190 aliquo
1191 1136 1422 1177 adhibitus.
1482 1136 1557 1177 sed
1598 1140 1645 1177 ut

134 1206 248 1246 hunc
267 1205 448 1255 mittam,
481 1209 556 1246 aut
586 1206 629 1245 in
660 1205 848 1246 secunda
879 1205 979 1246 sede
1012 1209 1086 1246 aut
1118 1205 1161 1245 in
1185 1208 1341 1258 quarta
1363 1205 1527 1258 pariter
1549 1219 1645 1246 cum

133 1275 218 1315 ista
249 1288 375 1327 quam
409 1273 497 1315 dixi
529 1288 709 1315 caesura
741 1274 870 1315 etiam
899 1274 1131 1315 admittunt
1152 1273 1404 1315 trochaeum
1426 1273 1645 1324 Horatius,

136 1342 349 1395 Vergilius
380 1347 503 1384 extra
535 1343 727 1394 aeneida,
761 1343 936 1384 Ovidius
967 1343 1009 1382 in
1032 1342 1513 1393 Transformationibus,
1543 1342 1645 1383 Pro-

134 1411 311 1465 pertius,
344 1412 557 1463 Manilius,
590 1412 772 1462 Statius,
805 1411 1105 1461 Terentianus,
1138 1411 1355 1462 Sedulius,
1387 1411 1645 1460 Priscianus,

137 1479 213 1521 sed
247 1493 392 1521 omnes
423 1481 641 1522 rarissime
673 1494 752 1521 nec
783 1480 871 1521 fere
905 1480 1014 1520 citra
1044 1480 1280 1532 legitimam
1313 1479 1645 1521 excusationem.

135 1548 267 1589 veluti
300 1548 406 1590 duos
438 1562 521 1590 non
554 1549 737 1603 amplius
768 1549 877 1590 tales
908 1547 1042 1589 habet
1073 1562 1220 1590 versus
1242 1547 1419 1589 Ovidius
1451 1548 1518 1603 [V,
1543 1551 1646 1599 6253

135 1617 186 1668 X,
219 1617 313 1672 95]:

390 1677 427 1708 et
450 1675 507 1709 bis
531 1675 566 1708 io
593 1674 781 1709 Arethusa
804 1674 959 1717 vocavit,
986 1674 1020 1708 10
1045 1673 1243 1707 Arethusa.

389 1735 426 1766 et
450 1732 619 1776 platanus
645 1731 797 1775 genialis
823 1743 981 1775 acerque
1009 1731 1196 1765 coloribus
1223 1731 1338 1774 inpar.

138 1827 319 1867 quorum
353 1812 464 1853 alter
493 1812 737 1853 nominibus
771 1811 970 1866 propriis,
1006 1812 1116 1852 alter
1147 1810 1470 1852 enumeratione
1502 1825 1646 1852 rerum

137 1883 372 1935 mitigatur.
424 1884 468 1922 et
497 1881 641 1935 priore
679 1880 851 1933 quidem
882 1880 976 1921 loco
1008 1879 1171 1920 habent
1199 1879 1380 1930 codices,
1408 1879 1522 1932 quod
1545 1893 1647 1920 sane

137 1950 241 1992 ferri
261 1964 346 1992 non
367 1953 523 2003 potest,
556 1956 593 1989 et
623 1952 682 1990 bis
705 1952 741 1989 2'0
764 1953 981 1997 Arethusa„
1014 1952 1052 1989 2'0
1075 1951 1277 1989 Areflezcsa
1298 1952 1464 1989 vocavit.
1516 1948 1647 1989 semel

137 2019 259 2073 ponit
281 2018 481 2060 Manilius
502 2018 590 2059 tale
613 2032 708 2059 cum
731 2017 906 2058 elisione
940 2017 1009 2071 [IL
1035 2017 1135 2070 704]
1175 2015 1233 2056 ‘et
1262 2020 1403 2057 similis
1434 2020 1511 2058 sibi
1536 2031 1646 2058 mme-

140 2092 215 2128 dus
247 2094 285 2127 et
315 2090 447 2128 omnia
478 2090 519 2126 in
555 2090 734 2127 ommibus
768 2084 923 2134 aslra',
967 2085 1096 2126 semel
1129 2085 1328 2126 Sedulius
1364 2086 1426 2126 ita
1465 2085 1513 2140 [I,
1547 2086 1647 2140 323]

132 2154 269 2196 ‘debet
290 2159 398 2196 scire
436 2152 692 2206 ‘sumusque’
731 2157 930 2195 *sabellius
953 2167 1040 2195 esse
1065 2151 1302 2205 smenclum'
1339 2157 1381 2194 et
1403 2154 1648 2195 Priscianus

138 2224 259 2278 [525]
304 2222 570 2276 ‘Aeyylaqua
605 2227 700 2264 inde
737 2226 923 2275 Cythera,
960 2225 1153 2264 Calauria
1187 2226 1294 2263 dura
1324 2220 1514 2264 colonis'.
1573 2222 1648 2263 ab·

139 2292 327 2333 stinuere
370 2291 575 2333 trochaeo
617 2292 755 2332 altera
796 2292 882 2332 sive
932 2295 1089 2344 quarta
1128 2291 1227 2332 sede
1267 2290 1516 2332 collocando
1552 2305 1647 2332 cum

140 2359 307 2401 Catullo
339 2360 533 2413 plerique
564 2364 792 2414 poetarum
827 2360 1104 2402 classicorum
1134 2362 1233 2413 post
1255 2360 1438 2412 Augusti
1460 2363 1648 2401 aetatem

140 2428 214 2482 qui
257 2428 424 2478 vixere,
470 2431 700 2481 praeterea
743 2442 764 2469 e
807 2428 1052 2469 christianis
1094 2428 1328 2478 Ausonius,
1376 2427 1647 2478 Prudentius,

141 2496 348 2548 Avienus,
381 2496 605 2548 Sidonius,
651 2496 835 2549 denique
867 2496 1128 2537 Octavianus
1169 2499 1212 2537 et
1255 2496 1327 2548 qui
1359 2496 1531 2549 scripsit
1561 2496 1648 2549 epi-

141 2564 296 2606 stulam
333 2564 470 2605 Didus
513 2578 643 2618 supra
678 2568 972 2605 memoratam.
1033 2564 1211 2605 dubium
1251 2578 1276 2604 a
1313 2564 1523 2605 librorum
1561 2577 1648 2605 me-

140 2633 295 2684 moria,
337 2632 451 2686 quod
494 2633 612 2673 dedit
643 2633 758 2687 apud
790 2633 1066 2686 Calpurnium
1100 2632 1329 2673 Glaeserus
1362 2633 1418 2686 [5,
1454 2633 1524 2686 17]
1568 2631 1649 2672 ‘in-

141 2704 292 2751 cipient
313 2704 509 2751 nidosque
530 2715 697 2742 reversa
727 2704 869 2742 lambit
898 2699 1118 2749 leirmzd0';
1147 2701 1223 2741 ubi
1243 2701 1285 2741 in
1307 2703 1431 2753 parte
1454 2700 1648 2741 codicum

139 2768 297 2821 legitur
327 2771 535 2810 habitabit.
596 2769 781 2810 fortasse
815 2768 1111 2810 scribendum:
1145 2783 1290 2809 recens
1320 2770 1527 2808 habitabit.

255 2837 347 2877 Iam
376 2837 420 2876 in
450 2836 533 2877 fine
566 2837 807 2877 hexametri
839 2837 953 2890 quod
986 2836 1274 2890 antiquissimi
1297 2835 1468 2889 saepius
1491 2836 1647 2889 migra-

141 2907 294 2945 verunt
323 2918 516 2945 normam
547 2905 861 2957 posterioribus
894 2908 1118 2955 servatam,
1149 2905 1192 2944 id
1224 2908 1367 2944 tamen
1390 2904 1647 2945 necessitate

142 2973 277 3026 magis
320 2986 448 3026 quam
479 2973 699 3015 voluntate
741 2977 815 3014 aut
854 2973 1094 3014 imitatione
1127 2972 1392 3014 Graecorum
1424 2972 1648 3025 admisisse
