1898 3292
750 216 872 241 LIBER
889 215 1064 242 TERTIVS.
1573 209 1595 246 2
1603 211 1624 248 5
1632 209 1654 245 5

146 322 212 359 ter
251 333 275 359 a
307 317 478 359 Valerio
539 326 637 368 aqut
675 316 773 367 vis',
817 317 963 359 ‘virum
996 316 1071 367 υἱζ
1116 316 1265 369 ‘mayis
1296 316 1392 367 vis',
1435 322 1589 371 quater
1631 333 1656 359 a

147 388 286 428 Statio
321 385 486 428 ‘canum
508 384 622 435 mnf,
659 385 785 437 ‘risset
806 384 1006 437 &2725szss
1044 385 1133 438 ‘aqi
1154 384 1278 435 rem⁷,
1315 385 1655 437 ‘caditlS'plze'nx'5

147 459 301 509 quater
341 469 367 496 a
406 455 663 505 Claudiano,
706 454 870 495 scilicet
911 455 978 496 bis
1020 453 1233 496 ‘occiduus
1263 453 1343 496 sol’
1396 459 1438 496 et
1477 455 1656 509 singulis

148 523 353 577 exemplis
393 522 564 564 ‘cle'vile‘e's
608 521 759 571 mens'5
806 522 1069 574 ‘perspifflcm
1113 521 1252 574 fons⁷,
1303 523 1488 576 denique
1535 525 1656 576 quin-

98 617 102 619 -
147 592 296 645 quiens
331 605 357 632 a
389 591 658 641 Germanico,
690 591 863 632 duriore
893 595 1033 645 poeta,
1078 590 1300 642 ‘posterior
1322 589 1440 642 ped.
1484 591 1656 633 ‘oceano

146 657 254 709 bos',
299 659 450 701 ‘brevis
488 657 599 709 lusit’,
643 658 796 710 ‘aquae
834 658 986 709 mons'‚
1032 659 1158 701 ‘venit
1195 658 1316 702 ποειτ’.
1379 674 1457 701 nec
1495 660 1656 701 frustra

146 743 172 770 a
200 743 268 771 me
300 730 499 783 apposita
530 733 627 770 sunt
659 729 866 782 exempla,
899 734 946 770 ut
978 729 1100 782 gnari
1122 728 1271 770 Musae
1295 729 1484 769 Maronis
1508 730 1652 770 statim

146 797 471 851 deprehendant
516 797 682 838 similia.
755 797 1057 838 abstinuerunt
1106 797 1258 838 ultima
1310 797 1410 838 sede
1457 797 1653 838 violanda

145 866 269 916 Cato,
301 865 512 916 Tibullus,
545 865 767 916 Manilius,
799 866 1074 919 Calpurnius,
1108 866 1320 906 Homerus
1351 866 1546 915 Latinus,
1579 866 1654 907 Co-

143 934 331 985 lumella,
363 934 601 983 Petronius,
633 934 930 985 Naniatianus,
963 939 1114 975 auctor
1136 935 1299 975 Aetnae
1323 939 1365 975 et
1388 935 1461 988 qui
1484 934 1657 988 scripsit

145 1016 317 1044 carmen
349 1003 404 1044 ad
436 1003 645 1044 Pisonem.

257 1072 349 1113 Iam
395 1072 532 1125 quinti
579 1071 701 1125 pedis
749 1071 921 1125 regulas
973 1086 1065 1113 cuin
1115 1071 1329 1125 Vergilius
1381 1072 1495 1112 circa
1543 1071 1655 1112 CXX

143 1140 339 1182 laesisset
384 1140 590 1194 exemplis
637 1164 693 1171 -
739 1140 894 1193 quibus
941 1145 983 1181 et
1024 1154 1075 1181 ea
1121 1139 1319 1190 attribui,
1364 1140 1440 1181 ubi
1487 1144 1656 1181 constat

143 1223 291 1250 versus
337 1208 434 1251 finis
476 1209 606 1250 verbo
647 1208 947 1263 pentasyllabo
981 1209 1047 1249 vel
1076 1209 1383 1263 tetrasyllabo,
1432 1223 1534 1259 non,
1578 1209 1651 1249 ubi

145 1277 435 1319 choriambico
468 1281 511 1319 et
541 1278 837 1332 monosyllabo
870 1303 936 1328 —,
967 1277 1142 1319 Ovidius
1165 1278 1234 1318 vix
1264 1278 1391 1318 laesit
1422 1278 1653 1330 octoginta,

144 1360 166 1387 e
198 1346 352 1400 quibus
383 1346 416 1387 L
447 1346 502 1388 ad
533 1346 903 1400 Metamorphoses
944 1346 1179 1400 pertinent,
1221 1349 1312 1387 tuin
1345 1345 1545 1387 Manilius
1583 1345 1654 1386 de-

144 1415 259 1456 ciens
303 1416 484 1466 octiens,
530 1416 650 1457 cuius
697 1415 990 1469 exemplorum
1035 1429 1167 1456 unum
1209 1414 1261 1456 de
1302 1415 1549 1456 coniectura
1589 1428 1653 1455 re-

143 1484 275 1525 stitui.
335 1498 433 1525 nam
475 1484 589 1538 quod
627 1483 786 1537 legitur
824 1483 940 1537 apud
978 1483 1092 1524 hunc
1123 1482 1148 1524 l.
1180 1483 1242 1524 III
1283 1484 1403 1538 [423]
1447 1481 1654 1534 ‘quodque

142 1556 205 1594 his
237 1560 440 1604 exuperat
473 1557 654 1604 demptis,
688 1556 867 1594 diclzcce'to
901 1556 940 1592 ἱη
974 1566 1127 1603 aequas
1156 1566 1230 1592 sex
1258 1549 1440 1602 partes’,
1474 1565 1558 1593 non
1591 1555 1654 1592 est

143 1621 348 1663 credibile
381 1625 560 1663 diducilo
593 1625 793 1675 correpta
826 1621 978 1661 ultima
1010 1634 1034 1661 a
1066 1620 1241 1661 Manilio
1273 1634 1365 1661 esse
1397 1619 1652 1670 adhibitum,

142 1693 191 1731 ut
210 1704 289 1744 pro
312 1704 362 1731 eo
391 1690 507 1744 quod
535 1692 579 1730 in
612 1689 831 1731 codicibus
863 1693 983 1730 extat
1014 1692 1169 1730 iclclucit
1199 1688 1473 1730 scribendum
1503 1689 1559 1730 sit
1579 1702 1653 1742 po-

141 1759 226 1801 tius
261 1763 385 1800 diduc
414 1762 470 1808 id,
503 1758 618 1812 quod
649 1758 785 1800 traxit
817 1757 1106 1812 corruptelam
1135 1771 1160 1798 a
1180 1758 1431 1811 pronomine
1465 1765 1477 1798 t
1508 1757 1655 1799 littera

142 1827 316 1881 scripto.
387 1831 433 1869 at
475 1841 497 1869 e
538 1828 711 1868 relicuis
759 1827 972 1868 Martialis
1015 1826 1219 1867 XXXVII
1267 1826 1473 1880 exemplis
1517 1830 1653 1867 artem

140 1896 343 1950 migravit
372 1896 625 1950 plerumque
648 1895 791 1937 verbis
824 1895 1026 1936 adonium
1054 1899 1237 1936 metrum
1260 1895 1347 1936 sive
1370 1894 1651 1949 dispondeum

141 1964 431 2018 aequantibus
476 1968 518 2006 et
561 1964 734 2017 quidem
771 1964 948 2005 triciens
982 1963 1048 2005 bis
1080 1963 1324 2005 nominibus
1357 1964 1545 2017 propriis
1578 1967 1654 2004 aut

142 2032 331 2074 Graecis.
392 2037 483 2074 tum
516 2032 680 2074 Statius
713 2033 852 2085 legem
884 2046 1056 2073 movere
1089 2045 1219 2073 ausus
1251 2031 1422 2073 deciens
1463 2032 1651 2082 noviens,

142 2101 313 2143 deciens
345 2102 513 2143 sexiens
547 2100 694 2152 Silius,
736 2101 908 2142 deciens
953 2104 1108 2154 quater
1139 2100 1355 2151 Valerius,
1395 2100 1653 2142 duodeciens

141 2170 415 2212 Claudianus.
476 2170 615 2211 minus
646 2170 829 2211 modesti
860 2169 981 2211 fuere
1005 2169 1288 2211 Germanicus
1321 2173 1363 2210 et
1394 2169 1579 2210 Serenus
1612 2173 1654 2210 et

141 2239 444 2290 Terentianus,
484 2238 559 2280 sed
589 2239 842 2292 plerumque
870 2239 913 2279 in
946 2238 1168 2279 vocabulis
1201 2238 1255 2279 ad
1287 2241 1425 2278 artem
1456 2241 1651 2291 spectan-

140 2307 266 2349 tibus.
325 2308 451 2361 longe
483 2311 626 2348 autem
662 2308 876 2348 cautiores
904 2307 989 2348 illis
1020 2306 1195 2348 fuerunt
1225 2306 1308 2347 alii.
1359 2306 1492 2359 igitur
1523 2306 1653 2347 semel

141 2376 366 2417 Petronius
388 2375 579 2417 deseruit
599 2376 736 2429 legem
758 2375 957 2430 ponendo
981 2375 1094 2430 [124,
1118 2378 1170 2415 27
1176 2374 1220 2428 9]
1248 2378 1494 2425 Appennini,
1523 2374 1654 2415 semel

141 2444 397 2498 Calpurnius
428 2443 558 2486 verbo
591 2445 648 2499 [2,
671 2444 743 2498 94]
776 2447 1078 2495 Alphesiboeus,
1112 2442 1244 2484 semel
1276 2447 1427 2484 auctor
1458 2442 1513 2484 ad
1535 2443 1651 2484 Piso-

140 2527 237 2554 nem
280 2513 343 2554 ita
384 2513 504 2567 [126]
558 2510 621 2553 ‘ut
657 2510 957 2563 pudibundos’.
1029 2516 1182 2553 auctor
1226 2511 1508 2552 Einsidlensis
1553 2511 1650 2552 abs-

139 2581 269 2623 tinuit
299 2595 325 2622 a
354 2581 565 2622 violandis
591 2581 833 2622 hexametri
862 2581 905 2621 in
936 2580 1018 2621 fine
1050 2580 1249 2621 numeris.

255 2649 498 2703 Ambigitur
534 2650 585 2690 de
618 2649 884 2703 Symphosio.
931 2663 1028 2689 nam
1063 2648 1269 2702 opusculi,
1302 2648 1369 2689 cui
1400 2647 1652 2688 inscribitur

133 2715 326 2771 ‘lagena'
369 2718 437 2772 [81
465 2718 528 2759 ed.
552 2718 702 2772 Ries.],
733 2732 769 2758 v,
794 2721 816 2758 3
849 2717 1073 2758 turbatum
1105 2716 1205 2758 olim
1234 2716 1362 2757 finem
1385 2716 1652 2757 demonstrat

140 2785 334 2827 codicum
378 2785 607 2827 dissensus.
667 2785 742 2827 ubi
784 2799 879 2827 cum
922 2785 1072 2826 melior
1111 2785 1289 2826 traditio
1320 2784 1516 2825 videatur
1555 2798 1648 2826 esse

139 2853 268 2895 haec:

415 2911 502 2944 dum
527 2911 659 2944 misera
685 2911 813 2954 cecidi,
839 2914 958 2944 mater
983 2921 1062 2944 mea
1089 2922 1145 2944 me
1172 2909 1295 2943 divisit
