1898 3292
241 208 294 247 64
847 215 966 243 LIBER
983 215 1141 243 PRIMVS.

241 320 361 361 cuius
393 320 512 374 prior
543 333 644 372 pars
675 322 792 361 recte
826 319 1086 361 discribetur
1109 321 1249 374 spatio
1273 321 1489 375 temporis,
1523 321 1637 375 quod
1669 322 1750 363 fuit

237 389 337 429 inde
369 388 423 429 ab
457 401 567 429 anno
600 388 819 430 LXXVIII
847 402 983 441 usque
1014 389 1068 430 ad
1100 389 1297 431 Caesaris
1330 389 1555 431 dictatoris
1587 404 1747 433 necem.

353 457 400 497 In
433 470 518 510 qua
540 456 650 498 duae
673 460 899 511 poetarum
922 457 1104 498 extitere
1127 461 1282 509 sectae,
1316 458 1455 499 altera
1477 459 1749 512 antiquitatis

240 539 401 575 amans,
432 525 570 566 altera
602 529 749 579 spreta
781 525 930 567 eadem
962 539 1097 567 novae
1120 527 1314 568 studiosa
1335 527 1441 568 viae.
1492 527 1555 568 illi
1576 532 1751 582 praeter

239 595 471 646 scaenicos,
502 593 553 636 de
585 594 740 648 quibus
770 595 814 636 in
845 595 928 636 fine
959 595 1085 636 huius
1117 596 1295 650 capituli
1327 600 1491 650 agetur,
1528 596 1675 638 Cicero
1699 610 1749 638 ac

239 663 465 705 Lucretius
511 663 787 705 adscribendi
842 677 920 705 nec
965 664 1105 705 minus
1150 665 1381 718 Egnatius,
1430 665 1503 719 qui
1547 665 1647 706 item
1696 665 1748 706 de

238 747 381 774 rerum
403 735 561 773 natura
581 732 727 784 libros,
751 736 794 774 et
816 732 1058 784 Sallustius,
1091 733 1163 787 qui
1186 734 1474 788 Empedoclea
1497 735 1748 788 composuit,

238 802 337 843 huic
383 801 576 843 Catullus
628 802 869 855 ceterique,
925 816 1105 855 quorum
1158 803 1395 844 carminum
1446 802 1655 856 reliquiae
1706 804 1749 844 in

238 870 477 924 appendice
508 870 766 912 exhibentur
804 870 1003 912 editionis
1036 871 1306 913 Catullianae
1336 885 1371 913 a.
1413 875 1522 913 1870
1556 873 1747 913 emissae.

237 939 403 980 medius
434 939 547 980 inter
578 942 785 992 utrosque
818 939 900 980 fuit
931 940 1081 981 Varro.

353 1008 408 1049 Et
441 1008 589 1049 Cicero
625 1008 797 1061 quidem
835 1022 920 1062 qua
960 1008 1092 1050 fuerit
1125 1008 1247 1050 Ennii
1279 1022 1330 1050 ac
1361 1009 1748 1051 vetustissimorum

237 1078 522 1119 admiratione
553 1076 699 1118 multis
733 1077 927 1119 declarat
957 1077 1074 1119 locis.
1137 1091 1215 1119 nec
1243 1078 1381 1119 minus
1420 1078 1654 1119 honorifice
1696 1079 1747 1120 de

238 1147 374 1188 Ennio
396 1145 604 1187 iudicavit
625 1146 852 1188 Lucretius
874 1147 968 1187 loco
991 1146 1214 1188 notissimo
1247 1147 1296 1202 [I,
1322 1151 1399 1188 117
1424 1148 1547 1203 sqq.].
1600 1149 1747 1202 itaque

236 1218 284 1256 ut
323 1215 438 1256 hunc
478 1215 775 1269 Luciliumque
822 1219 864 1256 et
909 1229 1004 1257 cum
1048 1215 1235 1257 Pacuvio
1277 1216 1452 1258 Accium
1495 1217 1537 1258 in
1579 1217 1747 1258 dicendi

237 1299 391 1339 genere
433 1284 614 1326 multum
656 1284 846 1338 respexit
886 1288 1090 1338 uterque,
1133 1285 1195 1325 ita
1227 1284 1374 1326 Cicero
1413 1285 1456 1326 in
1486 1285 1749 1327 hexametris

238 1354 461 1409 dactylicis
504 1352 648 1404 Ennii,
687 1353 731 1393 in
773 1353 851 1404 eiS,
904 1367 1013 1407 quae
1057 1353 1108 1394 de
1152 1354 1359 1395 scaenicis
1401 1354 1531 1396 vertit
1571 1355 1749 1408 graecis,

236 1423 500 1477 tragicorum
533 1435 640 1475 quos
673 1421 761 1463 dixi
794 1425 966 1463 secutus
1000 1425 1065 1464 est
1095 1422 1331 1475 metricam,
1364 1423 1591 1465 Lucretius
1624 1423 1750 1464 Ennii

236 1491 475 1545 Luciliique
508 1491 563 1532 ad
586 1491 808 1545 exemplar
830 1505 874 1533 se
898 1491 1193 1533 conformavit.
1249 1495 1291 1533 et
1313 1505 1576 1546 quamquam
1597 1496 1750 1535 neuter

235 1561 428 1602 imitatus
471 1564 536 1602 est
575 1563 712 1602 artem
752 1560 888 1611 illam,
930 1574 1060 1614 quam
1100 1561 1282 1602 raritate
1325 1560 1511 1603 elidendi
1550 1561 1751 1616 probavit

237 1630 398 1671 Ennius
430 1630 472 1670 in
503 1629 692 1671 numeris
727 1629 969 1684 dactylicis,
1013 1629 1244 1683 quaedam,
1286 1643 1397 1683 quae
1439 1634 1563 1672 erant
1595 1644 1750 1685 aspera

234 1699 360 1740 nimis
391 1697 747 1752 temporibusque
779 1698 1017 1752 incongrua
1047 1698 1248 1753 propriis,
1279 1698 1347 1740 vel
1377 1712 1461 1740 non
1493 1703 1750 1753 receperunt

235 1768 301 1809 vel
331 1771 508 1822 recepta
539 1768 805 1821 mitigarunt.
866 1768 999 1821 igitur
1043 1767 1287 1809 hexametri
1329 1781 1477 1809 eorum
1509 1768 1615 1810 satis
1651 1771 1750 1809 sunt

237 1837 450 1890 castigati,
484 1836 613 1878 alieni
644 1840 789 1878 tamen
822 1836 875 1878 ab
910 1837 1151 1879 imitatione
1184 1837 1585 1889 Alexandrinorum,
1619 1851 1747 1891 quam

234 1907 277 1946 in
320 1905 476 1947 Catulli
517 1905 710 1947 videmus
752 1906 928 1961 epyllio,
973 1920 1051 1948 nec
1095 1920 1178 1948 non
1226 1905 1281 1947 ab
1330 1920 1380 1948 ea
1420 1905 1661 1948 mobilitate
1707 1909 1750 1947 et

233 1975 457 2026 varietate,
490 1988 619 2028 quam
651 1974 918 2016 admiramur
948 1975 991 2016 in
1028 1975 1230 2029 Vergilio.

349 2043 434 2085 Sed
463 2047 562 2098 post
594 2043 738 2085 Sullae
769 2048 951 2086 mortem
983 2048 1240 2098 augescente
1269 2044 1451 2086 multum
1482 2057 1586 2086 cura
1608 2057 1747 2097 gram-

233 2113 418 2154 maticae
465 2126 515 2154 ac
556 2112 802 2154 rhetoricae
840 2127 1082 2167 magnoque
1125 2113 1291 2165 studio,
1329 2116 1377 2155 ut
1418 2113 1478 2155 ait
1519 2113 1748 2155 Suetonius

233 2182 306 2237 [de
328 2181 436 2223 rhet.
465 2182 524 2236 1],
556 2181 801 2224 hominibus
829 2182 987 2224 iniecto
1018 2183 1216 2236 provenit
1245 2182 1476 2224 multitudo
1507 2185 1746 2236 poetarum,

234 2251 419 2292 maxime
449 2250 662 2303 iuvenum,
694 2254 742 2292 ut
770 2251 813 2292 in
838 2251 1011 2293 civitate
1034 2251 1235 2293 continuo
1258 2251 1382 2293 bellis
1404 2251 1746 2305 tumultibusque

234 2320 456 2373 exagitata
488 2323 531 2361 et
558 2320 753 2361 seiuncta
785 2333 810 2361 a
843 2320 1010 2362 Graeco
1041 2320 1146 2372 otio,
1188 2319 1303 2374 quod
1346 2319 1451 2361 dicit
1482 2319 1641 2362 Cicero.
1705 2323 1748 2361 et

232 2392 324 2429 tum
354 2402 465 2430 nova
495 2391 689 2430 exortast
718 2388 878 2440 schola,
911 2402 1022 2442 quae
1053 2393 1101 2431 ut
1131 2389 1325 2440 materia,
1358 2389 1420 2430 ita
1450 2389 1631 2430 metrica
1652 2392 1746 2431 arte

233 2457 414 2499 multum
447 2460 542 2499 erat
572 2456 742 2499 diversa
773 2457 827 2499 ab
851 2457 1124 2512 antiquitatis
1147 2456 1434 2500 sectatoribus
1456 2471 1587 2512 seque
1610 2457 1746 2512 appli-

234 2525 363 2568 cabat
394 2525 449 2567 ad
481 2539 628 2567 eorum
660 2527 931 2580 potissimum
962 2527 1194 2581 exemplar,
1227 2539 1335 2580 quos
1357 2526 1746 2569 Alexandrinorum

231 2595 401 2636 nomine
444 2594 711 2636 denotamus.
774 2595 826 2637 de
869 2609 956 2649 qua
997 2596 1101 2649 quid
1144 2595 1346 2638 statuerit
1383 2595 1532 2637 Cicero
1576 2598 1748 2638 constat

232 2667 333 2705 noto
365 2663 708 2705 Tusculanarum
751 2665 844 2706 loco
889 2664 980 2718 [III,
1017 2668 1080 2716 19,
1113 2665 1208 2719 45],
1251 2664 1326 2706 ubi
1356 2667 1455 2718 post
1484 2668 1745 2706 memoratos

233 2732 358 2773 Ennii
385 2746 534 2774 versus
565 2732 674 2774 haec
709 2732 852 2774 addit:
895 2747 916 2773 ο
948 2740 1113 2784 poetam
1146 2737 1382 2786 eyreqium!
1422 2748 1662 2785 quamquam
1695 2736 1744 2775 ab

232 2804 294 2842 leis
326 2804 560 2843 cantoribus
592 2804 869 2853 Euphorionis
898 2805 1179 2844 contemnum.
1243 2802 1319 2844 sed
1351 2805 1393 2843 et
1424 2802 1624 2856 Sapphus
1651 2802 1745 2843 imi-

232 2870 438 2911 tationem
485 2872 575 2911 tum
615 2870 800 2924 primum
838 2870 1085 2924 provenisse
1124 2870 1366 2925 exemplum
1408 2871 1534 2912 docet
1575 2871 1743 2912 Catulli⁴

232 2936 446 2992 principia
490 2943 634 2981 autem
680 2939 850 2981 illorum
900 2953 976 2981 cur
1020 2940 1168 2993 priora
1214 2953 1325 2981 anno
1369 2953 1402 2981 c,
1450 2939 1565 2980 LXX
1612 2939 1744 2981 fuisse
