1898 3292
723 274 843 299 LOEER
863 274 1041 305 QVINTVS.
1552 269 1629 307 421

126 377 258 429 siquis
288 376 485 429 probarit
523 391 638 425 eam,
681 376 953 418 manifestum
986 377 1115 418 etiam
1148 377 1239 428 1110,
1283 382 1330 419 ut
1365 378 1489 429 alibi,
1522 379 1630 421 chri-

124 444 288 486 stianos
309 444 364 485 ad
386 444 726 498 antiquissimam
758 444 920 486 redisse
950 445 1208 499 prosodiam.
1261 446 1333 500 qui
1365 446 1479 500 quod
1511 454 1633 489 aulea

126 512 261 567 [Paul.
291 511 383 553 Nol.
413 515 485 563 36,
518 516 620 568 237,
665 512 806 554 Sedul.
840 526 873 554 c.
903 528 941 566 p.
973 513 1008 563 Ι,
1046 517 1123 555 158
1156 513 1232 566 al.;
1275 515 1393 555 Arat.
1427 529 1463 556 a.
1496 519 1631 569 apost.

124 581 154 631 I,
188 583 290 632 762,
322 583 404 622 884
438 581 509 635 al]
553 584 594 622 et
628 587 772 631 postea
803 580 939 636 [Paul.
972 580 1064 622 Nol.
1098 585 1163 633 36,
1197 582 1268 636 97]
1301 595 1510 636 persaepe
1540 597 1632 624 cor-

123 649 293 702 ripuere
332 648 558 700 adverbia,
601 648 811 690 hactenus
854 652 1059 703 poterunt
1086 649 1223 691 videri
1257 651 1475 701 excusati,
1517 650 1631 704 quod

122 731 200 771 pro
242 717 487 758 accusativo
530 716 776 759 habuerunt
815 731 876 760 ea.
942 717 1017 759 sed
1060 717 1172 759 idem
1212 718 1440 760 imminuta
1480 718 1633 761 ultima

122 784 360 827 adhibuere
404 792 548 826 contra
591 785 736 839 [Prud.
768 800 807 839 p.
841 789 890 827 st.
926 791 962 837 5,
998 789 1097 838 1453
1140 787 1296 828 Auson.
1330 786 1385 838 ΙΙ,
1419 789 1468 828 16
1501 787 1632 842 Sch.],

115 859 283 905 frustra
318 852 461 910 [Prud.
495 868 534 907 p.
558 857 608 894 st.
643 858 676 904 1,
703 857 776 906 133
808 855 908 896 Aus.
942 854 1054 900 XXI,
1084 857 1121 905 2,
1147 858 1196 897 15
1228 854 1346 907 Sch.;
1379 854 1577 897 Martiali.
1600 856 1631 907 I,

122 925 188 973 92,
218 921 314 976 21],
354 936 483 973 supra
525 921 626 978 [IuV.
663 921 701 963 h.
735 936 798 963 eu.
831 922 861 973 Ι,
896 926 989 973 717,
1021 921 1095 964 ubi
1126 926 1270 964 tamen
1301 922 1630 981 libri-variant}

236 989 371 1031 Simili
424 994 567 1031 autem
612 990 793 1044 parique
838 990 1012 1032 licentia
1056 990 1259 1032 fruuntur
1303 991 1419 1045 apud
1459 992 1630 1034 eosdem

120 1058 379 1109 numeralia,
421 1058 537 1099 velut
564 1061 733 1110 lrz'ye'nla
774 1058 956 1115 [Iuvenc.
988 1059 1057 1110 IV,
1087 1059 1207 1116 640],
1250 1064 1528 1112 quadragshela
1558 1060 1630 1116 [id.

121 1127 172 1177 11,
208 1126 326 1183 171],
358 1130 578 1178 sexaqe'nta
617 1125 764 1183 [Prisc.
798 1127 849 1168 de
881 1127 1007 1181 pond.
1042 1130 1084 1169 et
1114 1141 1245 1169 mens.
1279 1126 1373 1184 38]‚
1406 1132 1631 1180 nonagsinla,

122 1194 294 1250 [Auson.
329 1194 381 1236 de
412 1198 493 1236 rat.
517 1195 620 1238 dier.
653 1208 689 1236 a.
712 1199 816 1237 vert.
854 1199 898 1247 1,
934 1199 1005 1248 16,
1038 1195 1088 1238 cf.
1113 1199 1155 1237 et
1178 1195 1400 1238 Schenkel.
1423 1210 1491 1250 pg‚
1516 1197 1629 1253 294]

233 1263 426 1317 Denique
458 1263 633 1317 dignum
665 1264 871 1305 memoria
903 1264 1115 1306 ablativos
1160 1265 1325 1318 primae
1365 1278 1494 1319 saepe
1537 1279 1629 1307 cor-

120 1331 203 1385 ripi
250 1331 304 1372 ab
347 1331 517 1373 homine
559 1332 720 1373 saeculi
753 1332 786 1373 V
819 1332 883 1373 vel
923 1333 1067 1386 potius
1100 1333 1155 1374 VI
1194 1332 1472 1387 (Cyprianum
1503 1333 1629 1388 vulgo

118 1399 369 1454 nominant),
402 1400 475 1453 qui
505 1400 636 1442 Mosis
666 1399 798 1441 libros
830 1404 873 1441 et
904 1401 990 1442 alia
1019 1401 1225 1455 pleraque
1257 1414 1308 1442 ex
1330 1404 1474 1443 vetere
1496 1405 1629 1443 testa-

117 1471 259 1510 mento
280 1468 542 1510 hexametris
573 1467 774 1520 reddidit,
808 1469 925 1510 velut
945 1469 1027 1511 hoc
1050 1483 1174 1511 versu
1198 1468 1285 1526 [lib.
1308 1470 1350 1510 in
1374 1483 1512 1524 genes.
1537 1469 1626 1527 44]:

436 1542 601 1577 Adamus
627 1542 762 1576 donata
787 1543 855 1577 sibi
880 1543 1075 1587 prudentia
1101 1543 1239 1578 sollers.

116 1611 229 1652 idem
260 1625 381 1653 error
411 1611 669 1665 aliquotiens
700 1611 914 1653 invenitur
953 1612 996 1653 111
1028 1612 1195 1654 Paulini
1227 1611 1387 1654 Pellaei
1419 1612 1628 1654 Euchari-

116 1680 246 1731 stico,
283 1679 415 1721 veluti
446 1694 482 1720 v.
516 1683 618 1731 197,
649 1683 747 1731 306,
782 1684 845 1731 et,
882 1683 930 1721 ut
960 1684 1084 1722 notat
1114 1680 1311 1731 Vossius,
1355 1681 1398 1721 in
1439 1681 1628 1723 carmine

115 1762 200 1790 11011
229 1748 364 1789 multo
404 1748 646 1801 antiquiore
687 1748 875 1789 auctoris
916 1749 1071 1790 incerti
1111 1748 1317 1790 adversus
1348 1748 1628 1791 Marcionitas

120 1816 188 1873 [cf.
222 1816 274 1857 de
307 1819 400 1857 arte
431 1830 608 1870 gramm.
639 1817 692 1867 ΙΙ,
725 1816 808 1871 39].
869 1816 924 1858 ab
958 1817 1105 1859 eodem
1136 1817 1265 1858 etiam
1294 1821 1476 1870 quartae
1508 1817 1627 1860 abla-

115 1885 247 1927 tivum
279 1884 510 1938 aliquando
542 1885 678 1926 tradit
703 1884 775 1925 ille
800 1884 1052 1927 breviatum.
1080 1912 1137 1916 —
1167 1886 1305 1939 magis
1333 1886 1488 1928 mirum
1511 1886 1625 1940 quod

117 1953 276 2005 Victor,
311 1954 384 2007 qui
416 1954 496 1995 etsi
527 1953 570 1994 in
592 1953 841 2008 prohoemio
866 1954 1059 1996 Alethias
1089 1955 1180 2008 ipse
1213 1958 1391 1996 excusat
1412 1954 1626 2008 quaedam

115 2022 177 2063 rei
210 2022 414 2064 metricae
445 2021 584 2063 minus
617 2021 837 2076 eleganter
865 2025 1078 2074 tractata,
1119 2026 1264 2065 tamen
1307 2026 1355 2064 ut
1395 2023 1626 2077 plurimum

115 2090 220 2132 satis
243 2089 512 2144 elegantibus
544 2089 735 2131 decurrit
766 2091 967 2143 numeris,
1000 2091 1235 2133 ablativum
1267 2092 1310 2133 111
1341 2107 1365 2133 α
1399 2095 1625 2133 exeuntem

116 2159 326 2212 corripuit
348 2157 554 2212 exemplis
587 2172 698 2211 quae
729 2162 828 2200 sunt
858 2162 994 2208 welca,
1019 2163 1173 2210 prima,
1208 2163 1460 2201 disis-effundam
1491 2161 1625 2215 [pree.

118 2230 218 2279 1233
259 2226 388 2268 aleth.
419 2227 497 2278 ΙΙΙ,
539 2230 645 2279 436,
678 2228 791 2281 712]
853 2227 1042 2279 accedit,
1082 2228 1197 2282 quod
1240 2228 1410 2270 facilius
1452 2228 1625 2274 toleres,

115 2310 196 2337 ana
226 2294 477 2337 adverbium
510 2295 559 2350 [Ι,
592 2298 695 2347 387,
726 2296 778 2347 ΙΙ,
810 2296 924 2350 450]

230 2363 365 2405 Porro
395 2363 512 2405 haud
546 2363 759 2405 occultam
791 2364 844 2405 ob
878 2378 1052 2406 causam
1095 2366 1355 2419 composita,
1398 2379 1508 2419 quae
1551 2365 1623 2407 de-

113 2431 323 2473 scendunt
345 2431 398 2473 ab
431 2432 516 2473 illis
545 2446 624 2483 pes
657 2435 700 2474 et
733 2447 832 2483 par,
865 2446 890 2474 a
921 2434 1060 2487 poetis
1093 2433 1339 2476 christianis
1368 2447 1497 2488 saepe
1529 2447 1621 2475 cor-

113 2500 347 2554 ripiuntur,
379 2500 509 2541 veluti
539 2499 594 2541 ab
630 2501 818 2542 Ausonio
850 2501 892 2541 in
924 2515 1049 2543 versu
1080 2501 1161 2543 hoc
1204 2501 1334 2558 [idyll.
1364 2505 1429 2553 11,
1462 2501 1556 2558 54];

318 2577 392 2608 tres
418 2573 556 2618 primus
582 2586 647 2618 par
672 2574 790 2618 impar
814 2575 926 2610 habet
949 2575 1203 2620 mediumque,
1229 2576 1293 2611 sed
1319 2576 1398 2620 ipse

117 2640 160 2679 et
189 2650 319 2691 porro
353 2636 425 2693 [ib.
460 2636 552 2693 39];

318 2711 379 2755 qui
404 2711 508 2755 bipes
535 2714 572 2745 et
597 2711 805 2756 quadrupes
832 2714 927 2747 soret
956 2716 993 2747 et
1020 2714 1144 2757 tripes,
1172 2713 1294 2747 omnia
1316 2712 1423 2747 solus.

113 2773 226 2815 idem
257 2773 361 2815 alibi
395 2772 533 2830 [epist.
567 2776 633 2824 21,
661 2773 754 2830 40]:

317 2847 503 2891 spondeus
531 2847 583 2880 illi
607 2848 764 2892 lentipes
790 2849 868 2882 ibat
895 2860 1029 2883 comes.

113 2919 155 2956 et
199 2915 353 2956 asserit
390 2915 556 2956 Probus
593 2929 643 2956 ex
686 2915 759 2957 illo
798 2916 911 2969 quod
955 2920 1020 2958 est
1057 2931 1133 2967 pes
1172 2917 1360 2969 figurata
1403 2917 1621 2970 corripere

112 2983 306 3025 ultimam
351 2982 511 3040 [1470].
571 2987 723 3026 contra
764 2998 834 3026 σον
872 2998 967 3026 cum
1008 2984 1125 3026 haud
1165 2983 1294 3027 dubie
1338 2984 1555 3027 brevietur
1595 2999 1621 3027 a
