1898 3292
727 254 847 279 LIBER
866 255 1056 286 QVARTVS.
1562 248 1607 286 31
1619 250 1641 286 ,Q

137 358 185 397 ut
225 356 311 397 alia
351 369 486 409 aeque
528 355 668 397 futilia
710 356 921 403 omittam,
969 356 1140 410 quidam
1181 357 1377 399 Caesaris
1411 359 1642 412 Augustive

138 425 413 477 assignarunt
444 424 734 477 temporibus,
780 425 934 466 vixisse
969 426 1097 466 tertio
1130 431 1337 478 quartove
1368 432 1465 479 post
1498 428 1570 468 Ch.
1605 443 1641 468 n.

138 493 330 539 saeculo,
375 507 470 534 oum
507 490 573 533 bis
616 492 800 533 iainbice
832 492 1079 534 adhibuerit
1111 493 1302 534 voculam
1344 498 1410 534 cui
1452 495 1644 536 versibus

137 560 278 601 hisce:

341 617 401 651 ille
427 617 485 651 cui
511 617 624 651 ternis
651 617 834 661 Capitolia
859 617 957 651 celsa
981 617 1176 662 triumphis

341 677 474 718 sponte
501 674 609 707 deum
634 677 797 718 patuere⁷
825 674 883 707 cui
909 674 1003 708 freta
1027 674 1124 708 nulla
1152 678 1320 719 repostos

342 731 567 765 abscondere
593 731 702 773 sinus,
729 742 800 764 non
828 734 928 765 tutae
953 732 1144 766 moenibus
1170 734 1290 767 urbes.

138 804 326 840 ceterum
357 801 463 840 mire
497 799 605 840 (lixit
636 799 940 848 Terentianus,
982 799 1082 840 (lum
1114 800 1269 841 Catulli
1305 802 1465 854 primos
1495 816 1642 843 versus

141 872 316 909 enarrat
346 868 438 921 ipse
469 872 606 908 metro
638 867 862 920 phalaecio
897 867 1065 924 [2:307]:

342 947 533 992 spondoon
559 944 635 981 ‘cui
662 944 734 990 (10⁵,
760 946 963 981 trochaeon
988 944 1086 981 ‘ari’.

138 1029 268 1069 porro
302 1015 357 1057 ab
390 1015 673 1069 ambiguitate
706 1016 852 1068 stirpis
883 1016 1034 1065 evenit,
1066 1029 1144 1069 pro
1177 1029 1225 1057 eo
1260 1017 1373 1069 quod
1407 1022 1471 1058 est
1502 1022 1567 1058 cui
1598 1022 1645 1059 ut

139 1084 367 1125 efferretur
395 1087 476 1135 qui,
509 1084 623 1137 quod
654 1083 770 1124 haud
801 1083 950 1124 timide
983 1083 1158 1125 elisione
1188 1084 1523 1126 imminueretur.
1584 1087 1645 1127 ita

137 1153 271 1194 habes
316 1153 357 1193 in
398 1153 620 1193 sententiis
651 1152 825 1193 Publilii
863 1152 956 1206 Syri
992 1150 1106 1208 [112]
1151 1156 1219 1203 qm?
1250 1153 1359 1206 (cdd.
1394 1157 1477 1206 cui)
1511 1169 1645 1196 omnes

138 1224 393 1269 benedicunt,
429 1224 616 1271 possidet
648 1223 794 1270 populi
836 1223 939 1261 bona
980 1225 1021 1260 et
1063 1221 1177 1274 apud
1211 1221 1491 1264 Octavianum
1528 1223 1641 1280 [185]

137 1293 352 1341 sanquinis
394 1296 431 1330 et
473 1292 578 1330 vitae
622 1292 801 1338 sorellum
853 1292 921 1339 qui
970 1292 1173 1341 eoellnquit
1217 1294 1420 1332 honorem.
1492 1296 1639 1333 contra

138 1357 358 1411 popularis
396 1361 550 1411 poetae
582 1357 623 1397 in
655 1356 861 1407 versibus,
902 1357 975 1410 qui
1018 1361 1167 1399 extant
1210 1358 1323 1412 apud
1356 1359 1642 1412 Capitolinum

137 1426 181 1466 in
216 1426 304 1466 vita
335 1425 465 1479 Opilii
497 1425 677 1466 Macrini
711 1424 760 1481 [0.
795 1424 887 1481 11],
927 1426 1011 1467 iam
1053 1426 1220 1476 dubito,
1264 1428 1372 1468 sitne
1404 1428 1644 1481 legendum,

138 1493 253 1547 quod
284 1493 384 1535 olim
414 1493 617 1547 probavi:

343 1579 427 1602 nam
451 1567 533 1612 pius
559 1571 597 1602 et
621 1568 708 1602 felix
734 1570 881 1612 poterat
907 1568 979 1602 dici
1005 1571 1115 1612 atque
1140 1568 1265 1603 videri.

343 1625 405 1669 qui
430 1625 625 1669 imperium
650 1625 777 1659 infelix
803 1628 868 1667 est,
893 1626 964 1659 erit
991 1626 1051 1660 ille
1078 1626 1157 1669 sibi,

138 1702 192 1729 an
223 1687 338 1741 quod
368 1687 600 1728 traditione
631 1686 828 1729 firmatur
858 1689 1048 1741 potiore:

343 1772 426 1795 nam
450 1761 531 1805 pius
556 1763 593 1795 et
618 1760 704 1794 felix
729 1763 877 1805 poterat
904 1761 1049 1806 dicique
1074 1763 1274 1807 viderique.

341 1818 537 1862 imperium
562 1818 689 1852 infelix
715 1821 780 1861 est,
807 1819 878 1852 erit
901 1819 962 1852 ille
988 1819 1067 1853 sibi.

138 1881 212 1923 sed
243 1881 430 1922 omnium
461 1881 645 1922 maxime
677 1881 885 1932 mirabile,
924 1882 1039 1935 quod
1067 1883 1349 1925 Terentianus
1380 1888 1422 1926 et
1452 1885 1641 1926 Pruden-

136 1950 222 1991 tius
252 1949 450 1991 videntur
489 1949 533 1990 in
573 1949 867 2004 monosyllabo
904 1954 970 1991 cui
1002 1951 1261 2005 corripuisse
1292 1956 1316 1992 i.
1378 1956 1494 1994 certe
1525 1954 1641 2006 apud

136 2017 256 2059 illum
284 2018 422 2059 fertur
453 2016 593 2074 [287]:

343 2091 494 2136 singulis
520 2091 681 2125 discreta
706 2094 807 2126 recte
833 2103 925 2135 quae
951 2092 1120 2137 cuiquest
1144 2094 1336 2138 nativitas3

137 2154 212 2196 ubi
238 2158 383 2196 tamen
413 2154 547 2195 Aldus
580 2168 684 2205 quae
709 2158 775 2196 cui
806 2162 887 2204 est;
918 2155 1034 2210 apud
1065 2156 1178 2198 hunc
1207 2157 1338 2212 [cath.
1373 2162 1409 2208 3,
1446 2158 1566 2215 167]:

342 2223 519 2266 sanguine
544 2225 650 2267 pasta
675 2223 733 2257 oui
759 2223 858 2257 cedit
883 2224 968 2258 avis.

139 2282 329 2321 ceterum
350 2279 405 2321 ad
428 2279 750 2321 similitudinem
771 2280 1163 2336 monosyllaborum
1195 2285 1262 2324 cui
1295 2286 1337 2324 et
1358 2286 1453 2324 huic
1485 2283 1643 2326 dixisse

138 2347 334 2389 existimo
377 2347 587 2389 Lucilium
630 2346 691 2389 ‘in
734 2355 847 2390 terra
882 2353 968 2400 fuit
1010 2347 1239 2402 lzccz'fzcyus'
1287 2354 1329 2392 et
1373 2350 1643 2402 ‘compernem

137 2422 209 2456 aut
251 2428 391 2457 varam
434 2419 570 2467 fuisse
617 2420 916 2469 Amphitryonis
962 2415 1133 2461 ἄκοιτιν
1149 2418 1171 2458 ⁷.
1242 2432 1370 2472 porro
1422 2420 1533 2461 sicut
1579 2424 1643 2469 eii,

138 2483 348 2537 scripsere
385 2483 459 2524 alii
491 2488 595 2533 cuii,
641 2498 727 2537 qua
768 2484 907 2526 forma
947 2485 1217 2539 probabilest
1258 2501 1382 2528 usum
1408 2488 1642 2529 Ausonium

138 2554 181 2593 et
220 2550 499 2592 Pruclentium
545 2552 605 2592 sic
654 2550 783 2608 [idyll.
819 2557 882 2604 10,
916 2557 1018 2605 3123
1060 2553 1172 2594 ham.
1207 2553 1301 2610 104]
1354 2553 1642 2605 ‘Dinochm—es,

138 2623 297 2669 quadro
335 2622 416 2660 cuii
452 2622 493 2660 in
528 2623 704 2671 fasliyia
741 2618 882 2669 00n0’;
923 2618 1170 2673 ‘adse'ynare
1207 2626 1303 2663 deos
1339 2626 1537 2673 proprios
1568 2638 1643 2665 sua

136 2690 298 2738 cuiique
327 2684 461 2728 ίαν-α’.

253 2754 486 2805 Quaeritur
526 2754 624 2805 iam,
668 2769 854 2808 quanam
895 2756 1061 2798 ratione
1099 2758 1353 2811 pronomina
1385 2761 1484 2807 eim,
1516 2761 1642 2809 cuius,

138 2824 256 2863 huius
288 2822 510 2863 trochaica
542 2836 742 2864 mensura
774 2823 945 2865 abiecta
965 2823 1072 2866 fiant
1090 2839 1214 2867 voees
1237 2829 1313 2866 aut
1332 2825 1642 2880 pyrrichiaoae‚

136 2889 253 2930 velut
282 2889 364 2931 hoc
394 2889 583 2931 Terentii
614 2904 738 2931 versu
774 2889 883 2947 [eun.
917 2890 1041 2946 980]:

344 2957 522 3001 quidquid
547 2958 652 2991 huius
679 2959 862 3002 factumst,
886 2961 994 3004 eulpa
1021 2972 1091 2993 non
1119 2962 1292 2994 factumst
1316 2972 1406 3005 mea,
