1898 3292
795 171 910 195 LIBER
933 172 972 201 ox
987 171 1120 195 ARTvs.
1628 162 1707 200 347

205 276 349 323 optime
385 271 551 318 D(wid',·
595 272 702 313 ‘sese
733 277 865 313 inlidis
897 282 1016 323 alque
1039 269 1246 324 sbralas’;
1280 276 1434 325 quater
1461 272 1636 314 Ovidius
1666 273 1709 314 in

205 340 670 383 'I'ransformationibus
715 341 821 395 [XV,
855 344 959 391 8143
993 341 1090 390 XII,
1124 344 1228 392 2413
1262 340 1381 391 XIII,
1416 345 1490 393 973
1522 341 1572 382 II.
1610 341 1706 395 107]

197 408 298 461 ‘lessi
341 413 427 460 ipse
456 413 668 460 animoque
711 407 886 457 notaris:
938 408 1036 450 emm
1073 423 1142 450 ore
1174 423 1302 457 arma,
1334 423 1449 450 arma
1480 407 1709 454 locemtur':

197 476 338 529 ‘alque
367 481 475 519 Aiax
514 466 652 526 armis,
692 491 770 519 non
801 481 917 518 Aiaci
959 492 1074 518 arma
1108 475 1352 528 petulum-ss·
1404 476 1575 519 ‘aureus
1618 482 1710 519 aris

204 554 317 595 erat,
359 553 458 587 temo
498 560 673 593 aureus,
714 559 844 586 aurea
884 543 1099 587 summae’.
1163 546 1333 599 saepius
1376 560 1401 587 a
1442 546 1628 599 Vergilio
1668 549 1711 586 et

204 615 379 656 asseclis
410 614 537 655 huius
570 628 620 655 ea
652 613 721 655 lex
754 614 980 663 desertast,
1014 613 1088 655 sed
1120 614 1288 655 ratione
1320 614 1409 656 fere
1442 614 1603 656 eadem.

317 683 549 724 Praeterea
581 696 692 736 quae
720 682 846 723 modo
879 682 931 723 de
972 681 1169 723 iambicis
1210 683 1466 737 creticisque
1499 696 1550 724 ac
1584 697 1708 735 spon-

203 752 337 794 diacis
358 751 501 793 verbis
532 751 832 792 imminuendis
865 751 1152 805 exposuimus,
1188 751 1318 792 etiam
1350 751 1622 805 aliquatenus
1654 749 1708 791 ad

201 821 474 875 pyrrichiaoa
506 823 548 861 et
587 819 800 874 dactylica
840 833 891 860 ac
933 819 1175 870 trochaica,
1225 834 1334 873 quae
1380 820 1424 860 in
1465 834 1501 860 m
1541 822 1709 869 exeunt,

201 890 418 944 pertinere
449 889 561 930 idem
592 888 803 929 intellexit
836 888 1084 929 Froehdius.
1146 889 1278 941 igitur
1321 888 1534 942 dactylica
1565 887 1710 941 qualia

203 961 301 999 sunt
340 962 534 1005 arduum,
579 960 765 1005 militum,
808 961 1028 1007 plurimum
1071 957 1307 998 timuerunt
1347 971 1443 997 cum
1489 955 1709 997 vocalibus

202 1026 468 1067 committere
500 1025 711 1076 Tibullus,
746 1026 959 1076 Grattius,
993 1024 1244 1075 Columella,
1276 1025 1490 1066 Homerus
1518 1024 1709 1074 Latinus,

201 1094 433 1148 scriptores
467 1095 629 1135 Aetnae
663 1097 705 1135 et
736 1093 867 1135 Nucis
900 1098 942 1135 et
974 1094 1208 1147 elegiarum
1241 1094 1292 1134 de
1325 1093 1593 1143 Maecenate,
1634 1107 1707 1133 au-

202 1167 340 1204 ctores
372 1162 670 1216 Priapeornm,
704 1162 867 1203 Seneca
898 1162 941 1202 in
974 1162 1171 1213 choricis,
1206 1162 1478 1216 Calpurnius,
1506 1161 1710 1203 laudator

200 1231 379 1281 Pisonis,
411 1231 649 1281 Petronius,
683 1230 883 1284 Sulpicia,
917 1231 1211 1279 Nemesianus,
1245 1231 1552 1281 Sammonicus,
1583 1230 1707 1271 Clau-

200 1300 374 1349 dianus,
427 1298 737 1349 Merobaudes,
790 1299 1030 1350 Palladius,
1078 1299 1382 1350 Namatianus,
1434 1299 1707 1347 Tiberianus,

199 1372 397 1410 auctores
439 1367 632 1408 laudium
674 1367 873 1409 Herculis
915 1372 957 1409 et
996 1368 1210 1422 pervigilii
1253 1368 1447 1419 Veneris,
1488 1367 1707 1417 Boethius,

198 1437 398 1487 Avianus,
432 1436 684 1487 Martianus,
718 1438 886 1487 Arator,
920 1437 1148 1490 Eugenius,
1181 1437 1454 1488 Octavianus,
1486 1436 1570 1478 alii.
1632 1435 1706 1477 ad-

199 1519 334 1560 eoque
376 1505 430 1547 ab
462 1505 644 1558 Augusti
687 1509 803 1547 certe
843 1509 987 1547 aetate
1028 1505 1094 1547 vel
1137 1505 1383 1547 durioribus
1422 1506 1488 1547 usi
1523 1504 1708 1546 modulis

197 1575 416 1616 rarissime
460 1574 725 1615 admiserunt
771 1575 1011 1625 elisionem,
1062 1574 1113 1616 de
1156 1588 1242 1628 qua
1284 1575 1448 1628 agitur,
1500 1587 1579 1615 nec
1617 1573 1706 1614 fere

198 1646 321 1684 extra
349 1643 535 1697 primum
566 1642 631 1684 vel
663 1643 859 1696 quintum
891 1643 1055 1697 pedem.
1106 1644 1254 1696 itaque
1286 1647 1352 1684 ter
1382 1642 1574 1684 eademst
1604 1656 1706 1683 usus

197 1711 389 1753 Catullus
411 1711 453 1752 in
475 1711 737 1752 hexametris
761 1712 972 1753 continuis
1004 1713 1089 1766 [64,
1114 1715 1213 1763 2113
1238 1715 1341 1762 359,
1365 1712 1465 1765 366]
1497 1709 1705 1761 ‘sospitem

196 1778 507 1828 Erechthewn';
543 1778 776 1831 ‘corporum
804 1778 1002 1829 acet·z³e's⁷,·
1030 1779 1205 1832 ‘copiam
1224 1778 1424 1829 Achivis,
1446 1780 1512 1821 bis
1530 1779 1705 1820 Ovidius

196 1849 296 1904 [am.
328 1848 400 1899 III,
434 1851 471 1899 6,
497 1852 597 1900 1013
629 1849 820 1899 met.V1,
845 1850 945 1903 524]
989 1848 1211 1900 ‘flaminica
1245 1846 1445 1897 macres}
1487 1846 1703 1899 ‘ve'rye‘nem

197 1924 235 1958 et
264 1914 425 1966 unam',
457 1916 523 1958 bis
554 1917 767 1958 Iuvenalis
800 1918 856 1972 [6,
891 1921 991 1969 1513
1027 1921 1090 1968 14,
1115 1918 1186 1972 73]
1230 1916 1485 1968 ‘wandalum
1517 1919 1557 1957 in
1589 1913 1705 1963 leoc';

189 1984 422 2036 ‘plurimum
445 1982 588 2034 ense'm',
619 1986 749 2026 semel
766 1986 965 2027 Lucanus
988 1987 1036 2041 [L
1061 1987 1162 2041 231]
1204 1985 1458 2033 ‘At-intimam,
1484 1992 1525 2025 ul
1547 1981 1702 2036 ἕρκε’.

196 2057 242 2095 at
281 2052 392 2094 male
433 2053 577 2104 habet,
623 2054 737 2107 quod
779 2054 893 2108 apud
926 2055 1111 2096 Statium
1153 2055 1292 2096 fertur
1335 2053 1469 2109 [theb.
1502 2053 1571 2104 IV,
1601 2053 1703 2107 464]

200 2125 411 2172 praelibat
439 2126 680 2174 sanquinem
708 2130 745 2163 el
777 2121 950 2172 omnes’,
994 2137 1089 2165 cum
1129 2127 1246 2165 recte
1286 2123 1488 2164 tradatur
1518 2135 1703 2173 sanyuen

195 2190 307 2232 libro
340 2190 509 2231 Barthii
541 2191 703 2244 optimo
736 2195 866 2244 atque
897 2192 999 2233 item
1032 2192 1178 2234 codice
1212 2192 1443 2233 Puteaneo.
1498 2205 1597 2231 nam
1628 2204 1706 2230 nec

195 2259 300 2300 alibi
343 2259 459 2313 apud
502 2260 688 2301 Statium
732 2260 921 2301 eiusdem
965 2261 1194 2314 pravitatis
1239 2260 1436 2315 exempla
1480 2272 1707 2301 occurrere

197 2327 386 2368 memini.
448 2331 494 2368 at
537 2328 580 2368 in
620 2329 902 2383 pyrrichiacis
944 2329 1151 2371 elidendis
1189 2343 1268 2383 pro
1314 2329 1563 2371 diversitate
1610 2341 1707 2368 con-

197 2395 415 2437 dicionum
452 2397 559 2437 varii
604 2397 798 2450 optinent
832 2397 1006 2438 moduli.
1067 2411 1166 2439 nam
1210 2397 1451 2452 particulae
1494 2395 1706 2438 infiexibi-

193 2463 255 2505 les
295 2478 391 2505 cum
431 2464 610 2506 liberius
651 2465 913 2516 habeantur,
958 2466 1131 2507 nomina
1174 2470 1216 2507 et
1247 2466 1379 2508 verba
1409 2480 1494 2507 non
1524 2463 1702 2520 perinde

195 2531 491 2573 sustinuerunt
517 2533 769 2574 imminuere
791 2534 833 2574 in
856 2533 976 2575 brevi
999 2534 1301 2588 qualicumque
1324 2535 1389 2576 vel
1411 2539 1540 2576 acuta
1561 2534 1700 2585 longa.

196 2613 329 2653 quare
366 2600 480 2653 quod
510 2601 553 2641 in
585 2601 722 2654 primo
757 2602 851 2643 loco
874 2602 940 2643 vel
972 2603 1121 2656 quinto
1154 2603 1269 2657 apud
1291 2603 1519 2644 Horatium
1544 2603 1702 2656 legitur

194 2669 243 2722 [s.
275 2668 328 2718 II,
352 2671 388 2719 3,
412 2671 514 2720 2663
548 2673 584 2719 6,
607 2670 678 2723 47]
724 2668 818 2711 ‘nec
848 2675 1003 2711 modum
1036 2669 1194 2720 habest,
1240 2670 1300 2712 ‘e'n
1334 2675 1434 2713 diem
1465 2678 1503 2711 et
1533 2668 1695 2711 horam’

195 2739 237 2776 et
277 2736 392 2789 apud
419 2735 634 2778 Nasonem
679 2739 778 2792 [am.
811 2739 862 2789 II,
899 2742 961 2789 13,
994 2739 1065 2792 24]
1119 2737 1226 2789 ‘lpse
1258 2744 1397 2790 feram
1438 2747 1532 2780 ante
1571 2737 1698 2788 ἵμας’,

193 2817 277 2845 non
314 2804 440 2846 facile
482 2805 597 2859 apud
629 2805 907 2848 classicorum
938 2808 1212 2860 insequentes
1246 2808 1515 2860 reperientur
1545 2807 1700 2848 similia

191 2873 237 2913 in
257 2872 533 2916 hexametris.
588 2875 724 2928 magis
748 2875 982 2918 admittunt
1001 2875 1255 2930 logaoedica
1276 2879 1415 2917 metra
1437 2879 1479 2917 et
1499 2875 1697 2927 iambica,
