1898 3292
736 209 855 234 LIBER
877 208 1069 238 QVARTVS.
1476 184 1483 191 ⁸
1577 198 1651 235 361

358 325 465 358 quem
493 324 561 346 non
588 312 748 345 incusavi
776 323 899 344 auwns
925 310 1184 353 honiinunnlue
1211 308 1461 352 deorumque?

633 373 751 403 totum
777 369 833 401 cni
862 367 1064 401 comminus
1089 378 1211 400 ensem

358 427 524 461 condidit
549 426 760 472 adsurgenti
786 428 823 459 ct
846 425 960 458 inulta
984 428 1103 458 morte
1128 424 1280 468 recepit.

356 485 416 517 vix
442 484 531 517 haec
559 483 734 524 ediderat,
761 494 843 516 cum
870 481 991 515 effusis
1016 482 1194 515 imbribus
1221 484 1299 514 atra

358 544 557 585 tempestas
583 540 661 573 sine
688 551 788 573 inore
816 539 912 572 furit.

153 625 229 651 nec
260 609 489 650 iniucunde
522 609 709 650 admissa
740 608 1009 662 synhaercsis
1054 606 1202 647 cadem
1245 605 1404 647 talibus
1447 607 1556 659 [aen.
1592 605 1659 655 YI,

153 681 254 731 (3523
284 678 355 728 IX,
389 679 513 732 229]:

562 738 660 768 stant
685 736 805 768 terrac
830 733 971 767 defixae
996 732 1131 766 hastae.

561 793 660 824 stant
684 791 802 834 longis
829 790 951 824 adnixi
976 790 1101 823 hastis.

152 875 285 914 quare
328 863 527 901 auctores
572 859 766 912 plerique
810 859 894 899 ista
940 862 1015 899 aut
1062 871 1293 910 numquam
1340 857 1402 897 usi
1445 860 1544 897 sunt
1586 859 1660 896 aut

151 943 340 982 perraro.
403 932 445 968 et
488 928 658 968 omnino
698 927 944 967 abstinuere
986 941 1011 966 a
1052 926 1181 979 longa
1227 925 1426 983 elidenda
1465 924 1659 965 Tibullus

151 1011 245 1037 cum
279 997 383 1046 suis,
426 996 691 1049 Propertius,
737 996 929 1045 Ovidius,
969 995 1182 1038 Grattius.
1226 994 1436 1034 Homerus
1469 993 1659 1043 Latinus,

152 1064 406 1114 Columella,
455 1065 667 1113 Lucanus,
717 1064 932 1113 Manilius,
979 1064 1164 1117 scriptor
1207 1065 1388 1112 Aetnae,
1433 1061 1657 1111 Martialis,

151 1133 465 1181 Sammonicus,
492 1133 770 1181 Claudianus,
803 1137 1001 1173 auctores
1031 1133 1329 1186 Priapeorum,
1361 1130 1657 1179 Terentianus,

151 1201 366 1251 Sedulhrs,
400 1204 572 1251 Arator,
606 1201 908 1251 Maximianus,
953 1201 1036 1241 alii.
1098 1200 1246 1241 similis
1288 1199 1473 1253 optinuit
1516 1198 1660 1239 obser-

150 1270 295 1310 vantia
317 1270 358 1310 in
382 1270 571 1311 secunda
601 1270 711 1311 thesi
743 1270 982 1311 hexametri
1014 1269 1326 1323 pentametrive
1369 1294 1395 1297 a
1426 1281 1523 1307 nam
1548 1266 1661 1307 hunc

150 1339 295 1379 statim
327 1338 439 1379 addo
483 1364 529 1367 --
572 1339 752 1379 remissa
789 1338 981 1379 nonnihil
1012 1338 1253 1379 severitate.
1316 1337 1390 1378 sed
1421 1350 1473 1377 ne
1505 1336 1545 1375 in
1579 1335 1660 1375 hac

151 1407 320 1460 quidem
363 1407 513 1459 longas
552 1407 711 1447 elidere
742 1408 1038 1447 sustinuerunt
1070 1406 1245 1447 Ovidius
1277 1409 1400 1447 extra
1430 1404 1660 1445 Metamor-

150 1475 327 1528 pheses,
375 1475 637 1530 Lygdamus,
685 1475 906 1521 Manilius,
953 1475 1165 1516 Homerus
1205 1475 1405 1522 Latinus,
1450 1473 1660 1521 Lucanus,

151 1544 397 1594 Columella,
430 1543 668 1594 Petronius,
699 1543 921 1589 Martialis,
946 1544 1254 1594 Sammonicus,
1287 1542 1520 1596 scriptores
1542 1540 1661 1581 Pria-

153 1626 346 1665 peorum,
379 1612 594 1662 Sedulius,
628 1615 801 1657 Arator,
837 1612 1132 1653 Maximianus.
1194 1616 1293 1653 sunt
1333 1611 1405 1664 qui
1443 1609 1661 1651 rarissime

150 1684 329 1722 utantur
371 1681 551 1734 synizesi
597 1680 756 1721 eadem.
830 1680 960 1721 semel
1001 1680 1195 1722 Tibullus
1235 1680 1284 1735 [L
1322 1683 1358 1729 2,
1389 1679 1485 1733 58],
1532 1677 1662 1718 semel

152 1749 347 1789 Grattius
389 1749 451 1803 [4]
489 1762 567 1789 nec
610 1750 781 1803 saepius
823 1748 1082 1790 Claudianus
1125 1750 1181 1803 [5.
1209 1749 1334 1802 215]‚
1380 1750 1533 1800 quater
1564 1745 1660 1787 ovi-

151 1817 246 1858 dius
287 1818 329 1857 in
373 1818 561 1858 carmine
596 1818 715 1871 epico
757 1818 823 1872 [V,
855 1822 932 1868 5³43
964 1821 1068 1868 2593
1101 1817 1189 1858 XV.
1224 1820 1323 1868 5283
1358 1815 1469 1871 776}
1533 1828 1661 1868 porro

152 1900 413 1939 quamquam
457 1885 623 1926 mediae
666 1885 856 1939 syllabae
889 1886 1106 1926 elisionem
1136 1899 1219 1926 nou
1252 1884 1399 1926 eadem
1433 1883 1662 1926 severitate

151 1958 385 1995 arcuerunt
407 1954 460 1995 ab
481 1954 574 1995 istis
596 1967 744 1995 versus
775 1954 985 2007 partibus,
1016 1958 1160 1994 tamen
1194 1967 1277 2006 quo
1310 1954 1405 2006 quis
1434 1952 1660 2005 longarum

151 2022 359 2077 synizesin
397 2023 640 2063 accuratius
683 2022 736 2063 ab
780 2023 940 2063 eisdem
985 2023 1212 2069 abstinuit,
1256 2035 1305 2063 eo
1348 2019 1662 2073 infrequentius

150 2090 193 2131 in
224 2105 260 2131 m
289 2094 495 2132 exeuntes
527 2090 701 2131 sedibus
735 2090 819 2131 illis
857 2095 955 2131 sunt
985 2090 1247 2131 imminutae.
1310 2094 1499 2131 ceterum
1531 2101 1662 2141 quae-

152 2173 333 2212 cumque
374 2159 417 2199 in
458 2159 577 2200 tertii
619 2173 669 2200 ac
712 2159 886 2200 secundi
928 2159 1049 2212 pedis
1081 2159 1194 2200 thesi
1226 2158 1481 2200 observatur
1512 2170 1662 2197 norma

151 2226 387 2277 elisionum,
421 2240 471 2268 ea
493 2241 593 2268 vero
616 2228 744 2268 etiam
776 2228 964 2280 pertinet
995 2227 1050 2268 ad
1081 2228 1209 2281 primi
1242 2231 1284 2268 et
1315 2227 1472 2280 quarti,
1504 2226 1539 2267 si
1566 2239 1660 2266 cum

151 2295 509 2349 hephthemimeri
551 2295 874 2337 trithemimeris
913 2297 1087 2350 optinet.
1150 2296 1265 2349 quod
1302 2296 1336 2336 si
1368 2300 1513 2336 tamen
1547 2293 1663 2347 apud

152 2378 283 2404 unum
314 2364 548 2405 alterumve
578 2368 798 2405 auctorem
830 2364 1144 2418 aliquantulum
1173 2365 1386 2406 omittitur
1408 2362 1662 2412 severitatis,

151 2431 195 2472 id
216 2431 331 2473 venit
353 2446 448 2473 cum
483 2446 509 2473 a
538 2432 741 2473 libertate
776 2447 839 2484 ea,
871 2447 956 2486 qua
985 2433 1160 2486 proprie
1191 2432 1394 2474 fruuntur
1422 2431 1553 2486 pedes
1589 2432 1664 2479 illi,

152 2503 243 2540 tum
281 2514 306 2541 a
346 2500 510 2541 relicua
538 2500 793 2541 incisionum
819 2502 997 2542 istarum
1031 2501 1272 2542 severitate.
1334 2501 1409 2542 secl
1445 2500 1555 2541 enim
1588 2500 1662 2540 ad-

153 2569 282 2609 missa
327 2572 425 2622 post
470 2572 670 2621 quartam
717 2569 832 2609 arsin
878 2573 920 2610 et
966 2583 1115 2610 sensus
1160 2569 1439 2610 interstitium
1485 2569 1661 2609 elisione

152 2636 317 2689 longae,
349 2637 384 2677 si
405 2637 569 2689 pariter
597 2641 696 2690 post
716 2639 890 2678 tertiam
911 2638 1087 2678 finiatur
1108 2637 1299 2687 verbum,
1330 2637 1481 2678 melius
1512 2637 1661 2689 utique

154 2708 369 2745 statuetur
401 2705 595 2758 optinere
627 2705 791 2745 virilem
824 2706 1195 2759 semiquinariam,
1226 2710 1271 2746 at
1300 2719 1404 2755 non,
1446 2706 1479 2745 si
1513 2704 1662 2745 eadem

154 2772 233 2813 sub
276 2772 524 2813 condicione
563 2776 662 2825 post
702 2774 876 2814 tertium
921 2774 1195 2824 trochaeum,
1242 2774 1436 2827 optinere
1482 2772 1661 2814 eandem

154 2840 417 2881 muliebrem.
467 2841 552 2881 iam
589 2840 640 2881 de
673 2841 847 2882 elisione
878 2842 921 2882 in
950 2856 1131 2883 caesura
1156 2842 1273 2883 tertii
1305 2845 1347 2882 et
1375 2841 1518 2894 quarti
1540 2840 1661 2894 pedis

155 2908 342 2951 admissa
383 2908 492 2950 haec
536 2909 816 2951 enotabimus.
886 2910 959 2968 qui
1001 2924 1129 2968 saepe
1168 2910 1213 2950 in
1253 2910 1401 2963 quinto
1445 2909 1662 2963 semipede
