1898 3292
276 215 358 252 214
874 222 993 245 LIBER
1012 221 1185 246 TERTIVS.

276 325 349 378 qui
381 328 625 365 assererent
656 323 873 364 Theocriti
916 324 1117 377 operibus
1160 327 1228 365 ter
1259 327 1465 377 quaterve
1496 338 1579 364 non
1612 324 1784 377 saepius

276 407 370 434 eam
414 406 506 434 esse
548 392 712 433 laesam
753 392 878 447 [Mar.
911 392 1021 434 Vict.
1055 393 1198 447 2563]
1264 392 1415 433 eadem
1454 392 1571 433 haud
1612 392 1785 445 ingrata

275 461 427 502 Nonno
459 465 502 502 et
533 462 666 502 aetati
697 461 886 502 ultimae.

390 531 446 571 At
476 530 528 571 de
560 530 766 571 trochaeo
796 533 952 582 quarto
983 529 1100 570 hisce
1125 528 1265 570 verbis
1288 528 1492 570 disseruit
1513 529 1785 570 Hermannus

277 598 348 654 [de
371 603 452 640 aet.
471 598 603 652 Orph.
622 599 722 653 692]
765 597 826 639 ‘in
858 612 1008 649 maqna
1039 601 1109 638 illa
1132 611 1399 638 caesurarum
1422 601 1633 647 varietate,
1668 612 1785 648 {licam

274 670 396 708 habet
424 681 566 708 versus
596 670 798 715 heroicus,
840 680 924 707 una
965 670 1197 717 praecipue
1234 669 1376 706 incisio
1417 673 1493 714 est,
1535 680 1656 717 quae,
1690 670 1786 717 quia

276 739 351 776 vim
382 742 422 777 et
451 739 578 777 robur
608 749 866 776 numerorum
907 738 1107 783 debilitat,
1148 749 1172 775 α
1203 737 1433 775 melioribus
1470 738 1603 785 poetis
1639 738 1783 785 impro-

275 806 420 846 batast.
482 818 569 845 eam
604 807 693 845 dico
726 817 830 854 quae
862 806 983 845 habet
1015 807 1248 844 trochaeum
1279 806 1319 842 in
1346 807 1455 853 pede
1486 810 1657 853 quarto:

483 893 628 938 Πηλεὺς
653 889 731 939 θήν
760 907 822 938 μοι
847 894 973 930 ἔπειτα
998 897 1156 938 γυναῖκα
1182 892 1395 937 γαμέσσεται
1421 889 1544 934 αὐτός.

275 979 382 1017 hanc
410 979 539 1027 iyitur
565 990 645 1016 non
676 979 756 1017 nisi
786 979 997 1017 rarissime
1029 972 1319 1016 admiserunt'.
1382 988 1433 1015 ex
1473 974 1539 1015 his
1582 988 1692 1027 quae
1725 974 1786 1015 ul-

275 1044 379 1085 timo
409 1044 503 1085 loco
533 1044 752 1098 leguntur,
794 1048 842 1086 ut
874 1044 928 1085 ab
962 1044 1228 1098 experientia
1260 1043 1408 1092 ducta,
1449 1043 1657 1084 fidissima
1699 1057 1786 1084 rna-

276 1113 412 1166 gistra
456 1113 566 1163 veri,
606 1112 769 1154 habent
808 1113 1059 1154 rectissime.
1121 1112 1195 1153 sed
1240 1112 1355 1165 quod
1397 1112 1501 1152 dicit
1534 1112 1648 1153 idem
1680 1112 1787 1153 Her-

275 1196 455 1223 mannus
490 1182 697 1223 incisione
727 1182 812 1223 ista
843 1181 975 1222 minui
1010 1180 1144 1222 robur
1184 1181 1326 1231 metri,
1368 1195 1419 1222 ex
1461 1183 1586 1234 parte
1618 1184 1785 1221 tantum

275 1264 422 1291 verum
454 1264 545 1291 esse
579 1250 788 1292 existimo.
849 1264 1034 1303 namque
1061 1249 1167 1291 illud
1204 1249 1376 1302 quidem
1408 1249 1525 1290 haud
1556 1248 1787 1299 dubiumst,

276 1319 466 1372 reposito
513 1319 556 1359 in
601 1319 732 1360 tertia
776 1318 875 1360 sede
922 1318 1052 1359 verbo
1096 1318 1316 1359 trochaico
1363 1331 1447 1358 non
1489 1318 1626 1370 magis
1672 1321 1788 1358 recte

275 1387 437 1428 habere
468 1387 722 1429 trochaeum
752 1388 1006 1441 insequente
1036 1387 1131 1428 loco
1173 1401 1301 1440 quam
1340 1387 1649 1440 praecedente,
1692 1400 1787 1440 per-

272 1455 372 1497 inde
404 1456 494 1497 fere
524 1456 726 1497 vitiosum
757 1460 805 1497 ut
836 1456 891 1497 sit
921 1456 1031 1497 tale:

481 1539 519 1571 et
543 1537 711 1581 platanus
737 1536 892 1581 genialis
919 1547 1078 1581 acerque
1106 1536 1292 1571 coloribus
1316 1536 1433 1580 inpar,

275 1608 408 1659 atque
442 1604 525 1646 hoc
556 1609 643 1646 est:

480 1703 552 1724 una
576 1690 772 1735 Eurusque
798 1690 990 1736 Notusque
1016 1693 1128 1725 ruunt
1155 1691 1359 1735 creberque
1385 1691 1568 1735 procellis.

276 1779 411 1818 quare
443 1765 551 1807 haec
581 1769 630 1806 ut
663 1765 837 1817 Graeci,
873 1766 935 1807 ita
965 1766 1217 1807 Latinorum
1248 1765 1444 1820 plerique
1476 1769 1543 1807 sat
1574 1766 1788 1807 constanti

273 1834 466 1874 vitarunt
497 1847 719 1875 consensu.
781 1837 932 1875 contra
964 1835 1090 1875 aliter
1116 1835 1242 1887 longe
1272 1834 1435 1875 habere
1466 1848 1575 1885 rem,
1620 1835 1655 1875 si
1687 1834 1789 1875 insit

273 1903 416 1943 versui
447 1902 756 1955 semiquinaria
785 1903 938 1953 virilis,
981 1902 1214 1944 eorundem
1246 1902 1498 1943 Latinorum
1540 1903 1789 1944 declaratur

275 1970 482 2024 exemplo.
543 1985 595 2012 ex
638 1970 794 2025 quibus
838 1985 933 2012 cum
975 1985 1028 2012 ne
1067 1970 1370 2025 perfectissimi
1403 1970 1575 2024 quidem
1612 1971 1789 2012 vitarint

273 2038 403 2080 talia:

549 2095 685 2130 Iunoni
710 2098 795 2130 ante
822 2107 958 2140 omnes,
986 2096 1044 2130 cui
1069 2096 1191 2130 vincla
1214 2096 1350 2141 iugalia
1375 2107 1496 2140 curae,

273 2189 350 2216 nos
396 2175 651 2217 audebimus
699 2189 750 2217 ea
791 2176 990 2218 incusare
1032 2191 1142 2230 quae
1185 2177 1335 2218 Ovidio
1379 2191 1429 2218 ac
1472 2177 1662 2231 Vergilio
1703 2191 1787 2218 non

274 2243 565 2297 displicuere?
627 2244 730 2297 quid
770 2245 885 2298 quod
924 2245 1038 2286 idem
1082 2259 1160 2286 nec
1200 2245 1306 2286 illud
1344 2246 1470 2286 anxie
1505 2245 1786 2297 declinarunt,

273 2325 326 2353 ne
356 2311 518 2353 talibus
548 2313 738 2353 numeris
770 2316 845 2354 aut
875 2314 918 2353 in
951 2313 1090 2355 altera
1131 2314 1232 2355 sede
1274 2317 1349 2355 aut
1386 2314 1430 2355 in
1472 2314 1623 2367 quinta
1656 2314 1786 2355 etiam

273 2379 511 2421 haberetur
541 2380 720 2422 verbum
751 2381 1051 2423 trochaicum?

390 2447 540 2489 Placet
569 2449 655 2489 iam
688 2463 863 2491 causam
887 2449 1153 2491 Graecorum
1184 2450 1349 2491 fastidii
1381 2451 1572 2492 curatius
1604 2451 1786 2504 anquiri,

275 2530 370 2557 cum
399 2518 657 2570 praesertim
688 2521 806 2559 recte
838 2518 1057 2559 illustrata
1088 2519 1232 2560 facere
1257 2519 1457 2560 videatur
1487 2519 1543 2560 ad
1572 2519 1786 2572 suptilita-

272 2588 359 2625 tem
402 2585 559 2626 veteris
602 2586 842 2638 elegantiae
881 2586 1017 2640 probe
1058 2587 1375 2628 declarandam.
1436 2587 1635 2628 nimirum
1667 2590 1786 2628 vetu-

274 2653 448 2694 stissimi
472 2653 716 2695 conditores
740 2655 846 2695 artis
869 2669 965 2696 cum
996 2669 1079 2696 non
1112 2656 1297 2697 alienam
1329 2670 1354 2696 a
1386 2656 1586 2696 carminis
1623 2656 1786 2697 heroici

273 2721 501 2762 maiestate
541 2721 764 2763 duxissent
805 2723 1053 2764 incisionem
1095 2724 1268 2765 tertiam
1308 2724 1596 2773 trochaicam,
1642 2728 1785 2765 tamen

274 2789 432 2830 acriter
464 2790 700 2831 cavendum
736 2791 1009 2841 intellexere,
1051 2806 1104 2832 ne
1148 2792 1335 2833 adaucta
1375 2792 1569 2833 trochaei
1610 2792 1785 2833 licentia

274 2856 625 2900 effeminarentur
668 2859 847 2900 numeri.
917 2861 1003 2900 iam
1051 2874 1147 2900 cum
1192 2860 1304 2901 idem
1352 2861 1552 2901 metricas
1594 2861 1784 2901 rationes

273 2939 358 2969 non
392 2926 660 2969 scholasticis
690 2928 935 2985 praeceptis
966 2931 1153 2981 notatas,
1186 2929 1260 2970 sed
1283 2929 1422 2970 vivido
1454 2928 1623 2984 pulchri
1658 2942 1785 2969 sensu
