1898 3292
714 236 833 261 LIBER
852 236 1025 261 TERT1vs.
1536 231 1616 268 243

107 352 186 391 pro
227 337 293 378 his
334 337 545 390 simplicia
582 337 778 378 adhiberi
811 352 835 378 a
865 339 1004 391 poetis
1036 340 1219 392 notum),
1261 340 1475 392 posterior
1513 341 1614 381 item

106 420 184 459 per
218 405 506 447 derivationes
538 406 604 446 vel
632 406 837 447 flexiones
880 407 1060 447 mollior.
1121 421 1219 447 nam
1248 411 1418 449 vetusta
1456 408 1531 450 illa
1576 413 1618 451 et

108 474 286 515 Graecis
319 474 568 524 assimilata,
600 488 709 527 quae
731 474 975 516 nominibus
998 479 1038 516 et
1061 475 1201 516 verbis
1226 476 1422 517 oriuntur
1445 477 1615 527 coalita,

108 542 254 596 qualia
294 545 393 583 sunt
433 546 677 591 altisonans,
715 546 1003 594 fluentisonuru
1045 547 1253 592 velivolm,
1295 548 1394 597 post
1432 545 1616 586 Ennium

107 624 157 651 ac
188 610 435 651 Lucretium
475 625 570 651 cum
602 611 770 652 Catullo
812 612 949 664 magis
988 612 1211 665 magisque
1241 626 1395 654 venere
1434 614 1476 653 in
1518 628 1616 655 con-

106 683 327 732 temptum.
381 693 491 732 quae
526 693 621 720 cum
652 679 714 720 ita
745 680 840 730 sint,
873 680 958 721 iam
980 680 1050 721 vix
1081 681 1164 722 erit
1193 681 1348 722 mirum
1379 695 1463 722 non
1491 683 1615 723 satis-

107 748 258 789 fecisse
291 748 494 788 Romanis
526 761 674 789 versus
706 748 837 789 tales:

378 827 416 860 in
440 827 548 861 terris
575 839 751 871 oppressa
775 828 877 872 gravi
903 829 969 862 sub
998 829 1196 872 rellissione.

380 883 511 928 quodsi
538 884 582 918 de
609 884 682 918 nilo
708 885 849 928 fierent⁷
876 886 997 919 subito
1025 889 1267 920 exorerentur.

379 941 516 975 interse
542 953 637 975 nexu
664 942 782 975 minus
810 945 873 976 aut
897 942 1013 986 magis
1037 942 1269 986 indupedita.

381 1001 418 1032 et
441 1002 545 1033 vetus
571 1000 607 1032 in
634 999 707 1033 tela
732 999 927 1033 deducitur
955 1002 1220 1043 arfflcmentum.

106 1068 208 1122 quid
240 1069 363 1118 enim,
397 1067 564 1117 amabo,
596 1067 707 1109 feret
739 1068 911 1121 dignum
942 1068 1012 1109 hic
1042 1072 1164 1110 tanto
1197 1070 1430 1123 promissor
1459 1071 1582 1113 hiatu
1594 1074 1613 1112 ’ἕ

104 1151 186 1178 non
235 1137 398 1177 alienus
431 1150 456 1177 a
486 1137 669 1177 veritate
701 1136 882 1187 Fabius,
926 1137 1040 1190 quod
1082 1138 1189 1179 talia
1230 1138 1338 1179 dixit
1377 1140 1612 1192 permollia.

106 1220 239 1258 quare
270 1219 323 1246 ne
357 1206 395 1246 ei
436 1204 632 1258 quidem,
674 1219 781 1258 quos
825 1205 911 1246 ista
953 1205 1185 1258 aliquando
1229 1207 1455 1248 affectasse
1488 1208 1613 1249 Tullii

105 1274 328 1327 Persiique
381 1273 456 1328 [ad
488 1275 573 1314 Att.
604 1273 700 1322 VII,
731 1276 767 1324 2,
803 1277 846 1325 13
883 1278 916 1324 1,
951 1274 1022 1328 95]
1073 1274 1302 1316 edocemur
1343 1276 1613 1328 testimoniis,

105 1346 180 1383 aut
221 1355 349 1395 saepe
382 1341 593 1382 admisere
625 1346 700 1382 aut
731 1341 924 1394 quolibet
955 1341 1098 1393 verbo,
1132 1343 1206 1384 sed
1238 1343 1327 1385 fere
1359 1345 1402 1385 in
1434 1346 1613 1386 nomini—

105 1411 186 1452 bus
212 1410 417 1464 propriis,
455 1423 636 1463 quorum
669 1411 806 1451 minor
835 1414 899 1451 est
931 1409 1126 1461 offensio7
1167 1415 1209 1452 et
1241 1416 1408 1454 mutato
1442 1413 1612 1468 dactylo

103 1480 147 1520 in
178 1478 425 1532 spondeum.
485 1478 568 1519 hac
597 1479 747 1532 igitur,
790 1493 873 1520 non
917 1479 1020 1529 alia,
1060 1493 1191 1521 causa
1230 1481 1421 1523 vitavere
1462 1486 1612 1536 penta·

105 1547 270 1602 syllaba
300 1547 343 1587 in
373 1546 456 1588 fine
487 1546 729 1588 hexametri
759 1551 956 1589 auctores
988 1547 1141 1588 Latini.

218 1616 359 1669 Atque
400 1615 527 1656 simili
568 1615 809 1669 longiorum
848 1615 1082 1657 formarum
1124 1617 1167 1657 in
1208 1616 1290 1658 fine
1333 1618 1495 1660 ordinis
1528 1634 1612 1661 me-

104 1684 203 1725 trici
237 1684 377 1725 odiost
410 1683 627 1734 effectum,
669 1689 718 1725 ut
752 1684 890 1725 altera
921 1684 1302 1738 hephthemimeris
1335 1701 1428 1728 cum
1460 1688 1612 1729 trithe-

105 1753 271 1794 mimeri
302 1753 474 1793 iunctae
505 1752 656 1804 forma,
687 1756 729 1793 et
758 1753 931 1806 quidem
961 1753 1082 1795 talis:

378 1832 569 1866 infandum
594 1832 723 1877 regina
748 1833 851 1867 iubes
880 1844 1056 1868 renovare
1081 1834 1246 1868 dolorem

104 1901 370 1955 frequentior
401 1901 536 1942 multo
568 1904 682 1942 esset
710 1901 812 1942 hac:

378 1981 585 2025 despiciens
611 1992 710 2014 mare
734 1981 929 2015 velivolum
953 1984 1143 2026 terrasque
1170 1983 1342 2017 iacentes.

105 2049 156 2090 de
187 2063 273 2102 qua
303 2063 349 2091 re
380 2050 530 2103 paucis
563 2050 828 2103 interpositis
870 2054 1045 2104 agetur,
1087 2051 1161 2092 ubi
1203 2055 1244 2092 et
1287 2052 1372 2093 alia
1421 2053 1612 2095 eiusdem

108 2118 319 2159 cautionis
341 2121 573 2172 tangentur
606 2119 813 2172 exempla.
868 2133 893 2159 a
924 2133 1007 2172 qua
1041 2133 1124 2161 non
1155 2120 1294 2162 minus
1325 2125 1389 2162 est
1417 2126 1613 2176 repeten-

105 2187 223 2238 dum,
271 2186 385 2240 quod
425 2186 637 2228 secundus
675 2187 905 2229 trochaeus
936 2188 1002 2229 vel
1041 2189 1195 2230 tertius
1236 2188 1477 2232 hexametri
1514 2196 1614 2233 ante

104 2255 476 2309 penthemimerim
507 2255 594 2296 sive
626 2255 1030 2309 hephthemimerim
1062 2257 1228 2310 positus
1256 2261 1345 2298 tam
1373 2272 1501 2312 saepe
1524 2259 1612 2301 effi-

107 2324 218 2364 citur
240 2322 450 2365 vocabulo
484 2323 528 2363 in
559 2337 635 2374 que
662 2325 921 2377 particulam
954 2329 1147 2367 exeunte.
1209 2339 1320 2379 quae
1352 2341 1614 2381 quamquam

103 2392 147 2432 in
188 2405 319 2433 unum
361 2391 531 2432 omnino
573 2391 777 2434 coalescit
819 2407 914 2434 cum
946 2393 1076 2435 verbo
1120 2394 1428 2447 praecedente,
1469 2399 1614 2437 tamen

105 2474 259 2502 novum
292 2459 505 2513 quendam
540 2473 722 2513 eumque
753 2475 929 2515 prorsus
960 2461 1175 2503 diversum
1203 2462 1264 2503 illi
1287 2463 1407 2504 addit
1429 2478 1612 2505 sensum.

44 2552 50 2554 -
105 2528 289 2570 videnda
322 2529 451 2570 etiam
484 2541 594 2581 quae
626 2529 651 2570 l.
682 2529 748 2580 VI,
780 2529 855 2571 ubi
885 2530 937 2571 de
970 2530 1117 2572 enclisi
1147 2531 1301 2585 agitur,
1334 2532 1531 2574 dicentur
1562 2533 1614 2574 de

106 2596 307 2638 Gulielmi
337 2595 488 2637 Meieri
516 2597 687 2639 invento
721 2598 919 2651 quodam.

219 2665 310 2707 Iam
351 2678 499 2706 versus
543 2666 898 2720 semiseptenaria
938 2668 1144 2710 incisione
1189 2669 1378 2722 praediti
1418 2682 1514 2710 cum
1560 2670 1615 2711 sit

106 2733 270 2787 species
297 2733 459 2786 prima:

381 2807 506 2841 oscula
529 2806 658 2841 libavit
678 2810 794 2842 natae.
844 2809 976 2844 dehinc
1002 2810 1089 2844 talia
1113 2810 1220 2854 fatur,

107 2873 289 2924 apparet
320 2873 489 2911 sextum
523 2873 565 2910 et
595 2871 822 2924 septimum
856 2873 1115 2926 semipedem
1141 2887 1225 2914 non
1256 2886 1381 2926 posse
1416 2877 1614 2916 constare

105 2938 189 2979 nisi
220 2938 402 2980 servatis
432 2938 605 2989 normis,
639 2953 749 2992 quae
778 2941 972 2993 optinent
1002 2942 1045 2982 in
1076 2944 1231 2994 quarto
1264 2944 1305 2982 et
1339 2942 1487 2994 quinto
1520 2956 1614 2984 cae-

1275 3009 1339 3043 16*
