1898 3292
234 206 286 244 74
836 215 956 240 LIBER
974 215 1130 240 PRIMVS.

232 332 360 370 quam
400 332 425 358 a
467 318 620 359 ceteris
662 317 851 359 eiusdem
890 318 1058 372 generis
1091 318 1340 359 auctoribus
1374 318 1569 360 adhibita
1600 323 1738 360 metra

230 386 314 427 iam
347 400 478 440 supra
510 387 752 428 memoravi.

346 456 535 506 Quorum
588 455 758 509 quidem
800 455 1009 497 varietate
1060 456 1155 509 quis
1196 456 1332 509 magis
1373 456 1445 497 illo
1489 457 1739 498 excelluerit

231 524 345 578 apud
389 524 623 578 dactylicos
664 538 747 565 non
788 524 968 565 invenio.
1031 525 1189 579 quippe
1228 526 1358 566 etiam
1390 540 1502 566 nunc
1532 525 1627 578 plus
1659 525 1737 565 XX

231 595 482 647 comparent
504 607 703 635 versuum
727 607 896 647 genera,
920 607 1031 647 quae
1048 608 1132 635 non
1151 593 1335 635 alienum
1359 593 1461 635 duxi
1484 594 1738 635 enumerari.

229 662 376 715 itaque
427 665 603 715 praeter
653 661 928 704 hexametros
982 666 1025 704 et
1075 662 1260 704 disticha
1309 661 1427 704 fuere
1478 662 1593 716 apud
1643 677 1739 703 eum

230 731 498 785 anapaestici
529 745 624 772 cum
664 730 835 772 dimetri
881 734 971 772 tum
1012 732 1273 782 tetrametri,
1318 731 1472 773 deinde
1513 731 1738 786 phalaecii,

232 800 443 854 glyconei,
488 799 726 854 galliambi,
767 799 951 851 sotadei,
992 814 1122 854 porro
1166 814 1218 842 ex
1249 801 1498 842 Italicorum
1541 815 1740 842 versuum

232 883 388 923 genere
419 868 593 910 iambici
625 868 811 910 trimetri
843 871 885 910 et
915 869 1175 921 tetrametri,
1217 869 1261 910 hi
1291 869 1473 923 ,quidem
1506 869 1594 911 sive
1624 869 1740 923 pleni

232 952 307 979 5011
331 938 585 988 catalectici,
618 940 661 979 et
682 937 894 980 trochaici
917 938 1149 992 septenarii
1171 938 1479 992 octonariique.
1530 938 1741 980 accedunt

229 1007 332 1048 bina
359 1010 605 1048 scazontum
635 1020 835 1048 versuum
858 1020 1028 1060 genera.
1080 1021 1190 1060 quae
1213 1007 1385 1061 quidem
1415 1011 1571 1049 cuncta
1602 1010 1740 1048 metra

230 1076 360 1117 etiam
383 1075 652 1118 Graecanica
675 1080 768 1118 arte
799 1075 1015 1131 perpolita
1047 1076 1257 1117 adhibuit.
1310 1079 1409 1118 sunt
1440 1079 1596 1127 tamen,
1629 1090 1739 1129 quae

229 1145 316 1186 utri
357 1145 503 1198 generi
542 1159 818 1187 numerorum
861 1144 1084 1186 adscribas
1123 1160 1207 1187 non
1240 1145 1344 1187 satis
1375 1146 1511 1199 possit
1542 1145 1738 1186 discerni.

230 1213 414 1267 denique
453 1213 569 1256 haud
616 1214 801 1256 obscura
844 1228 1042 1255 versuum
1086 1218 1128 1255 et
1168 1214 1501 1256 bacchiacorum
1540 1217 1582 1255 et
1614 1204 1739 1255 creti-

230 1297 376 1324 corum
424 1291 466 1324 et
507 1283 799 1325 saturniorum
843 1283 1169 1338 deprenduntur
1216 1283 1407 1337 vestigia.
1477 1283 1634 1325 omissa
1678 1283 1739 1323 in-

231 1351 417 1393 certiora
458 1352 688 1406 quaedam,
733 1352 864 1394 veluti
906 1352 1148 1393 tetrametri
1190 1352 1318 1393 ionici
1358 1367 1383 1393 a
1424 1352 1595 1399 minori,
1634 1366 1740 1405 quos

229 1420 530 1463 Lachmannus
571 1420 653 1463 sibi
694 1421 809 1462 visus
842 1424 907 1462 est
937 1421 1148 1462 invenisse
1180 1435 1246 1475 ap.
1280 1421 1385 1462 Non.
1418 1423 1532 1477 [262
1566 1422 1608 1476 2]
1642 1436 1672 1462 s.
1705 1436 1739 1461 v.

222 1487 435 1541 ‘candet',
477 1490 551 1532 ubi
593 1489 854 1532 conferenda
886 1503 997 1544 quae
1028 1489 1243 1541 adnotavi,
1276 1493 1319 1531 et
1349 1491 1593 1532 tetrametri
1625 1493 1741 1531 cata-

229 1557 372 1599 lectici
423 1558 646 1614 dactylici,
709 1573 890 1613 quorum
952 1559 1192 1613 exemplum
1253 1561 1401 1600 extare
1461 1563 1566 1614 puto
1627 1559 1742 1613 apud

230 1627 410 1669 eundem
455 1628 568 1683 [179,
602 1628 645 1683 4]
678 1642 710 1669 s.
742 1643 777 1669 v.
813 1625 982 1669 ‘terta'.
1046 1628 1120 1670 sod
1158 1642 1366 1669 summam
1408 1628 1627 1682 reputanti
1658 1643 1742 1669 non

230 1696 368 1738 minus
401 1696 476 1737 XL
515 1711 715 1739 versuum
758 1696 987 1750 generibus
1019 1697 1257 1739 Varronem
1299 1711 1423 1739 usum
1461 1697 1740 1751 probabilest.

343 1765 541 1807 Ceterum
587 1779 694 1819 quos
733 1766 982 1808 Italicorum
1024 1766 1265 1808 iamborum
1310 1767 1397 1807 sive
1439 1766 1742 1808 trochaeorum

229 1834 431 1876 libertate
464 1835 722 1876 instauravit
752 1835 823 1876 1110
856 1849 1004 1877 versus
1027 1839 1260 1887 scazontes,
1292 1848 1375 1876 non
1398 1835 1619 1877 dubiumst
1640 1835 1743 1889 quin

226 1904 317 1957 ipse
350 1905 569 1946 novaverit
598 1904 785 1958 propriis
816 1904 1058 1946 rationibus
1091 1907 1244 1955 motus,
1277 1917 1373 1955 non,
1404 1907 1451 1945 ut
1480 1904 1741 1946 Heliodorus

227 1973 533 2026 grammaticus
566 1973 776 2024 Graecus,
818 1973 1033 2027 corruptis
1076 1973 1283 2028 deceptus
1331 1972 1563 2015 codicibus.
1625 1972 1740 2027 quod

231 2045 374 2083 autem
408 2042 600 2084 saturnio
639 2055 817 2084 numero
861 2042 1042 2084 eundem
1081 2042 1145 2084 uti
1189 2042 1296 2093 dixi,
1342 2042 1486 2096 paullo
1534 2042 1743 2084 curiosius

230 2125 479 2166 persequar.
540 2111 687 2164 itaque
730 2125 825 2152 cum
857 2111 1129 2152 Hermannus
1173 2115 1216 2152 et
1245 2110 1484 2153 Meinekius
1524 2111 1744 2152 verissime

230 2180 461 2221 statuerint
492 2181 632 2221 inesse
663 2182 844 2221 metrum
878 2179 985 2221 illud
1016 2180 1060 2220 in
1090 2180 1344 2234 fragmentis
1376 2179 1599 2231 Varronis,
1639 2193 1743 2233 qua-

228 2248 341 2290 libus
372 2249 408 2290 is
440 2248 827 2302 circumscripserit
854 2248 1011 2290 finibus
1034 2248 1280 2302 diligentius
1305 2248 1539 2290 ostendam.
1590 2263 1743 2302 nempe

231 2318 364 2371 siquis
398 2318 478 2359 sibi
510 2317 794 2372 persuaderet
826 2317 935 2359 tales
957 2331 1107 2359 versus
1130 2318 1346 2359 saturnios
1368 2317 1599 2359 inseruisse
1621 2317 1743 2358 libris

231 2386 318 2427 suis
354 2401 462 2437 eum,
493 2386 642 2439 quales
666 2386 766 2428 olim
788 2386 1098 2440 triumphaturi
1119 2386 1162 2427 in
1185 2386 1396 2440 Capitolio
1419 2386 1552 2427 fixere
1576 2386 1743 2439 quales-

231 2469 313 2508 que
343 2458 463 2496 vates
494 2455 683 2496 Marcius
716 2459 758 2497 et
789 2455 953 2509 Appius
976 2454 1151 2507 Caecus,
1182 2469 1281 2496 mox
1303 2455 1447 2496 Livius
1470 2454 1743 2508 Naeviusque

233 2537 526 2577 composuere,
557 2524 593 2565 is
623 2523 748 2565 valde
775 2523 889 2565 foret
919 2523 1045 2565 1101110
1077 2524 1296 2566 ridiculus.
1355 2523 1511 2565 etenim
1544 2537 1744 2564 numeros

230 2592 340 2633 tales
383 2592 488 2633 satis
526 2592 705 2645 antiquo
736 2596 929 2646 tempore
962 2606 1047 2634 non
1076 2592 1202 2634 modo
1235 2607 1257 2634 e
1289 2593 1478 2647 poetico,
1520 2592 1649 2632 etiam
1692 2606 1744 2633 ex

230 2660 397 2713 vulgari
423 2675 504 2702 usu
534 2661 764 2702 recessisse
796 2665 839 2702 et
867 2660 967 2702 hinc
998 2664 1199 2715 apparet,
1242 2661 1356 2715 quod
1403 2660 1455 2702 de
1488 2661 1628 2702 tribus
1660 2661 1743 2702 illis

231 2729 619 2771 vetustissimorum
651 2733 877 2771 auctorum
908 2729 1120 2783 poematis
1160 2729 1493 2783 sepulcralibus,
1535 2743 1646 2783 quae
1678 2743 1744 2771 re-

231 2797 316 2838 fert
365 2797 550 2850 Gellius,
598 2798 734 2840 solum
774 2797 947 2849 Naevii,
996 2812 1079 2839 non
1122 2798 1263 2839 Plauti
1309 2801 1385 2839 aut
1427 2798 1602 2839 Pacuvii
1651 2798 1744 2839 istis

232 2865 428 2908 versibus
462 2870 527 2908 est
556 2867 853 2920 compositum,
886 2869 928 2907 et
959 2867 1095 2920 magis
1127 2866 1238 2917 inde,
1271 2866 1386 2920 quod
1415 2867 1458 2908 in
1481 2866 1744 2908 carminibus

231 2934 534 2989 popularibus,
585 2950 695 2989 quae
740 2935 794 2976 ad
834 2935 962 2976 finem
993 2949 1128 2988 usque
1160 2934 1323 2976 liberae
1354 2934 1617 2989 reipublicae
1649 2948 1744 2988 per-
