1898 3292
679 261 798 287 LIBER
816 261 1026 287 SECVNDVS.
1528 253 1605 292 179

102 369 232 419 atque
265 364 413 406 eadem
444 364 571 418 plane
603 363 789 417 optinuit
822 377 973 405 norma
1005 363 1120 417 apud
1151 364 1425 417 posteriores.
1476 377 1605 417 quae-

102 435 213 475 ritur
244 434 348 484 iam,
394 446 581 486 quanam
622 432 834 473 adductus
865 445 996 473 causa
1032 431 1113 472 hoc
1143 431 1186 472 in
1218 431 1406 472 numeris
1438 432 1608 473 novarit

101 501 317 542 Horatius.
377 500 422 541 id
452 514 551 541 vero
583 513 666 541 non
698 513 749 541 ea
779 514 824 540 re
857 499 992 549 venit,
1031 499 1142 540 sicut
1172 500 1307 540 visum
1337 499 1606 552 quibusdam,

100 569 215 623 quod
257 569 585 623 spondiacorum
627 568 782 622 pedum
825 568 949 621 longe
992 568 1128 608 maior
1171 571 1235 608 est
1267 567 1391 621 copia
1422 567 1607 609 sermoni

100 638 253 678 Latino
296 651 424 691 quam
467 636 786 678 trochaicorum
828 636 894 677 vel
933 635 1230 677 iambicorum.
1299 649 1484 689 namque
1527 635 1608 677 etsi

99 706 143 747 id
174 709 378 751 verumst,
409 709 551 746 tamen
584 705 756 746 minime
787 704 886 745 hinc
918 704 1176 758 explicatur,
1217 717 1403 758 quonam
1435 704 1606 745 Horatii

99 775 240 828 rigore
271 774 326 815 sit
360 773 539 822 factum,
570 777 618 814 ut
648 774 690 814 in
723 773 898 826 ancipiti
930 787 1078 814 versus
1109 773 1226 823 sede,
1266 786 1372 826 quos
1405 771 1605 825 frequen-

100 843 230 883 tiores
262 842 487 883 conveniat
517 856 609 883 esse
640 841 784 895 pedes,
818 841 855 882 ei
886 841 971 882 iam
1000 841 1078 882 soli
1101 844 1230 894 atque
1255 841 1366 881 unici
1389 841 1606 882 invenian-

99 915 181 952 tur.
243 910 318 951 sed
350 910 461 951 enim
493 924 589 951 cum
622 911 800 964 exiguus
833 914 945 951 esset
985 924 1086 951 usus
1118 909 1296 963 spondei
1326 909 1368 950 in
1402 909 1607 960 versibus,

101 993 207 1033 quos
239 982 483 1032 sumpserat
523 992 548 1019 a
581 978 779 1030 Graecis,
820 978 934 1032 quod
976 982 1119 1019 tamen
1163 991 1296 1031 genus
1340 977 1607 1032 rythmorum

100 1048 303 1101 gravitati
334 1047 514 1088 Latinae
544 1046 713 1100 longest
745 1048 1027 1101 aptissimum,
1056 1047 1273 1100 provisum
1307 1050 1423 1087 certe
1456 1046 1509 1087 ab
1545 1059 1607 1096 eo,

99 1121 164 1168 ut,
206 1116 465 1169 ubicumque
502 1115 622 1156 illum
661 1115 833 1157 admitti
873 1116 1022 1157 liceret
1056 1115 1319 1156 Graecorum
1352 1128 1403 1156 ex
1443 1128 1606 1164 norma,

100 1185 160 1226 ibi
193 1188 311 1225 certa
339 1183 613 1225 observantia
643 1184 728 1225 iam
766 1184 1017 1225 sanciretur.
1086 1183 1214 1225 credo
1248 1187 1291 1225 et
1316 1183 1413 1224 ideo
1445 1182 1607 1223 sactum

99 1267 213 1304 esse,
259 1252 401 1305 nequa
438 1252 530 1306 ipse
570 1251 789 1293 videretur
832 1252 980 1293 iuvare
1019 1252 1272 1306 podicorum
1312 1251 1605 1292 discriminum

101 1324 393 1375 contemptum
415 1320 546 1371 illum,
577 1320 649 1374 qui
673 1320 967 1362 scaenicorum
987 1320 1162 1362 licentia
1185 1324 1303 1361 ortus
1325 1333 1377 1360 ne
1401 1318 1456 1360 ab
1479 1319 1606 1360 huius

101 1389 273 1443 quidem
315 1388 569 1442 aequalibus
601 1388 771 1429 omnino
803 1388 883 1429 fuit
914 1388 1090 1430 alienus.
1152 1392 1343 1430 ceterum
1372 1387 1607 1441 qualicum-

101 1472 183 1512 que
214 1456 265 1499 de
289 1471 420 1499 causa
441 1471 531 1498 rem
554 1471 686 1511 supra
708 1459 947 1511 expositam
969 1457 1142 1499 novavit
1163 1457 1356 1507 Flaccus,
1387 1456 1608 1510 aptissime

103 1529 218 1567 certe
250 1526 437 1567 instituit
467 1525 666 1576 eandem,
704 1525 748 1567 id
781 1525 895 1579 quod
927 1525 1055 1567 laude
1088 1529 1130 1567 et
1158 1525 1445 1567 aemulatione
1473 1538 1608 1578 popu-

99 1595 254 1636 larium
297 1594 401 1635 satis
445 1594 702 1636 declaratur.
763 1608 841 1635 nec
883 1594 1057 1636 hercule
1091 1593 1214 1635 decet
1245 1593 1424 1647 gloriam
1456 1593 1609 1634 firmis-

101 1663 218 1704 simis
247 1662 462 1704 iudicibus
492 1663 636 1704 nixam
668 1662 836 1704 turbari
864 1662 1119 1704 ratiunculis
1156 1662 1306 1703 alienis
1343 1675 1392 1702 ac
1425 1661 1608 1703 neoteri-

103 1745 249 1773 corum
282 1730 485 1772 arbitriis.

215 1799 352 1853 Igitur
373 1799 562 1841 Senecae
594 1798 878 1853 asclepiadeis
909 1799 1103 1841 versibus
1134 1802 1177 1840 et
1207 1798 1423 1853 glyconeis
1455 1797 1605 1839 eadem

103 1871 350 1910 constanter
390 1867 460 1909 lex
500 1871 697 1909 servatur
739 1881 849 1921 quae
879 1867 1035 1909 Flacci.
1098 1871 1143 1908 at
1172 1867 1216 1908 in
1245 1866 1481 1921 phalaeciis
1516 1880 1608 1907 ver-

102 1937 220 1979 sibus
261 1951 523 1991 quamquam
562 1936 675 1978 idem
720 1937 835 1978 circa
875 1936 982 1978 illud
1021 1939 1191 1990 tempus
1231 1939 1407 1977 auctore
1444 1935 1608 1976 incerto

103 2006 310 2060 optinuit,
350 2009 399 2047 ut
437 2018 536 2046 vere
579 2004 819 2046 affirmasse
861 2004 1059 2046 videatur
1089 2004 1265 2045 Vossius
1311 2002 1366 2060 [d.
1398 2017 1434 2044 a.
1465 2017 1526 2057 gr.
1556 2003 1608 2054 ΙΙ,

104 2087 137 2115 c.
170 2072 308 2131 XXX]
342 2073 530 2115 Statiani
564 2073 659 2114 aevi
691 2073 830 2127 poetis
862 2086 947 2115 non
976 2072 1201 2114 incohatos
1231 2085 1304 2114 eos
1336 2085 1361 2113 a
1390 2071 1609 2123 trochaeo,

102 2146 247 2185 tamen
282 2143 325 2183 in
365 2145 489 2183 tanta
529 2141 739 2183 librorum
782 2145 974 2183 veterum
1016 2141 1196 2196 penuria
1242 2144 1424 2182 metrum
1453 2139 1552 2181 inde
1584 2153 1610 2180 a

101 2211 258 2254 Catulli
288 2214 481 2264 tempore
510 2211 779 2265 populariter
807 2210 1003 2252 habitum
1027 2223 1172 2251 omnes
1195 2209 1424 2251 severitate
1460 2208 1610 2250 eadem

101 2294 276 2322 normae
306 2279 588 2321 adstrinxisse
621 2279 714 2332 quis
746 2292 823 2332 pro
857 2282 974 2320 certo
1010 2278 1188 2320 audebit
1219 2278 1446 2319 asserere?
1491 2278 1610 2330 equi-

103 2348 198 2389 dem
231 2348 494 2389 contrarium
524 2347 668 2401 potius
701 2347 820 2387 innui
853 2347 1049 2388 existimo
1082 2346 1208 2386 Plinii
1240 2345 1403 2396 verbis,
1446 2346 1519 2398 qui
1558 2345 1610 2386 de

103 2416 272 2470 aequali
313 2420 442 2470 poeta
485 2416 547 2457 sic
586 2415 718 2457 refert
763 2413 809 2471 [L
845 2418 908 2466 16,
942 2413 980 2470 5]
1032 2412 1153 2466 ‘facil
1182 2427 1323 2455 versus
1358 2418 1498 2464 quales
1538 2415 1610 2454 Ca-

104 2489 224 2526 tullus
254 2492 323 2526 aut
360 2487 515 2526 Calvus.
578 2490 769 2534 quantum
799 2486 879 2524 illis
907 2486 1080 2534 leporis,
1122 2484 1372 2530 dulcedinis,
1415 2484 1609 2522 arnarilu-

104 2557 227 2602 (linis,
256 2556 418 2594 amoris.
481 2555 626 2593 inserit
655 2565 775 2600 sane,
817 2555 893 2592 sed
922 2555 1019 2593 datu
1052 2564 1199 2602 opera,
1231 2552 1410 2591 mollibus
1442 2552 1609 2590 levibus-

105 2635 181 2672 que
213 2624 471 2662 duriusculos
504 2625 720 2672 quosdam,
764 2627 802 2660 et
836 2623 911 2661 hoc
952 2623 1069 2671 quasi
1107 2622 1287 2660 Catullus
1318 2624 1389 2659 aut
1426 2614 1608 2658 Calvus’.

105 2688 261 2742 quibus
301 2689 372 2730 vix
415 2688 532 2730 aliud
573 2688 743 2729 videtur
786 2702 910 2741 posse
950 2687 1184 2741 significari
1221 2699 1349 2740 quam
1381 2685 1610 2727 trochaeus

104 2757 170 2799 vel
199 2757 367 2798 iambus
396 2757 439 2797 in
470 2756 566 2798 basi
596 2755 946 2810 hendecasyllabi
979 2755 1204 2797 admissus.

218 2825 335 2876 Mox,
375 2825 534 2866 coalita
575 2824 861 2865 aemulatione
905 2823 1324 2877 antiquissimorum,
1365 2835 1474 2874 quae
1517 2821 1608 2862 fau-

104 2896 245 2934 torum
275 2893 395 2947 prius
428 2892 637 2943 arbitriis,
667 2892 752 2933 iam
785 2892 997 2933 communi
1028 2890 1296 2944 frequentari
1329 2893 1427 2930 sunt
1457 2894 1610 2943 coepta

105 2975 195 3001 usu.
256 2961 318 3001 ita
349 2961 631 3001 Terentianus
662 2964 710 3001 ut
743 2959 1113 3013 hendecasyllabi,
1144 2959 1206 2998 ita
1237 2958 1429 3012 glyconei
1461 2972 1609 2998 versus

1265 3026 1334 3059 12*
