1898 3292
262 195 344 234 530
881 201 1115 228 opvschvM
1134 202 1157 227 1.

259 305 381 358 ligeri
437 304 730 346 coniecturali]
783 304 1089 345 commentario
1141 303 1336 344 Noniano
1386 302 1771 343 demonstravimus

261 373 375 428 [205‚
410 372 493 427 32].
526 397 581 402 ——-
612 371 722 413 idem
756 377 885 426 poeta
916 372 982 413 vel
1013 373 1156 425 potius
1187 372 1391 424 tragicus,
1424 371 1543 412 cuius
1575 385 1677 411 usus
1708 375 1773 411 est

260 455 399 491 versu,
432 454 515 493 quo
548 440 777 481 iambicum
803 440 980 481 verbum
1002 440 1158 480 vitaret
1192 440 1232 479 in
1264 439 1496 480 trochaicis
1519 439 1772 492 septenariis

260 509 354 551 1000
387 523 412 549 a
442 508 525 549 fine
557 508 753 562 proximo
785 522 864 562 pro
895 522 1008 549 mora
1042 507 1149 548 dixit
1180 521 1379 548 remoram
1412 507 1587 561 [XXVL
1620 506 1714 560 44]:

447 605 625 638 quaenam
649 604 720 627 vox
747 604 790 627 ex
817 597 891 627 tete
922 604 1095 626 resonans
1121 603 1203 626 meo
1229 592 1346 636 gradu
1372 603 1554 626 remoram
1577 590 1692 625 facit?

261 687 399 728 neque
432 678 547 714 recte
577 674 759 714 Varroni
793 672 847 714 ab
879 672 1070 726 Hauptio
1112 686 1189 726 per
1231 672 1522 713 coniecturam
1567 671 1774 712 tribuitur

264 746 448 784 metrum
481 742 569 783 tale
600 742 756 796 [magn.
791 741 864 782 tal.
903 741 965 795 1]:

445 827 708 862 detotonderat
734 827 937 870 forcipibus
962 826 1145 860 vitiarium
1172 826 1266 859 feris.

262 908 336 949 ubi
379 907 472 948 cdd.
506 910 732 958 avium-isera*
774 906 838 947 vel
881 906 1047 947 similia.
1114 909 1258 959 potest
1303 905 1432 946 scribi
1472 908 1568 945 vites
1611 912 1775 945 arentes

256 980 366 1029 feris
398 976 484 1017 sive
516 979 614 1016 cites
646 978 805 1016 arbusti
837 978 958 1026 feris.
1021 973 1208 1015 nondum
1238 973 1483 1028 expeditum
1508 973 1773 1014 Lucilianum

263 1045 386 1095 illud,
426 1044 540 1098 quod
572 1044 613 1084 in
648 1043 834 1084 editione
866 1047 1015 1084 nostra
1047 1044 1105 1084 ita
1141 1046 1435 1096 conceptumst
1469 1042 1648 1097 [XXIX.
1682 1042 1773 1095 75]:

446 1130 504 1163 hic
530 1141 586 1163 me
613 1130 675 1163 ubi
702 1129 803 1172 vidit,
830 1129 1095 1170 subblanditim
1122 1129 1303 1173 palpatur,
1331 1132 1442 1173 caput
1467 1129 1595 1169 scabit,

447 1186 560 1231 pedes
585 1187 686 1231 legit.

266 1262 450 1303 videnda
482 1275 592 1315 quae
625 1260 828 1302 adnot-avi
861 1261 915 1302 ad
946 1260 1052 1302 Non.
1086 1264 1180 1311 472,
1210 1266 1246 1301 4.

379 1331 467 1371 Iam
502 1330 545 1370 in
575 1330 783 1371 trimetris
818 1330 1170 1382 tetrametrisque
1201 1329 1579 1382 spondiazontibus
1620 1328 1777 1369 italicis

267 1399 503 1453 spondeum
545 1398 663 1440 haud
705 1398 833 1439 dubie
875 1398 1049 1439 admisit
1090 1398 1226 1438 Varro
1267 1398 1361 1438 loco
1402 1397 1685 1451 paenultimo‚
1732 1402 1777 1438 ut

265 1469 337 1522 qui
369 1468 498 1509 etiam
531 1467 573 1508 in
604 1467 882 1520 graecanicos
914 1467 1127 1520 receperit
1152 1470 1324 1507 secut-us
1347 1466 1672 1517 Alexandrinos,
1705 1466 1779 1507 sed

265 1537 325 1577 ita
359 1550 538 1591 semper,
570 1540 618 1576 ut
647 1535 931 1589 praecederet
961 1534 1142 1576 iambus.
1191 1534 1337 1588 itaque
1370 1549 1395 1575 a
1426 1534 1549 1575 nobis
1582 1548 1648 1588 ap.
1673 1534 1777 1575 Non.

266 1619 295 1645 s.
325 1605 350 1645 1.
396 1601 567 1646 ‘febris'
605 1605 689 1658 [46‚
725 1604 794 1658 19]
827 1604 994 1644 numeri
1027 1603 1126 1644 olim
1160 1603 1381 1645 constituti
1412 1603 1477 1644 hi:

450 1690 608 1733 ideoque
634 1690 790 1724 alterum
815 1689 1042 1733 appellamus
1068 1693 1086 1723 a
1114 1689 1266 1723 calendo
1296 1689 1492 1730 caldorem,

451 1747 606 1781 alterum
632 1758 650 1780 a
677 1746 821 1781 fervore
848 1746 999 1789 febrim3

264 1835 395 1876 porro
427 1836 458 1863 s.
489 1821 513 1862 1.
553 1818 734 1863 ‘colere'
772 1822 885 1876 [250‚
920 1821 1011 1876 33]:

450 1910 506 1941 ast
531 1908 568 1941 in
595 1906 784 1951 segetibus
810 1910 896 1951 post
919 1918 1074 1941 messem
1101 1907 1327 1951 colligebant
1352 1910 1573 1949 stramenta3

267 1988 369 2028 item
401 2001 432 2028 s.
464 1987 488 2028 1.
529 1985 776 2040 ‘liquidum'
813 1987 927 2042 [334‚
962 1987 1054 2041 20]:

451 2072 547 2106 hune
576 2083 727 2107 vocasse
755 2084 796 2106 ec
823 2072 958 2116 liquida
985 2073 1057 2106 vita
1084 2074 1120 2106 in
1147 2072 1270 2107 curiae
1295 2075 1438 2107 vestrae
1460 2073 1611 2107 faecem.

383 2152 619 2206 Anapaesti
651 2153 717 2194 vel
761 2153 919 2208 dactyli
960 2167 1038 2207 pro
1084 2152 1273 2207 spondeo
1304 2152 1436 2194 iambi
1468 2153 1556 2194 sive
1588 2152 1781 2194 trochaei

266 2221 372 2278 loco,
392 2221 522 2275 positi
554 2235 649 2262 cum
682 2221 797 2275 apud
826 2222 992 2275 priores
1025 2222 1131 2263 satis
1171 2222 1307 2263 multa
1337 2222 1609 2263 inveniantur
1642 2236 1781 2262 exem-

266 2289 351 2343 pla,
383 2289 599 2330 interdum
630 2290 759 2330 etiam
782 2289 1002 2343 duplicati,
1036 2289 1090 2331 ad
1113 2291 1370 2332 severiorem
1393 2290 1536 2331 omnia
1558 2290 1692 2343 legem
1717 2303 1780 2330 re-

267 2362 422 2399 vocata
450 2372 475 2399 a
498 2357 706 2408 Phaedro,
747 2359 814 2399 cui
850 2372 1082 2411 numquam
1105 2358 1194 2400 bini
1217 2359 1522 2400 continuantur
1544 2359 1780 2412 anapaesti.

270 2426 440 2467 omnino
484 2439 568 2467 non
612 2426 673 2467 ita
711 2439 839 2480 saepe
871 2426 941 2468 hic
972 2440 1048 2480 pes
1081 2426 1135 2468 ab
1165 2440 1214 2468 eo
1247 2427 1459 2468 admissus
1492 2430 1666 2480 praeter
1697 2427 1782 2480 pri-

269 2509 381 2535 mum
413 2494 551 2534 locum
587 2498 630 2535 et
661 2494 868 2547 quintum.
918 2508 1048 2548 porro
1076 2495 1137 2536 ita
1169 2495 1329 2548 ubique
1361 2499 1628 2549 temperatus
1655 2494 1781 2545 idem,

268 2566 315 2604 ut
357 2562 491 2604 thesis
535 2566 755 2604 constaret
797 2563 839 2603 in
872 2563 1069 2607 vocabuli
1108 2563 1203 2618 plus
1241 2577 1368 2617 quam
1413 2563 1611 2617 disyllabi
1652 2577 1781 2616 paen-

269 2630 420 2672 ultima
466 2644 561 2671 cum
604 2632 972 2685 antepaenultima
1010 2636 1186 2685 praeter
1227 2632 1412 2686 primum
1454 2631 1624 2685 pedem⁷
1662 2631 1782 2672 cuius

269 2699 501 2751 singularis
525 2703 588 2740 est
610 2698 801 2750 libertas,
834 2704 876 2740 et
898 2699 964 2741 bis
986 2704 1106 2741 terve
1129 2700 1337 2753 quintum,
1361 2701 1446 2753 qui,
1469 2705 1516 2741 ut
1538 2700 1782 2741 memoravi.

267 2780 351 2808 non
392 2771 509 2808 amat
550 2781 773 2808 numerum
805 2767 1048 2809 iambicum.
1109 2769 1152 2809 in
1183 2768 1249 2809 his
1280 2769 1412 2821 igitur
1442 2768 1541 2808 licet
1575 2767 1783 2808 contineri

267 2835 407 2876 thesin
446 2835 670 2889 disyllabo,
732 2835 953 2890 adscripta
997 2840 1096 2877 sunt
1128 2837 1321 2890 exempla
1355 2836 1477 2889 pedis
1509 2836 1668 2889 quinti:
1708 2835 1781 2885 III,

272 2908 335 2955 10,
368 2907 416 2956 43
452 2907 515 2954 14,
553 2904 726 2956 11;V1‚
766 2908 827 2956 19,
861 2907 907 2957 33
942 2908 1006 2956 30,
1041 2909 1102 2946 10.
