1898 3292
761 268 879 292 LIBER
899 267 1054 292 snxrvs.
1578 258 1659 296 457

269 370 433 411 Tmesis
463 370 632 411 nomine
664 369 772 410 solet
802 369 898 419 dici,
930 369 963 409 si
996 368 1170 409 verbum
1203 368 1245 408 in
1276 372 1422 421 partes
1455 368 1658 422 discerpi-

155 444 226 481 tur
258 439 365 481 duas
407 453 490 480 uno
523 438 589 479 vel
630 437 861 491 aliquando
902 436 1101 491 pluribus
1132 436 1350 478 vocabulis
1381 437 1660 491 interpositis.

157 522 417 562 quamquam
449 511 492 549 et
518 506 633 549 aliud
673 509 792 548 extat
833 506 981 547 tmesis
1022 519 1176 559 genus,
1218 504 1271 546 de
1310 519 1393 558 quo
1437 520 1533 548 mox
1576 505 1660 547 dis-

155 576 391 631 putabitur.

270 655 350 696 Illa
381 654 649 697 incommode
681 653 910 696 admodum
942 667 1043 695 usus
1075 656 1140 695 est
1170 653 1332 695 Ennius
1363 653 1446 694 ita:

463 757 549 780 saxo
579 757 662 780 cere
689 745 904 779 comminuit
928 746 1046 779 brum.

156 842 253 869 nam
287 826 338 867 de
371 825 507 867 Ennio
542 829 718 867 auctore
759 825 839 866 etsi
881 839 965 866 non
1006 828 1193 867 testatur
1231 825 1312 866 nisi
1349 825 1538 865 incertus
1571 824 1663 877 qui-

157 896 253 936 dam
288 894 586 948 grammatista
616 893 771 935 aetatis
797 893 972 935 ultimae
1007 893 1083 949 [gr.
1113 894 1186 935 lat.
1219 894 1288 944 IV,
1322 892 1441 949 565],
1474 891 1664 934 dubitari

157 967 301 1005 tamen
323 963 483 1015 nequit.
533 961 793 1003 conferenda
825 975 935 1014 quae
967 962 1009 1002 in
1037 962 1222 1003 editione
1254 964 1409 1003 nostra>
1435 960 1490 1002 ad
1512 961 1663 1001 Annal.

156 1033 304 1072 incert.
332 1030 427 1072 libr.
460 1030 583 1084 frgm.
616 1030 753 1071 XLIX
793 1034 893 1071 sunt
933 1033 1094 1072 notata.
1154 1031 1240 1071 iam
1281 1044 1376 1071 cum
1423 1029 1538 1083 apud
1579 1029 1665 1070 Ho-

157 1114 322 1141 merum
354 1098 516 1140 nullum
549 1098 698 1139 similis
728 1099 929 1140 licentiae
960 1099 1204 1141 inveniatur
1235 1098 1494 1152 exemplum,
1532 1112 1664 1151 appa-

158 1172 224 1210 ret
254 1168 373 1208 illum
403 1167 593 1220 legitimo
625 1167 772 1208 tmesis
795 1167 980 1218 modulo,
1011 1168 1063 1209 de
1095 1181 1178 1221 quo
1200 1181 1299 1208 mox
1328 1166 1480 1217 dicam,
1512 1180 1665 1220 parum

158 1236 312 1278 decore
347 1238 677 1288 reverenterque
708 1250 844 1287 usum,
878 1236 1036 1290 quippe
1071 1235 1267 1289 neglecta
1293 1235 1500 1277 sermonis
1522 1233 1665 1274 Latini

159 1304 419 1346 condicione.
490 1317 588 1344 nam
635 1307 677 1344 et
717 1304 843 1345 simili
884 1303 1145 1357 inelegantia
1184 1304 1227 1344 in
1266 1303 1367 1354 illis,
1415 1315 1525 1356 quae
1569 1305 1667 1343 sunt

158 1376 234 1425 δῶ,
269 1378 353 1427 κρῖ,
391 1385 468 1425 pei·
501 1385 720 1425 apocopen
752 1375 859 1423 orta,
890 1372 1110 1413 imitandis
1142 1372 1249 1413 dixit
1291 1371 1385 1427 [inc.
1417 1370 1512 1412 libr.
1544 1369 1666 1423 frgm.

158 1441 191 1482 L
227 1440 334 1497 sqq]
392 1439 515 1481 ‘endo
549 1454 660 1481 suom
699 1437 788 1489 ἅθ’,
833 1439 1067 1481 ‘altisonum
1102 1438 1234 1489 cuel',
1280 1438 1513 1489 ‘luctificum
1543 1436 1665 1490 yuu’.

158 1535 213 1539 —-
255 1513 301 1550 at
342 1508 457 1562 quod
499 1508 608 1549 alter
649 1508 829 1550 affertur
867 1522 892 1549 a
933 1509 1226 1562 grammaticis
1267 1507 1482 1550 nonnullis
1520 1522 1666 1549 versus

158 1578 306 1619 tmesis
350 1576 579 1618 insolentia
623 1577 800 1630 insignis
850 1576 916 1633 [cf.
956 1578 1107 1619 Donat.
1141 1590 1317 1631 gramm.
1349 1576 1422 1618 lat.
1454 1576 1523 1627 IV,
1563 1580 1665 1627 4013

159 1647 305 1700 Pomp.
337 1646 385 1697 V,
417 1644 539 1701 310]:

433 1736 572 1770 Massili
598 1736 797 1780 portabant
820 1737 969 1771 iuvenes
995 1736 1040 1771 ad
1064 1737 1173 1771 litora
1197 1740 1300 1771 tanas

159 1818 184 1858 i.
217 1831 250 1858 e.
283 1820 561 1858 Massilc‘canus
591 1820 775 1868 lussomzs,
819 1830 870 1857 ea
911 1830 1012 1857 vcro
1043 1816 1176 1858 verba
1221 1830 1359 1870 neque
1401 1816 1526 1857 Ennii
1568 1819 1667 1857 sunt

160 1899 299 1939 neque
330 1884 495 1936 Lucilii,
538 1888 586 1926 ut
621 1884 879 1938 quibusdam
912 1885 1060 1936 visum,
1103 1885 1177 1927 sed
1210 1899 1319 1926 saec.
1350 1885 1411 1926 III
1442 1884 1508 1926 vel
1540 1885 1596 1925 IV
1627 1899 1666 1938 p.

161 1954 257 1996 Chr.
290 1969 328 1995 n.
360 1957 526 2008 poetae.
587 1953 746 2007 quippe
781 1953 888 1994 illud
919 1956 1200 1995 Massilitunus
1240 1953 1495 2007 productam
1535 1952 1669 1994 habet

162 2037 187 2064 a
225 2022 308 2063 fine
345 2022 539 2073 tertiam,
585 2025 634 2063 ut
675 2021 789 2076 apud
833 2021 1077 2063 Martialem
1118 2022 1200 2073 ΙΙΙ,
1242 2026 1309 2073 82,
1353 2025 1418 2063 23.
1485 2035 1583 2062 nam
1627 2024 1669 2062 et

163 2091 312 2132 eadem
354 2090 483 2144 longa
523 2090 680 2131 dicitur
726 2093 1026 2141 Antipolitunus
1078 2089 1278 2146 [Martial.
1320 2091 1443 2141 XIII,
1486 2093 1578 2140 103,
1617 2089 1667 2145 l],

167 2162 394 2200 Gaditanus
446 2157 548 2215 [III,
587 2162 657 2210 63,
698 2159 770 2213 5],
828 2161 1192 2199 Tauromenitanus
1239 2158 1415 2213 [Lucan.
1447 2158 1516 2210 IV,
1552 2158 1666 2213 461]‚

167 2231 396 2269 Tomitanus
441 2227 579 2282 [Ovid.
612 2242 675 2281 ep.
709 2241 761 2269 ex
802 2228 846 2268 Ρ.
875 2228 913 2278 Ι,
952 2231 983 2278 l,
1022 2228 1083 2282 l],
1129 2230 1355 2269 Tuditanus
1397 2227 1520 2282 [Enn.
1554 2227 1666 2281 349]

162 2295 262 2337 olim
293 2299 545 2347 correctum,
577 2296 692 2349 quod
722 2295 944 2338 ferebatur
975 2295 1091 2350 apud
1121 2295 1332 2337 Lucilium
1363 2295 1388 2337 l.
1421 2295 1518 2337 XIV
1550 2295 1667 2350 [15]:

435 2386 580 2421 Publiu’
606 2386 717 2422 Pavu’
742 2387 830 2421 mihi
856 2387 1059 2421 Tuditanus
1087 2390 1260 2431 quaestor
1284 2386 1447 2430 Hibera3

162 2467 235 2508 ubi
266 2470 384 2508 reete
406 2466 730 2508 Bouterwekius
766 2470 991 2508 Tuditanus
1021 2471 1127 2509 mihi.
1180 2470 1330 2508 contra
1352 2470 1494 2508 aetate
1517 2467 1668 2508 ultima

163 2535 292 2575 etiam
322 2534 397 2575 illa
428 2535 718 2587 quantitatum
747 2535 860 2576 ratio
891 2535 1098 2588 neglecta.
1158 2549 1257 2576 nam
1290 2534 1488 2576 Sedulius
1523 2535 1667 2591 [carm.

162 2603 307 2656 pasch.
339 2603 409 2652 IV,
442 2604 542 2657 222]
586 2606 906 2652 Samaritanum,
953 2603 1153 2645 Sidonius
1195 2603 1269 2658 [ad
1305 2603 1508 2657 Magnum
1540 2603 1667 2645 Felic.

169 2672 264 2726 163]
302 2674 680 2712 Tauromenitanum
713 2675 912 2725 correpta
939 2672 1307 2726 antepaenultima
1339 2685 1531 2725 posuere.
1587 2672 1667 2712 ita-

165 2753 246 2793 que
275 2740 359 2781 seri
393 2739 633 2792 exemplum
663 2739 769 2781 illud
805 2740 1033 2793 temporis,
1079 2741 1193 2793 quod
1233 2743 1415 2794 apparet
1446 2740 1668 2793 nugatoris

163 2808 307 2849 nescio
340 2808 459 2849 cuius
492 2811 633 2849 ortum
668 2808 777 2859 lusu,
820 2822 914 2849 cum
946 2807 1147 2849 facillime
1181 2812 1328 2862 posset
1359 2808 1487 2849 vitari
1520 2808 1668 2849 tmesis

165 2875 410 2917 scribendo:

470 2957 669 3000 portabant
694 2956 842 2990 iuvenes
869 2956 914 2990 ad
938 2956 1046 2990 litora
1070 2955 1325 2993 Massilitanas.
