1898 3292
689 233 809 258 LIBER
829 233 1032 260 snprmvs.
1530 226 1608 264 501

109 336 207 376 olim
247 337 398 378 fuisset
440 338 695 380 adversandi
738 340 777 379 vi
817 339 923 380 satis
969 337 1104 388 tenui,
1154 337 1263 378 sicut
1307 336 1520 377 Graecum
1565 336 1610 379 δέ

107 405 235 458 (dixit
276 405 328 446 de
367 421 418 447 ea
462 421 508 448 re
546 408 596 448 H.
634 408 843 449 Iordanus
890 407 932 448 in
975 404 1356 447 Observationibus
1403 405 1611 445 sermonis

107 474 247 515 Latini
279 490 314 515 a.
339 479 444 516 1879
473 475 598 517 editis
628 490 696 530 pg.
715 479 796 518 290
819 477 943 529 sqq),
975 488 1026 515 ea
1057 472 1313 527 significatio
1337 487 1419 513 non
1450 472 1609 513 inveni-

107 547 177 584 tur
208 544 322 597 apud
355 544 587 598 dactylicos
618 544 698 585 nisi
728 544 965 593 rarissime,
1008 541 1124 583 velut
1156 541 1258 582 Hor.
1291 540 1377 581 Sat.
1413 541 1443 590 I,
1476 545 1512 590 5,
1545 544 1609 582 60.

106 612 190 652 iam
222 611 327 652 illud
359 620 422 653 asc
454 626 547 653 cum
579 613 809 666 plurimum
831 611 1036 665 viguisset
1065 609 1359 664 precationum
1383 608 1611 662 legumque

107 680 301 721 formulis
333 680 463 734 (unde
494 680 559 721 vel
581 681 726 722 Livius
759 694 807 721 eo
840 694 939 721 usus
970 678 1012 719 in
1034 677 1176 719 verbis
1198 677 1284 718 voti
1307 677 1610 730 antiquitatem

107 747 426 790 adfectantibus
466 750 527 790 ita
571 748 637 805 [Χ,
674 748 740 805 19]
787 747 987 796 ‘Bellona,
1028 750 1063 787 si
1101 749 1219 787 hodie
1260 748 1372 786 nobis
1405 748 1612 786 victoriam

108 820 212 865 duis,
244 823 308 857 ast
339 830 411 868 eqo
445 820 514 857 tihi
546 821 730 868 lenzplzcm
763 814 938 870 voveo'),
982 814 1213 856 Andronici
1254 817 1446 866 tempore
1476 816 1519 854 et
1549 812 1611 853 in-

107 888 311 938 sequente
343 884 528 926 alienum
560 885 692 926 fuisse
723 900 747 925 a
779 898 972 926 sermone
994 883 1092 924 inde
1115 881 1465 932 conc-ludendum,
1497 881 1612 934 quod

105 967 337 1006 numquam
369 953 483 1006 apud
525 953 709 994 comicos
749 952 984 1003 invenitur,
1024 964 1285 1005 quamquam
1315 949 1358 990 in
1388 949 1612 990 Plautinos

104 1021 238 1063 libros
282 1021 537 1074 aliquotiens
578 1021 817 1062 scribarum
858 1020 1067 1061 incuriast
1105 1018 1284 1059 illatum.
1346 1031 1397 1059 ea
1428 1032 1495 1059 res
1526 1017 1611 1070 pri-

105 1103 218 1130 mum
250 1089 436 1130 advertit
468 1089 748 1130 Ritschelium
786 1088 968 1144 [pai-erg.
994 1090 1096 1139 5163
1128 1100 1270 1140 opusc.
1293 1086 1346 1137 ΙΙ,
1370 1086 1483 1140 431]
1537 1085 1611 1126 sed

104 1161 152 1198 ut
191 1157 392 1210 gravitati
427 1158 574 1211 epicae
614 1157 721 1199 bene
764 1156 1017 1198 conveniens
1053 1169 1202 1197 rursus
1239 1154 1421 1196 adscivit
1450 1154 1612 1195 Ennius

103 1226 147 1266 in
179 1225 363 1267 Annales
394 1226 588 1279 exemplo
619 1225 695 1266 tali
727 1224 864 1281 [258]:

219 1308 274 1339 ast
298 1305 357 1339 hic
387 1305 493 1349 (astic
518 1305 624 1349 edd),
652 1316 759 1349 quem
785 1316 881 1338 nunc
907 1307 946 1338 tu
973 1307 1047 1337 tam
1074 1303 1228 1338 torviter
1256 1301 1482 1346 increpuisti.

106 1377 331 1427 praeterea
360 1374 403 1414 in
435 1373 595 1415 eisdem
626 1373 692 1415 bis
725 1387 819 1414 cum
853 1386 1007 1427 magna
1039 1371 1347 1426 probabilitate
1378 1384 1610 1424 reposuere

104 1441 219 1483 docti
249 1442 310 1483 sic
341 1441 460 1498 [2213
494 1441 615 1498 319]:

309 1525 366 1556 ast
392 1523 511 1556 animo
538 1525 723 1566 superant,
751 1524 792 1555 ut
818 1532 984 1565 quaeque
1011 1520 1232 1564 asperrima3
1259 1530 1374 1553 casus.

310 1582 366 1613 ast
394 1590 546 1613 occasus
572 1579 634 1613 ubi
658 1582 849 1622 tempusve
874 1578 1009 1612 audere
1035 1577 1221 1622 repressit.

103 1647 146 1687 in
185 1647 306 1689 libris
337 1651 403 1689 est
435 1647 663 1700 utrobique
694 1655 776 1688 aut.
817 1671 871 1677 —-
910 1660 1039 1700 porro
1069 1647 1223 1687 Accius
1262 1645 1304 1686 in
1336 1644 1518 1686 Bacchis
1558 1643 1610 1685 de

103 1715 212 1757 sole:

309 1800 315 1806 .
337 1800 344 1807 .
364 1773 534 1817 splendet
560 1784 680 1817 saepe,
706 1774 763 1806 ast
786 1772 883 1806 idem
910 1772 1042 1806 nimbis
1068 1771 1254 1805 interdum
1279 1771 1419 1815 nigret,

103 1846 177 1888 ubi
207 1846 289 1888 fuit
319 1847 392 1900 qui
421 1847 637 1888 coniceret
663 1846 935 1887 scribendum
968 1854 1010 1887 at
1041 1849 1165 1887 isdem
1196 1846 1291 1898 (pro
1324 1846 1458 1897 idem),
1491 1845 1610 1885 cuius

103 1914 265 1956 formae
298 1919 473 1968 praeter
501 1929 631 1956 unum
664 1915 805 1956 Plauti
834 1928 1003 1955 versum
1036 1913 1266 1968 [Amphitr.
1298 1913 1372 1964 III,
1405 1916 1441 1963 2,
1465 1912 1533 1968 64]
1569 1915 1610 1953 et

103 1983 403 2037 inscriptiones
447 1983 656 2036 quasdam
696 1996 779 2024 non
826 1986 946 2023 extat
992 1986 1156 2023 certum
1199 1981 1450 2035 exemplum.
1513 1995 1609 2021 con-

103 2051 282 2092 ferenda
313 2065 423 2104 quae
455 2052 729 2092 commentati
761 2065 906 2092 sumus
947 2050 1001 2092 ad
1034 2050 1158 2091 Ennii
1190 2049 1416 2091 Annalium
1448 2063 1484 2089 V.
1517 2052 1610 2090 560.

102 2132 201 2161 mox
232 2133 258 2160 a
284 2119 488 2160 Cicerone
519 2120 562 2160 in
596 2119 766 2160 Arateis
798 2118 1039 2160 adhibitum
1071 2126 1133 2159 ast
1164 2126 1296 2159 autem
1328 2118 1409 2159 sic:

309 2202 365 2233 ast
389 2202 511 2233 autem
535 2199 636 2233 tenui
661 2210 753 2243 quae
780 2199 912 2233 candet
938 2199 1075 2233 lumine
1097 2197 1239 2232 Phatne

104 2273 264 2327 duplici
304 2272 501 2314 firmatur
542 2273 748 2314 Prisciani
788 2273 1031 2315 testimonio
1076 2273 1225 2329 [10343
1269 2272 1403 2328 1170}
1472 2285 1610 2324 neque

105 2341 311 2383 abhorret
349 2355 374 2382 a
414 2341 498 2383 fide
543 2342 585 2382 in
618 2342 823 2383 Varronis
862 2346 992 2399 Ταφῇ
1021 2344 1264 2385 Μενίππου
1306 2340 1395 2395 [17]
1437 2340 1607 2381 restitu-

103 2409 279 2451 endum:

309 2470 365 2500 ast
389 2468 425 2500 in
451 2467 637 2511 segetibus
662 2469 747 2511 post
770 2478 925 2501 messem
952 2467 1175 2511 colligebant
1201 2469 1411 2509 stramenta,

310 2524 369 2567 qui
397 2523 578 2558 domicilia
607 2524 780 2558 colerent.

104 2591 177 2632 ubi
210 2591 378 2632 codices
405 2599 457 2633 at.
502 2617 555 2621 ——
597 2592 671 2633 sed
713 2592 959 2634 abstinuere
1003 2593 1152 2634 eodem
1196 2592 1402 2633 vocabulo
1441 2591 1609 2645 plures:

104 2659 305 2710 Lucilius,
337 2660 573 2710 Lucretius,
606 2660 811 2711 Catullus,
841 2661 1047 2702 Horatius
1077 2661 1119 2701 in
1150 2661 1293 2715 lyricis
1327 2664 1370 2701 et
1392 2659 1609 2713 Epistulis.

104 2741 201 2767 nam
242 2728 284 2768 in
327 2728 523 2768 iambicis
566 2732 608 2769 et
639 2728 808 2769 Saturis
848 2729 957 2770 haec
995 2729 1212 2770 habentur
1252 2728 1374 2769 initia
1411 2741 1610 2768 versuum

107 2794 189 2849 [15,
222 2798 296 2846 243
329 2795 360 2846 I,
394 2799 430 2846 6,
465 2799 566 2847 125;
599 2800 635 2846 8,
669 2797 711 2850 6]
755 2795 837 2837 ‘ast
869 2810 942 2848 eyo
973 2795 1185 2845 weiss-inst,
1229 2796 1311 2837 ‘ast
1342 2799 1410 2837 ubi
1439 2809 1498 2836 me
1523 2800 1609 2847 fes-

104 2861 229 2911 sum',
273 2862 356 2903 ‘ast
387 2867 628 2913 inportunas
656 2863 878 2906 volucrex’.
916 2891 969 2894 —
1001 2879 1146 2906 verum
1179 2865 1233 2906 ab
1258 2865 1435 2917 Augusti
1467 2868 1608 2905 aetate

104 2930 212 2972 haec
243 2931 381 2973 forma
412 2932 501 2973 sine
533 2931 777 2973 discrimine
807 2934 1068 2987 tragicorum
1103 2938 1232 2988 atque
1265 2933 1484 2987 epicorum
1517 2947 1609 2974 car-
