1898 3292
737 189 856 214 LIBER
875 186 1082 215 SECVNDVS.
1587 179 1596 214 1
1611 177 1662 216 75

272 295 462 347 Recepta
507 295 646 333 autem
695 292 749 333 ab
796 305 845 333 eo
891 290 1028 332 forma
1071 290 1179 331 haec
1227 293 1292 330 est
1338 303 1448 342 quae
1495 288 1544 329 fit
1585 303 1664 342 per

158 363 390 403 anaclasim
405 377 413 403 z

508 428 521 445 Ι
589 427 602 444 Ι
670 427 683 444 Ι
878 426 891 443 Ι
959 425 972 442 Ι
1041 425 1054 442 Ι

433 426 732 459 υυ-υ-υ--Ι
767 422 769 466 Ι
803 437 1058 457 υυ-υ-υ-

430 481 553 524 itaque
578 483 619 514 ut
644 480 791 513 domum
820 479 987 524 Cybebes
1013 478 1170 522 tetigere
1200 477 1374 519 lassulae3

157 550 231 591 sed
270 550 353 601 ita,
390 553 438 590 ut
472 549 738 603 paenultima
769 547 958 602 exceptis
989 546 1183 588 versibus
1216 549 1421 599 quattuor
1464 546 1557 600 [143
1591 548 1662 596 353

161 622 233 670 733
267 618 339 672 76]
372 618 563 659 solvatur
593 618 723 659 arsis:

436 703 547 736 super
571 692 644 726 alta
669 694 796 725 vectus
823 690 924 724 Attis
950 690 1060 724 celeri
1086 692 1159 723 rate
1184 688 1310 722 maria.

163 775 290 814 quam
342 775 431 801 rem
478 763 645 801 veteres
693 759 963 813 grammatici
1004 741 1254 813 [Terentian
1285 760 1394 798 2892
1427 756 1508 810 sq.]
1550 756 1666 796 haud

160 829 347 870 absurde
378 828 476 869 inde
508 828 794 882 repetierunt,
836 826 949 880 quod
988 827 1049 867 sic
1080 826 1271 867 enervati
1302 825 1438 878 magis
1471 828 1514 865 et
1542 824 1668 865 fracti

157 898 271 938 irent
301 897 478 948 numeri,
509 897 635 938 metri
666 896 902 937 referentes
929 894 1165 936 mollitiam.
1200 919 1251 923 ——
1281 893 1411 945 etiam·
1443 893 1583 946 prima
1604 893 1670 933 vel

159 966 348 1007 secunda
378 966 534 1019 prioris
570 964 830 1006 hemistichii
864 963 1007 1004 diduci
1039 966 1183 1016 potest
1210 963 1332 1012 arsis,
1364 965 1432 1002 ut:

436 1045 498 1080 ubi
523 1045 647 1088 capita
674 1043 873 1078 Maenades
898 1043 943 1077 vi.

433 1102 571 1152 tibicen
596 1101 660 1136 ubi
687 1102 789 1135 canit
813 1100 948 1145 Phryx.

160 1184 238 1211 nec
278 1174 422 1211 tamen
463 1174 692 1224 utramque
736 1169 861 1211 simul
892 1169 1014 1210 decet
1051 1167 1248 1209 rescindi.
1309 1182 1406 1209 nam
1451 1167 1493 1207 in
1532 1170 1668 1207 metro

159 1239 231 1280 illo
263 1239 373 1294 [63],
412 1239 527 1292 quod
561 1239 731 1292 incipit:
1165 1237 1168 1239 ’

436 1329 504 1363 ego
530 1318 671 1362 mulier,
698 1320 766 1362 ego
793 1317 1018 1360 adulescens,

163 1387 382 1428 verissime
404 1387 651 1428 restitutum
674 1400 699 1427 a
721 1386 939 1438 Scaligero
961 1385 1003 1426 id
1028 1384 1141 1438 quod
1165 1398 1291 1426 sensu
1318 1383 1565 1436 flagitatur:
1598 1397 1672 1434 eqo

157 1458 304 1506 puber.
353 1480 408 1485 —
451 1455 761 1509 paenultimam
802 1454 1004 1495 diducere
1038 1454 1153 1495 solus
1186 1453 1390 1494 sustinuit
1421 1452 1671 1493 Maecenas:

435 1534 521 1569 ades
546 1537 583 1569 et
607 1537 759 1569 sonante
785 1527 927 1579 ty'pano
958 1536 1067 1577 quate
1094 1532 1255 1568 flexibile
1284 1531 1406 1576 caput.

280 1604 336 1644 At
375 1603 417 1644 in
457 1607 580 1657 parte
623 1603 761 1644 altera
807 1617 902 1644 cum
944 1616 1081 1656 paene
1124 1615 1293 1655 semper
1335 1599 1524 1641 secunda
1565 1599 1674 1640 arsis

162 1671 379 1726 pyrrichio
401 1671 622 1723 reddatur,
652 1671 917 1725 praecedens
948 1685 1032 1712 non
1063 1670 1172 1712 solet
1203 1669 1357 1710 divelli.
1411 1667 1521 1709 male
1543 1668 1674 1720 igitur

163 1740 463 1782 Lachmannus
510 1741 601 1795 [74]
650 1738 823 1781 ‘sonitus
864 1740 962 1781 abie't
998 1738 1118 1780 θεῖόν.
1179 1737 1362 1791 ideoque
1403 1736 1673 1791 probabilest

164 1809 394 1850 admodum
425 1809 468 1850 in
500 1809 583 1850 alio
615 1812 751 1850 metro
785 1808 899 1863 [91]:

439 1888 507 1922 dea
535 1892 678 1932 magna,
706 1888 774 1921 dea
800 1887 960 1931 Cybebe,
987 1886 1056 1921 dea
1081 1886 1232 1920 domina
1256 1884 1430 1929 Dindymi

165 1956 458 2010 reponendum
481 1971 576 1998 cum
599 1956 841 2009 Scaligero:
876 1956 1036 2007 Didymi
1065 1955 1145 1996 deci
1177 1954 1350 2003 domimi,
1383 1953 1494 1994 sicut
1518 1952 1677 2005 legitur

168 2025 211 2065 in
261 2024 391 2078 glosis
441 2024 798 2078 Lugdunensibus
847 2026 990 2079 [mser.
1024 2023 1116 2064 Lat.
1149 2023 1270 2064 Voss.
1305 2022 1348 2063 F.
1383 2022 1455 2076 82]
1503 2024 1676 2073 Dyde'ma

165 2107 277 2134 mons
308 2096 502 2145 Fryyiae.
553 2107 632 2134 nec
660 2106 760 2134 vero
791 2093 946 2134 mirum
969 2091 1182 2133 Catullum
1211 2091 1282 2132 hic
1313 2093 1474 2142 Didymi
1506 2089 1677 2138 dixisse,

167 2161 270 2202 alibi
304 2162 396 2216 [13]
428 2165 721 2214 Dindymenae,
755 2175 851 2202 cum
881 2161 923 2201 111
948 2159 1097 2202 eodem
1120 2159 1307 2201 carmine
1329 2159 1454 2200 modo
1487 2165 1677 2210 lypatmm

164 2230 370 2283 posuerit,
401 2230 528 2271 modo
561 2236 803 2282 tympanum.

280 2298 527 2352 Pyrrichius
569 2298 691 2339 initio
732 2296 1101 2339 hemistichiorum
1138 2296 1305 2350 positus
1345 2297 1489 2350 potest
1520 2294 1679 2335 mutari

168 2366 308 2420 longa.
360 2380 622 2420 quamquam
652 2366 696 2407 id
726 2366 776 2407 fit
802 2379 924 2418 raro3
957 2365 1088 2407 semel
1109 2367 1253 2406 tamen
1284 2364 1376 2419 [73]
1407 2364 1450 2404 111
1472 2366 1678 2415 utroque:

440 2446 516 2480 iam
540 2446 614 2480 iam
640 2446 742 2480 dolet
768 2445 866 2490 quod
892 2445 961 2489 egi,
988 2445 1064 2478 iam
1090 2444 1234 2487 iamque
1259 2444 1433 2487 paenitet.

283 2514 443 2565 Varro,
476 2514 549 2568 qui
579 2528 663 2554 non
694 2513 821 2555 modo
852 2516 983 2567 poeta
1019 2512 1122 2563 fuit,
1165 2511 1240 2553 sed
1281 2515 1324 2553 et
1360 2510 1678 2565 grammaticus,

170 2595 255 2622 non
286 2581 495 2623 abstinuit
530 2596 555 2623 a
585 2581 813 2636 principali
845 2581 985 2622 forma
1014 2580 1153 2622 metri.
1204 2594 1303 2621 nam
1334 2580 1533 2621 videntur
1563 2581 1679 2618 recte

170 2650 331 2691 habere
361 2650 406 2690 hi
436 2664 605 2692 versus:

445 2730 496 2763 510
523 2732 574 2764 510
599 2730 661 2764 1110
687 2729 830 2774 puellus
855 2728 1013 2764 Veneris
1039 2731 1191 2772 repe'nte
1216 2728 1328 2762 Adon

445 2786 580 2820 cecidit
605 2789 778 2820 cruentus
804 2786 902 2819 011111.

445 2843 512 2877 tibi
538 2840 673 2888 typana
698 2847 770 2876 11011
798 2843 895 2876 inani
921 2841 1042 2876 sonitu
1068 2841 1186 2876 matri'
1212 2840 1321 2874 deum

446 2900 617 2942 tollimus,
644 2899 774 2933 modos
801 2900 867 2933 tibi
892 2903 969 2942 1105,
996 2899 1064 2933 tibi
1088 2898 1185 2931 nunc
1213 2898 1382 2932 semivirlss
