1898 3292
239 214 319 252 572
837 219 1074 244 Opvscvnvm
1094 219 1147 244 111.

239 326 433 364 similiter
487 326 746 364 excusantur
801 322 841 361 in
899 321 1076 361 diversis
1136 320 1283 360 metris
1338 332 1415 371 per
1462 319 1743 359 enumeratio-

239 408 333 433 nem
365 394 512 433 iuncta
543 390 913 439 homoeoteleutis,
947 404 1057 442 quac
1091 403 1239 429 sensus
1273 388 1431 428 artiore
1464 387 1630 427 vinculo
1664 401 1747 427 non

240 461 512 509 cohaereant,
546 463 593 500 ut
624 463 689 500 est
719 458 908 513 [Hippol.
944 457 1065 511 653}

448 564 591 596 inerant
615 562 761 595 lacertis
789 560 958 594 mollibus
984 560 1096 593 sortes
1121 559 1192 592 tori

446 624 603 663 tuaeque
629 619 797 653 Phoebes
822 618 943 651 vultus
968 620 1031 650 aut
1056 617 1197 651 Phoebi
1222 618 1304 650 mei.

243 717 393 753 contra
435 711 585 752 alienis
628 708 950 751 condicionibus
993 709 1181 749 admissa
1221 708 1359 760 figura
1400 708 1658 760 ubicumque
1689 708 1749 746 in-

242 782 453 829 venietur,
486 795 511 820 a
544 794 662 826 casu,
692 792 774 818 non
807 792 832 817 a
864 777 1040 818 consilio
1078 780 1309 830 repetetur.
1370 791 1507 829 neque
1539 790 1638 816 vero
1672 776 1753 816 erit

243 850 395 890 mirum
428 849 470 888 in
504 851 569 888 tot
599 846 770 887 milibus
793 860 991 886 versuum
1016 850 1057 886 et
1080 849 1366 897 exsuperante
1399 845 1523 898 copia
1553 844 1752 884 homoeo—

243 918 433 958 teleuton
466 915 697 968 aliquando
730 914 902 967 regulas
946 928 1077 967 supra
1118 913 1363 967 propositas
1406 913 1600 966 migrari,
1644 926 1753 965 quae

243 1001 295 1027 ne
335 986 377 1026 in
419 987 689 1038 pentametro
732 983 902 1035 quidem
947 982 1115 1031 cadem,
1158 996 1243 1034 qua
1273 970 1451 1022 visumst
1481 981 1754 1021 Lachmanno

244 1054 318 1109 [ad
350 1054 471 1107 I'rop.
503 1054 539 1103 I,
574 1058 610 1101 5,
644 1052 735 1106 20],
779 1052 1010 1104 exiguntur
1049 1050 1292 1091 severitate.
1354 1050 1570 1090 difficilius
1612 1053 1754 1089 tamen

244 1124 368 1175 longe
399 1122 578 1163 inibitur
604 1135 807 1162 numerus
830 1119 1123 1172 exemplorum
1147 1118 1497 1171 respondentium
1520 1118 1603 1170 legi
1627 1132 1755 1170 quam

245 1191 578 1232 adversantium.

363 1271 447 1312 Sed
494 1270 545 1311 de
592 1269 777 1323 plurium
825 1268 1085 1322 syllabarum
1131 1266 1487 1308 homoeoteleutis
1531 1282 1672 1320 pauca
1712 1271 1759 1307 ut

249 1340 476 1389 addantur,
522 1353 604 1380 non
636 1337 901 1379 morabimur
935 1336 1131 1389 equidem
1167 1335 1348 1376 Ennium
1382 1340 1423 1376 et
1456 1335 1759 1388 pubescentem

249 1414 384 1449 artem
417 1407 597 1448 necdum
629 1406 832 1447 adultam.
896 1420 991 1445 nam
1024 1405 1065 1445 in
1100 1403 1312 1453 versibus,
1346 1418 1452 1456 quos
1482 1405 1574 1444 iure
1607 1405 1759 1444 Eume-

248 1477 420 1518 nidibus
453 1478 542 1517 eius
575 1475 730 1516 tribuit
762 1474 1052 1522 Hermannus,
1094 1477 1315 1513 ternarum
1356 1472 1464 1512 adeo
1498 1472 1760 1525 syllabarum

249 1550 481 1586 concentus
511 1545 670 1598 legitur
700 1543 744 1583 in
774 1543 857 1583 fine
890 1542 1013 1582 metri
1043 1541 1142 1581 talis
1175 1541 1277 1595 [230
1308 1542 1441 1594 sqq.]:

527 1647 669 1681 caelum
695 1648 885 1687 nitescere,
914 1645 1063 1677 arbores
1090 1642 1337 1683 frondescere,

527 1705 618 1738 vites
644 1702 823 1737 laetificae
850 1702 1032 1746 pampinis
1058 1701 1272 1745 pubescere,

529 1761 617 1794 rami
644 1761 818 1794 bacarum
846 1760 1013 1793 ubertate
1040 1758 1307 1791 incurvescere.

252 1854 473 1895 fatendum
520 1857 665 1894 tamen
710 1852 752 1892 in
798 1851 1148 1891 hexametrorum
1202 1847 1513 1902 dactylicorum
1558 1849 1763 1889 trochaeo

252 1924 468 1963 finitorum
503 1922 618 1962 exitu
652 1920 830 1961 eandem
858 1918 1041 1971 figuram
1064 1916 1174 1957 binis
1198 1916 1372 1970 syllabis
1396 1917 1765 1969 circumscriptam

253 2006 388 2044 usque
420 1991 473 2031 ad
498 1993 677 2030 mortem
702 1988 882 2040 Augusti
905 1986 970 2026 vel
1003 1985 1117 2038 apud
1145 1985 1327 2037 optimos
1349 1985 1527 2025 inveniri
1552 1989 1763 2025 auctores.

255 2060 475 2112 adscripta
506 2057 619 2098 infra
651 2060 749 2097 sunt
781 2055 977 2108 exempla
1001 2055 1109 2101 XVI,
1143 2067 1252 2106 quae
1286 2067 1337 2093 ex
1361 2053 1549 2106 Vergilii,
1584 2053 1764 2103 Horatii,

255 2127 392 2169 Ovidii
425 2126 547 2167 libris
581 2125 843 2166 notavimus:
875 2122 1014 2164 bucol.
1048 2127 1084 2169 4,
1119 2124 1183 2171 50,
1218 2126 1291 2173 513
1325 2126 1361 2171 9,
1399 2125 1460 2170 11,
1494 2126 1539 2172 2,
1573 2135 1663 2162 aen.
1698 2121 1766 2166 VI,

255 2201 349 2246 848,
383 2200 429 2247 4,
462 2195 573 2244 VIII,
603 2197 696 2235 848.
729 2197 774 2244 73
806 2193 878 2243 IX,
915 2195 1006 2240 182,
1037 2195 1080 2241 8,
1111 2189 1163 2237 Χ,
1196 2193 1291 2240 804,
1324 2194 1369 2241 5,
1402 2193 1479 2231 sat.
1512 2190 1541 2239 l,
1575 2193 1609 2234 1,
1634 2193 1699 2240 78,
1723 2194 1766 2240 9,

256 2280 320 2318 ep.
354 2264 403 2314 II,
436 2267 472 2313 3,
502 2267 568 2311 99,
605 2265 708 2312 1003
741 2264 910 2301 metam.
945 2260 975 2307 I,
1012 2263 1076 2309 67,
1111 2262 1157 2309 83
1192 2260 1285 2308 682,
1320 2262 1365 2309 33
1398 2258 1467 2307 IV,
1501 2262 1594 2305 766,
1619 2261 1663 2306 73
1699 2257 1767 2301 VI.

258 2338 351 2382 080,
384 2336 460 2383 40,
501 2330 616 2380 Vffl,
649 2333 742 2379 880,
777 2333 822 2380 7,
865 2331 960 2375 441,
994 2331 1038 2378 23
1081 2326 1137 2370 X.
1170 2330 1264 2369 347.
1297 2330 1342 2377 8,
1386 2326 1477 2375 XV,
1511 2330 1576 2370 70,
1611 2330 1674 2366 71.
1715 2350 1768 2355 -

258 2400 403 2442 omissi
444 2403 542 2440 suut
584 2413 609 2439 a
650 2397 772 2438 nobis
818 2397 900 2437 loci
949 2409 1125 2436 numero
1172 2395 1261 2435 fere
1303 2408 1452 2447 pares,
1498 2394 1572 2435 ubi
1620 2394 1768 2434 eadem

257 2468 528 2510 iterabantur
569 2466 712 2507 verba.
751 2490 803 2495 —-
851 2479 902 2505 ne
947 2464 1059 2517 apud
1107 2466 1301 2516 posteros
1348 2462 1519 2515 quidem
1563 2461 1770 2503 eiusmodi

258 2536 630 2578 homoeoteleuton
665 2538 729 2575 est
762 2533 1020 2581 inauditum,
1053 2531 1182 2572 veluti
1216 2530 1330 2584 apud
1360 2531 1431 2571 Sil.
1464 2531 1533 2579 IV,
1571 2534 1660 2576 150,
1695 2534 1769 2581 513

258 2606 327 2655 VI,
373 2609 466 2655 375,
500 2609 544 2655 6,
588 2604 703 2651 VIII,
742 2606 836 2650 422,
880 2607 927 2652 ὃς
968 2601 1109 2641 Iuven.
1143 2604 1178 2650 7,
1216 2603 1306 2648 195,
1340 2602 1375 2639 6.
1417 2623 1471 2627 „-
1523 2598 1770 2639 abstinuere

258 2678 403 2714 tamen
435 2673 583 2713 eodem
615 2672 738 2724 longe
770 2671 926 2724 plures.
958 2693 1013 2699 -—
1056 2668 1218 2708 minore
1261 2667 1358 2707 odio
1396 2666 1589 2707 eademst
1620 2667 1769 2718 figura,

261 2741 432 2794 quando
475 2741 516 2781 in
557 2740 672 2781 arsin
714 2739 802 2780 exit
832 2752 1000 2780 versus,
1041 2736 1083 2776 id
1127 2735 1241 2788 quod
1280 2735 1487 2775 trimetris
1524 2733 1772 2774 declaratur

261 2811 460 2849 Senecae.

376 2879 635 2919 Attenuatur
658 2879 799 2916 autem
824 2874 1103 2927 aliquantum,
1136 2886 1219 2913 11011
1243 2871 1425 2919 omnino,
1454 2869 1769 2910 homoeoteleu-
