1898 3292
748 248 868 272 LIBER
885 248 1040 273 PRIMVS.
1598 241 1649 280 75

144 350 326 391 tinentia
359 354 668 391 conservarunt
697 350 943 400 Suetonius,
977 350 1183 401 VelleiuS,
1219 351 1307 401 alii,
1345 351 1507 392 nullum
1537 352 1650 393 illius

143 419 312 460 metrist
356 419 593 472 vestigium.
655 432 801 460 verum
846 418 945 460 inde
993 433 1018 460 a
1059 419 1212 460 Lucilii
1256 423 1450 473 tempore
1497 434 1651 474 magno

143 487 523 541 grammaticarum
545 501 687 528 reruni
712 487 853 529 studio
875 487 1032 529 iniecto
1054 487 1309 539 hominibus,
1342 503 1437 530 cum
1461 489 1652 530 carmina

143 556 436 598 vetustissima
465 556 756 598 Romanorum
799 556 1087 598 advertissent
1127 556 1374 610 plerosque,
1417 557 1653 598 extiterunt

144 625 216 678 qui
257 628 300 666 et
341 625 522 666 saturnii
557 625 683 666 metri
715 627 1013 666 scrutarentur
1046 625 1255 667 curiosius
1282 625 1409 679 leges.
1471 640 1651 680 quorum

141 693 379 747 principem
411 693 546 735 videri
577 693 709 735 fuisse
742 693 917 735 Accium
946 694 1032 734 iam
1063 708 1213 747 supra,
1260 708 1355 735 cum
1387 694 1438 736 de
1470 709 1519 736 eo
1553 709 1650 747 age-

141 776 248 813 rem,
281 761 581 804 demonstravi.
641 762 854 804 undevix
883 762 1118 814 dubiumst,
1150 777 1260 817 quae
1292 762 1344 804 de
1372 763 1455 804 isto
1488 763 1651 804 tradita

144 834 243 872 sunt
272 830 387 885 apud
419 830 575 872 aetatis
604 831 911 885 imperatoriae
943 835 1143 873 auctores
1176 832 1282 873 artis
1322 832 1423 886 quin
1462 832 1516 873 ad
1547 832 1651 873 Var-

142 913 289 941 ronem
332 913 382 940 ac
420 913 499 953 per
538 899 652 941 hunc
688 899 743 940 ad
771 900 947 942 Accium
982 900 1067 942 sint
1097 900 1336 942 referenda.
1397 915 1495 947 nam
1525 905 1567 941 et
1598 901 1651 942 ab

142 967 216 1008 illo
269 968 313 1009 in
354 967 478 1009 libris
528 968 579 1009 de
628 982 824 1010 sermone
861 969 1014 1010 Latino
1058 968 1384 1023 diligentissime
1430 970 1653 1011 metricam

143 1039 376 1078 tractatam
417 1039 460 1078 et
497 1037 728 1090 plurimum
770 1036 852 1079 hoc
894 1051 1023 1092 opere
1065 1051 1164 1079 usos
1207 1038 1482 1092 insequentes
1513 1052 1653 1092 gram-

145 1105 324 1147 maticos
357 1108 537 1146 constat.

256 1174 394 1227 Igitur
425 1173 562 1215 Varro
594 1174 771 1216 Accium
803 1178 992 1226 secutus,
1036 1176 1107 1229 qui
1146 1175 1310 1229 primus
1342 1179 1439 1229 post
1469 1175 1652 1217 Ennium

142 1242 413 1284 accuratiore
445 1242 500 1284 ad
523 1242 713 1284 Graecos
747 1243 890 1285 omnia
921 1244 1088 1285 rettulit
1117 1244 1272 1295 studio,
1306 1245 1435 1286 etiam
1468 1245 1650 1286 saturnii

141 1311 308 1352 numeri
340 1311 547 1364 originem
578 1311 695 1353 haud
727 1312 856 1354 dubie
886 1312 1148 1354 existimavit
1176 1313 1399 1365 Graecam,
1432 1328 1556 1367 quem
1581 1313 1653 1353 alii

142 1380 302 1421 rectius
336 1380 558 1434 proprium
591 1380 844 1422 Latinorum
875 1381 1068 1423 habuere
1099 1381 1169 1437 [cf.
1195 1381 1295 1423 Hor.
1320 1396 1383 1436 ep.
1402 1382 1453 1433 II,
1481 1386 1514 1432 1,
1540 1383 1651 1437 157}

142 1449 318 1502 eiusque
345 1449 508 1503 primus
550 1450 773 1491 constituit
814 1450 1012 1502 formam,
1055 1451 1175 1491 cuius
1207 1454 1255 1491 ut
1293 1451 1652 1504 perfectissimum

142 1531 164 1558 a
195 1517 413 1559 veteribus
443 1516 590 1559 afferri
623 1518 732 1560 solet
762 1519 1003 1574 exemplum
1033 1519 1268 1561 versiculus
1302 1519 1594 1561 Metellorum:

495 1598 630 1632 malum
657 1598 797 1633 dabunt
820 1599 964 1635 Metelli
989 1599 1128 1634 Naevio
1155 1602 1297 1645 poetae.

142 1666 295 1708 deinde
326 1670 474 1708 tantae
506 1671 743 1709 metrorum
774 1669 993 1721 varietati,
1033 1683 1161 1723 quam
1195 1669 1387 1711 videmus
1418 1669 1460 1710 in
1493 1669 1652 1711 saturis

141 1735 398 1790 Menippeis,
441 1736 552 1778 sicut
592 1736 719 1790 longo
761 1737 988 1779 intervallo
1032 1741 1130 1792 post
1172 1738 1474 1789 Terentianus,
1522 1738 1652 1779 etiam

144 1805 383 1846 saturnium
406 1818 631 1847 numerum
655 1805 825 1848 adiecit.
858 1820 908 1848 ac
929 1807 1124 1861 profecto
1148 1810 1360 1861 quotquot
1381 1806 1654 1848 inveniuntur

141 1873 255 1927 apud
287 1887 382 1915 eum
415 1874 610 1925 saturnii,
642 1875 904 1929 respondent
933 1875 1155 1917 doctrinae
1177 1880 1369 1917 veterum
1392 1875 1651 1917 notissimae.

141 1944 184 1983 et
220 1942 264 1982 in
303 1942 444 1996 prima
485 1942 657 1996 quidem
699 1943 885 1986 editione
928 1944 1125 1999 exempla
1169 1959 1194 1985 a
1234 1958 1300 1986 1110
1344 1945 1487 1999 posita
1528 1947 1652 1985 erant

140 2009 248 2052 haec
279 2010 417 2065 [Eum.
451 2015 497 2063 83
531 2015 577 2063 93
610 2016 654 2064 33
688 2015 763 2064 223
795 2027 939 2067 sexag.
973 2018 1015 2065 53
1045 2017 1092 2066 43
1125 2014 1190 2068 8]:

348 2091 505 2135 primum
532 2094 601 2125 iste
628 2092 689 2136 qui
712 2095 830 2127 meret
858 2094 1048 2128 sestertios
1073 2094 1232 2128 vicenos.

349 2148 434 2192 quia
458 2147 550 2192 plus,
574 2148 703 2193 inquit,
731 2153 872 2185 merere
899 2150 1020 2194 debet,
1046 2157 1083 2184 in
1110 2153 1219 2195 quost
1241 2151 1368 2185 virtus.

347 2217 444 2240 nunc
471 2206 594 2240 corius
620 2206 758 2241 ulmum
782 2207 860 2242 tuu'
887 2207 1062 2252 depavit?
1099 2207 1251 2253 pergis?
1276 2208 1369 2242 heia.

759 2264 853 2309 priu’
880 2277 987 2309 quam
1013 2265 1287 2310 responderem,

346 2320 436 2355 foris
461 2321 669 2365 nescioquis
696 2325 859 2366 occupat
883 2335 941 2357 res
966 2323 1140 2358 indicare.

347 2377 409 2412 ubi
434 2377 513 2411 tum
539 2379 687 2413 comitia
711 2379 906 2424 habebant,
933 2380 983 2415 ibi
1009 2392 1105 2415 nunc
1131 2381 1175 2415 fit
1197 2384 1393 2416 mercatus.

346 2437 434 2469 tunc
460 2434 611 2479 nfiptiae
636 2436 811 2472 videbant
836 2440 996 2472 ostream
1020 2437 1230 2472 Lucrinam.

896 2497 959 2528 aut
983 2495 1109 2529 avidus

345 2548 455 2583 iudex
481 2561 583 2584 reum
609 2550 770 2586 ducebat
794 2562 873 2586 esse
898 2550 1022 2586 κοινὸν
1045 2549 1191 2597 Ἑρμῆν.

141 2630 193 2658 ex
225 2616 382 2670 quibus
411 2621 556 2660 tamen
585 2619 733 2673 priora
764 2623 970 2673 quattuor
1000 2621 1205 2663 damnata
1226 2622 1270 2663 in
1292 2622 1478 2664 editione
1500 2622 1647 2674 Nonii,

139 2685 313 2737 relicua,
346 2700 457 2740 quae
489 2687 543 2728 ad
575 2688 786 2729 maiorum
808 2691 1015 2744 temporis
1038 2691 1309 2732 severitatem
1333 2691 1647 2744 frugalitatem-

141 2767 222 2806 que
262 2758 476 2808 spectant,
517 2770 593 2797 cur
634 2758 777 2811 prisco
816 2761 954 2800 metro
993 2759 1156 2813 scripta
1195 2759 1330 2800 videri
1373 2773 1522 2812 negem
1564 2773 1648 2800 non

138 2821 290 2863 habeo.
351 2824 615 2877 paenultimo
655 2840 756 2867 vero
800 2841 926 2868 versu
965 2827 1177 2881 probatur
1207 2828 1425 2869 licentiam
1457 2827 1647 2870 solvendi

139 2890 333 2932 trochaei
365 2893 569 2945 postremi
609 2896 657 2935 ut
690 2893 795 2936 alibi
836 2895 965 2938 etiam
998 2896 1040 2937 in
1077 2897 1270 2938 saturnio
1311 2910 1506 2938 servasse
1539 2897 1646 2943 Var-

138 2972 298 3001 ronem.
