1898 3292
710 273 828 298 mmm
848 273 1035 304 QVARTvs.
1542 266 1622 305 305

119 378 267 423 locum,
313 388 396 415 non
445 378 768 416 dulcior-eloctum.
841 389 892 415 ne
938 375 1123 416 Ausonio
1176 375 1346 428 quidem
1397 377 1622 418 convenire

117 447 234 495 puto,
270 443 384 495 quod
414 442 573 496 legitur
603 443 646 483 in
677 443 999 496 epigrammatis
1030 443 1143 497 [128,
1168 450 1190 484 3
1215 443 1317 499 sq.]:

368 528 545 563 muliebre
571 529 775 562 membrum
801 528 1105 572 quadriangulum
1132 529 1260 563 cernit.

367 585 548 629 triquetro
575 590 707 618 coactu
734 585 840 618 δέλτα
866 585 1025 619 litteram
1051 585 1164 619 ducit.

115 659 190 701 ubi
229 674 339 701 unus
378 659 489 700 liber
529 673 554 700 a
593 660 733 713 prima
774 673 903 701 manu
941 659 1074 701 habet
1114 664 1455 712 quadr-ammam.
1519 663 1622 703 scri-

115 728 301 769 bendum
316 744 323 769 ε

367 785 545 819 muliebre
571 785 772 819 membrum
804 796 887 818 cum
913 784 1203 829 quadrangulum
1230 786 1357 829 cernit,

366 842 546 886 triquetro
574 845 705 876 coactu
733 841 838 875 δέλτα
863 842 1024 876 litteram
1050 841 1162 875 ducit.

228 922 361 963 Porro
403 927 519 963 larva
565 926 607 963 et
652 926 819 963 larvalis
866 922 980 975 apud
1023 921 1222 963 Plautum
1269 927 1311 963 et
1354 923 1396 963 in
1437 923 1620 978 Priapeo

116 991 302 1044 quodam
347 989 429 1046 [32,
465 989 530 1046 12]
576 990 738 1031 habent
779 1005 804 1030 u
845 990 1054 1041 vocalem,
1096 993 1141 1031 at
1182 989 1287 1031 illud
1329 991 1443 1045 apud
1484 992 1620 1034 Hora·

113 1059 218 1100 tium
268 1058 314 1115 [s.
352 1059 388 1108 I,
427 1064 468 1109 5,
503 1058 570 1114 64]
623 1072 865 1099 consonam.
937 1062 1066 1112 atque
1111 1059 1173 1099 ita
1216 1058 1449 1101 christiani.
1517 1062 1619 1103 item

113 1132 258 1169 miluus
288 1141 423 1180 usque
455 1127 510 1168 acl
541 1127 784 1168 Phaedrum
819 1126 864 1182 [L
889 1130 953 1177 31,
978 1131 1021 1179 33
1057 1125 1123 1182 10]
1158 1140 1208 1167 ac
1240 1127 1433 1169 Persium
1467 1128 1520 1185 [4‚
1546 1129 1616 1186 26]

113 1197 270 1237 mansit
299 1195 593 1250 trisyllabum,
625 1209 723 1236 mox
753 1196 796 1236 in
827 1195 998 1236 brevius
1032 1199 1274 1237 artatumst.
1336 1196 1519 1251 denique
1554 1214 1617 1240 re-

113 1269 243 1306 licum
280 1267 533 1318 usurpatum
579 1278 603 1304 a
644 1264 851 1305 scaenicis
883 1264 1171 1317 Lucretioque
1216 1278 1266 1304 ac
1306 1264 1513 1307 Phaedro
1577 1272 1617 1309 et

112 1333 337 1374 Lucretius
359 1332 530 1386 quidem
551 1335 730 1386 propter
751 1331 951 1386 dactylici
968 1333 1134 1373 numeri
1156 1333 1456 1375 necessitatem
1480 1335 1618 1389 dupli·

113 1401 225 1442 cavit
255 1405 270 1442 l
298 1399 344 1457 [1‚
376 1404 480 1452 5603
511 1400 584 1451 III,
617 1404 719 1452 6463
752 1400 822 1450 IV,
851 1399 964 1456 973]
1025 1404 1123 1453 post
1154 1400 1398 1442 Phaedrum
1431 1402 1618 1445 obtinuit

112 1473 307 1520 reliquus,
341 1469 455 1523 quod
488 1472 632 1510 tamen
664 1469 736 1510 diu
767 1482 851 1510 non
882 1468 987 1509 satis
1017 1468 1152 1510 visum
1185 1468 1409 1511 urbanum.
1470 1472 1617 1525 itaque

113 1542 156 1579 et
186 1538 269 1579 hac
301 1538 439 1579 forma
469 1541 512 1579 et
542 1537 697 1591 priore,
734 1551 860 1591 quam
895 1536 1152 1591 dactylicum
1173 1541 1356 1579 metrum
1380 1545 1616 1593 respueret,

112 1606 358 1648 abstinuere
389 1606 583 1659 plerique
615 1619 724 1646 saec.
761 1607 775 1646 Ι
810 1609 986 1659 poetae,
1027 1619 1111 1646 non
1141 1610 1285 1647 tamen
1318 1606 1510 1658 Persius,
1548 1609 1616 1650 Iu-

112 1674 284 1725 venalis,
315 1674 539 1725 Martialis,
572 1674 763 1727 Sulpicia
794 1687 845 1715 ac
867 1673 1061 1715 duriores
1084 1674 1193 1727 epici
1216 1674 1380 1716 Statius
1402 1675 1617 1731 Siliusque

114 1741 183 1798 [cf.
208 1742 345 1784 Bentl.
378 1742 433 1783 ad
463 1741 644 1783 Phaedr.
678 1742 707 1783 I.
741 1745 805 1792 31,
841 1746 911 1793 133
943 1741 1116 1783 Lachm.
1148 1755 1216 1796 pg.
1247 1742 1359 1799 305]

225 1811 281 1851 Et
325 1810 368 1851 in
412 1810 478 1851 his
525 1810 698 1863 quidem
746 1809 943 1851 omnibus
993 1823 1078 1851 non
1126 1809 1344 1852 licentiam
1394 1813 1616 1855 metricam

111 1879 380 1933 scriptorum,
415 1878 490 1920 sed
519 1878 708 1932 vulgaris
741 1879 947 1920 sermonis
980 1892 1187 1932 agnosces
1220 1878 1519 1922 differentiam.
1572 1886 1617 1924 at

112 1948 248 1990 Varro
271 1947 386 2001 quod
410 1947 555 2000 posuit
580 1951 820 1998 promz'sqzce
848 1960 926 2000 pro
958 1946 1130 2000 vulgato
1152 1951 1388 1998 promiscue
1420 1962 1494 1990 seu
1517 1964 1616 2000 pro-

110 2019 232 2057 misce
259 2015 342 2057 hoc
373 2029 499 2056 versu
527 2014 649 2071 [Non.
681 2030 720 2068 p.
755 2014 852 2071 361]
899 2013 1057 2056 ‘cetera
1093 2019 1332 2067 stromisque
1363 2020 1484 2058 voluit
1516 2032 1616 2059 com-

113 2087 249 2125 munia
287 2081 478 2132 habere',
529 2083 572 2124 id
614 2083 767 2124 Lucilii
817 2082 1021 2139 [Cassiod.
1055 2083 1181 2140 2283]
1231 2084 1334 2125 fecit
1379 2090 1616 2127 commotus

113 2153 385 2201 auctoritate,
418 2152 491 2204 qui
512 2152 665 2193 statuit
695 2155 785 2193 tum
808 2155 925 2193 recte
957 2152 1057 2207 poni
1089 2168 1124 2203 q,
1158 2166 1253 2193 cum
1275 2152 1325 2204 ei,
1353 2153 1467 2206 quod
1491 2158 1556 2196 est
1581 2169 1615 2204 c,

113 2221 259 2261 statim
290 2235 316 2261 u
344 2219 490 2261 littera
521 2224 563 2261 et
595 2220 679 2261 alia
712 2219 929 2273 quaelibet
952 2220 1110 2262 vocalis
1141 2221 1385 2274 iungantur.
1433 2221 1616 2276 denique

111 2295 328 2339 arquatum
358 2288 498 2329 tribus
531 2302 699 2342 semper
729 2288 905 2342 syllabis
936 2288 1137 2330 dixerunt
1167 2293 1334 2343 poetae.
1388 2295 1616 2343 praeterea

110 2357 154 2397 in
182 2359 280 2397 Gaio
310 2359 352 2397 et
379 2359 534 2397 Gaiano
566 2360 578 2397 ι’
608 2356 798 2397 vocalem
821 2360 1068 2398 constanter
1090 2360 1318 2398 servarunt
1339 2358 1615 2412 antiquiores,

111 2438 249 2478 neque
286 2424 411 2465 aliter
441 2424 722 2466 Terentianus
756 2424 884 2481 [897]
946 2425 1021 2466 sed
1062 2425 1388 2478 insequentibus
1433 2427 1616 2469 saeculis

112 2506 342 2534 consonam
380 2492 595 2546 placuisse
634 2497 861 2547 poetarum
904 2507 984 2535 usu
1025 2493 1088 2550 [ut
1115 2495 1272 2535 Auson.
1305 2493 1436 2547 epigr.
1470 2498 1534 2546 75,
1571 2499 1614 2547 l;

113 2566 156 2613 53
190 2560 231 2617 9]
281 2564 323 2602 et
362 2560 492 2602 Probi
538 2559 614 2617 [gr.
652 2560 725 2602 lat.
755 2561 831 2613 IV,
869 2561 964 2618 104]
1013 2575 1064 2603 ac
1103 2562 1314 2603 Prisciani
1359 2562 1615 2604 testimoniis

114 2628 168 2686 [p.
201 2628 298 2685 739]
347 2628 636 2670 confirmatur.
700 2628 884 2683 denique
915 2643 1000 2671 non
1031 2630 1253 2681 definiam,
1295 2643 1481 2683 quonam
1522 2631 1615 2672 iure

110 2698 223 2739 inter
253 2697 455 2752 synizesis
488 2696 684 2750 exempla
716 2697 973 2752 disyllabum
1004 2705 1123 2739 tenue
1153 2697 1405 2739 rettulerim.
1458 2699 1614 2740 etenim

112 2765 305 2819 quamvis
351 2764 468 2806 haud
507 2765 619 2806 raris
663 2765 869 2819 exemplis
905 2769 948 2807 et
986 2766 1029 2806 in
1072 2766 1154 2807 hoc
1185 2766 1315 2807 verbo
1355 2770 1397 2807 et
1429 2766 1472 2807 in
1502 2780 1614 2808 com—

110 2833 262 2887 positis
294 2832 597 2888 comprobetur
626 2847 651 2873 u
684 2833 861 2885 vocalis,
896 2848 1006 2887 quae
1039 2838 1081 2875 et
1111 2833 1327 2875 adseritur
1357 2833 1614 2876 Terentiano

114 2899 371 2957 [748—759]
423 2904 465 2942 et
503 2901 561 2950 ei,
610 2901 681 2953 qui
725 2902 897 2956 scripsit
940 2902 993 2943 ad
1035 2902 1323 2944 Caelestinum
1360 2901 1412 2943 de
1452 2903 1614 2946 ultimis

112 2969 285 3022 syllabis
340 2968 424 3024 [lu
466 2968 586 3024 257],
639 2970 820 3022 aliisque
873 2970 1141 3018 auctoribus,
1194 2974 1338 3011 tamen
1386 2984 1464 3012 nec
1508 2970 1614 3013 illud

180 3049 210 3072 l..
231 3049 420 3078 iuuenem
451 3049 493 3072 De
514 3057 533 3072 r,
554 3056 590 3073 m.
612 3057 638 3078 p.
659 3050 688 3072 Ι,Δ
1297 3040 1341 3070 :20
