1898 3292
773 226 892 252 LIBER
911 227 1090 258 varvs.
1600 220 1679 259 3955

179 330 380 378 efferimus
413 331 591 381 cogente
622 331 758 368 metro
791 332 992 382 correpta
1020 332 1035 369 i
1063 328 1223 370 elatum
1252 329 1406 370 asserit
1437 334 1588 371 auctor
1618 332 1681 371 in-

177 399 319 436 certus
345 395 397 437 de
427 395 589 436 ultimis
620 395 794 450 syllabis
829 395 904 452 [gr.
930 396 1020 437 Lat.
1043 396 1112 447 IV,
1136 395 1233 452 259]
1264 410 1341 438 nec
1371 398 1510 439 minus
1534 400 1681 440 Avitus

176 464 217 503 in
259 463 444 517 epistula
484 463 539 504 ad
573 463 856 504 Viventiolum
893 464 1108 505 rhetorem
1153 464 1236 520 [pg.
1269 467 1321 505 8ss
1355 466 1417 506 ed.
1448 466 1594 523 Peip.].
1626 493 1681 496 —

175 536 403 585 praeterea
428 531 501 572 illa
533 545 643 584 quae
674 536 773 573 sunt
801 535 845 572 iit
876 540 918 573 et
950 536 1073 583 petiit
1103 547 1196 574 cum
1221 534 1467 587 compositis
1490 535 1542 575 ad
1569 535 1679 576 Mar-

175 599 321 640 tialem
362 613 498 652 usque
541 599 745 641 habuisse
787 603 799 640 e·
838 600 1009 653 longam
1053 601 1168 653 quod
1209 601 1505 654 comprobavit
1544 604 1680 644 Lach-

174 680 353 709 mannus
391 666 528 724 [207],
572 668 691 709 cuius
730 672 1043 722 praeceperant
1085 669 1237 709 animis
1273 669 1432 710 inventi
1463 672 1677 712 notionem

175 735 390 788 quandam
435 750 528 776 cum
571 736 784 777 Gronovio
830 735 901 791 [ad
932 737 1038 777 Stat.
1071 736 1186 778 theb.
1221 737 1294 785 VI,
1329 737 1429 794 664]
1480 739 1680 780 Heinsius

177 802 247 858 [ad
280 804 352 844 Ov.
386 808 483 844 met.
516 804 551 854 I,
588 803 704 859 114]‚
747 804 874 845 huius
902 819 1004 846 usus
1037 805 1140 846 satis
1174 805 1341 846 mirifici
1375 820 1547 847 causam
1585 821 1677 848 cuin

173 885 256 913 non
295 871 510 913 addiderit
549 872 642 923 ille,
687 876 787 926 apte
830 872 929 914 inde
971 877 1166 927 repetere
1197 873 1364 923 videor,
1405 875 1541 927 quod,
1585 889 1678 916 cum

173 939 345 993 vulgato
376 953 457 981 usu
487 941 531 980 in
552 940 693 982 verbis
724 941 817 982 istis
849 941 986 982 eiecta
1018 956 1038 982 v
1069 942 1292 995 praeteriti
1327 943 1533 995 temporis
1559 944 1679 984 fieret

173 1008 410 1048 contractio
444 1008 655 1050 vocalium
686 1008 868 1062 parium,
899 1009 972 1050 ubi
1005 1014 1259 1063 sequeretur
1289 1026 1321 1059 s,
1352 1011 1394 1050 in
1426 1011 1556 1052 tertia.
1586 1025 1681 1065 per-

172 1088 276 1116 sona
317 1076 481 1117 numeri
524 1076 777 1130 singularis,
828 1078 1031 1128 Romani,
1083 1092 1135 1119 ne
1188 1078 1505 1120 committerent
1553 1093 1680 1133 pares

172 1143 362 1185 eiusdem
385 1144 641 1197 quantitatis
664 1145 844 1196 vocales,
878 1145 992 1199 quod
1025 1146 1197 1199 quidem
1229 1146 1396 1200 longest
1418 1147 1678 1189 iniucundis-

171 1211 335 1262 simum,
367 1212 594 1266 pristinam
625 1213 870 1255 maluerunt
900 1214 1087 1256 retinere
1118 1228 1375 1256 mensuram.
1427 1219 1543 1257 certe
1572 1216 1676 1257 illud

174 1283 361 1330 repetivit
400 1280 521 1322 brevi
565 1280 682 1323 finali
714 1286 834 1323 ext-at
863 1282 978 1336 apud
1012 1286 1231 1324 auctorem
1265 1283 1420 1325 Culicis
1450 1284 1581 1339 [392]
1626 1311 1675 1314 ——

171 1351 361 1389 ceterum
384 1347 486 1389 Silio
519 1349 652 1403 [XIIL
679 1350 777 1404 166]
808 1349 1109 1404 Sulpiciaeque
1142 1351 1233 1405 [23]
1265 1350 1426 1392 formas
1457 1351 1553 1393 illas
1584 1366 1676 1393 cor-

170 1419 294 1470 repta
324 1417 515 1471 potuisse
547 1418 690 1460 efferri
712 1419 864 1461 ultima
894 1420 937 1461 in
967 1420 1206 1462 hexametri
1242 1421 1358 1462 exitu
1390 1421 1452 1462 ita
1495 1419 1678 1462 ‘lransiis

170 1482 292 1533 idest,
337 1483 457 1527 ‘exiit
498 1484 643 1528 arces'
693 1487 1026 1530 christianorum
1076 1492 1303 1543 poetarum
1356 1503 1439 1530 non
1490 1489 1676 1530 efficitur

169 1554 447 1605 auctoritate,
486 1555 559 1608 qui
590 1555 761 1598 easdem
792 1556 953 1598 formas
985 1556 1252 1607 breviarum,
1286 1557 1416 1599 veluti
1448 1557 1513 1598 his
1546 1558 1674 1598 versi-

169 1621 248 1662 bus
279 1621 479 1664 Sidonius
511 1622 651 1678 [burg.
683 1624 828 1666 Leont.
863 1629 935 1677 283
967 1639 1119 1680 paneg.
1154 1625 1303 1667 Maior.
1340 1626 1458 1680 191]:

374 1715 583 1758 sumpserat
607 1711 677 1745 hoc
705 1722 857 1745 nascens
885 1712 1054 1755 primum,
1081 1722 1164 1746 cum
1190 1712 1335 1746 transiit
1362 1712 1457 1746 olim.

373 1770 525 1805 stridula
550 1768 699 1804 Pelidae
726 1780 792 1813 per
817 1767 966 1803 Troilon
993 1768 1082 1803 exiit
1108 1780 1227 1811 ornus,

168 1845 255 1887 sive
286 1845 482 1887 Aratoris
512 1844 647 1886 males
679 1844 741 1885 uti
773 1843 967 1898 exemplo
997 1844 1052 1899 [a.
1087 1857 1153 1898 ap.
1186 1844 1236 1895 ΙΙ,
1272 1844 1421 1899 1185];

372 1930 470 1964 virus
497 1930 610 1973 abest,
638 1930 753 1964 oculis
779 1941 861 1963 cum
888 1940 1080 1973 squamens
1110 1929 1200 1963 exiit
1224 1930 1364 1963 horror.

167 2008 317 2046 contra
338 2005 560 2058 antiquam
594 2005 878 2058 quantitatem
913 2018 949 2045 a.
973 2007 1057 2046 494
1087 2004 1266 2045 retinuit
1288 2004 1482 2045 Asterius
1510 2005 1551 2045 in
1584 2005 1672 2058 epi=

167 2076 405 2126 grammate
436 2073 657 2115 notissimo
690 2072 867 2126 Vergilii
897 2072 1153 2114 Florentini:

370 2153 473 2197 siqua
498 2153 615 2186 minus
639 2163 775 2186 vacuus
801 2152 992 2197 praeteriit
1017 2152 1167 2186 animus.

165 2227 238 2269 ubi
268 2230 413 2269 tamen
443 2227 594 2269 ultima
625 2231 799 2281 praeter
832 2241 918 2277 pra
950 2227 1034 2280 legi
1065 2227 1149 2268 iam
1182 2239 1263 2268 non
1294 2230 1486 2280 possunt.
1543 2241 1671 2281 porro

165 2299 334 2347 sanquis
375 2295 492 2337 haud
527 2295 590 2336 ita
620 2295 770 2349 paucis
801 2294 908 2336 locis
938 2295 1192 2348 producitur
1224 2308 1249 2335 a
1279 2296 1418 2349 poetis
1449 2309 1584 2349 usque
1616 2295 1669 2336 ad

163 2364 287 2405 finem
321 2363 481 2405 saeculi
514 2377 553 2417 p.
586 2363 682 2405 Chr.
714 2364 745 2415 Ι,
775 2362 901 2417 longe
939 2377 1034 2405 cum
1065 2363 1238 2417 saepius
1270 2364 1541 2417 corripiatur.
1604 2364 1671 2404 cui

164 2431 345 2473 similem
376 2432 419 2473 in
451 2445 520 2484 eo,
562 2431 677 2485 quod
717 2434 781 2473 est
816 2435 969 2482 pulvis,
1011 2432 1299 2485 quantitatem
1330 2431 1468 2472 finalis
1502 2432 1671 2473 videtur

164 2500 365 2541 adserere
396 2499 587 2542 Maronis
618 2503 801 2542 metrum
832 2500 919 2541 tale
951 2500 1062 2554 [aen.
1092 2500 1122 2551 Ι,
1154 2503 1206 2541 47
1214 2499 1276 2556 7]:

496 2616 499 2618 ,
606 2579 690 2613 huic
718 2579 914 2623 cervixque
940 2590 1140 2623 comaeque
1166 2579 1362 2614 trahuntur

438 2646 504 2680 per
528 2639 665 2670 terram
691 2639 728 2670 et
752 2647 855 2670 versa
881 2636 998 2680 pulvis
1024 2636 1238 2671 inscribitur
1263 2636 1377 2670 hasta.

162 2709 383 2752 fatendum
415 2713 560 2751 tamen
598 2723 772 2751 causam
813 2714 902 2751 tam
943 2710 1076 2751 mirae
1117 2710 1344 2763 prosodiae
1384 2710 1555 2751 minime
1593 2724 1667 2763 ap=

162 2792 325 2832 parere.
389 2781 578 2819 ceterum
611 2778 725 2831 quod
757 2778 915 2831 legitur
948 2778 1063 2832 apud
1093 2779 1357 2820 Victorinum
1389 2777 1529 2833 [2464]
1562 2778 1666 2819 illud

163 2849 340 2895 Samnis,
383 2846 483 2887 licet
523 2860 599 2899 per
640 2859 784 2888 omnes
825 2860 948 2887 casus
988 2850 1002 2886 ἰ
1043 2846 1213 2899 longam
1247 2846 1478 2896 custodiat,
1522 2850 1666 2887 tamen

161 2915 422 2956 nominativo
446 2918 642 2967 correpta
669 2918 681 2954 ἱ
703 2914 977 2964 efferendum,
1013 2919 1059 2955 ut
1081 2917 1262 2965 nmquis.
1288 2918 1437 2964 pulvis.
1472 2915 1666 2967 suspicor
