1898 3292
729 229 849 252 LIBER
866 229 1023 254 PRnrvs.
1553 223 1571 260 1
1579 224 1627 261 01

239 331 443 383 Sequitur
484 335 532 371 ut
574 334 847 383 conspertum
896 335 1128 372 metrorum
1177 332 1403 375 addamus.
1447 334 1630 386 primum

125 399 335 453 simplicia
366 413 563 440 versuum
597 412 765 450 genera,
799 413 896 439 mox
927 403 1162 453 systemata
1194 415 1289 441 cum
1321 403 1508 442 Senecae
1541 404 1632 455 qui-

124 467 305 508 busdam
353 467 532 508 canticis
579 467 757 508 liberius
803 466 964 508 habitis
1011 469 1266 509 enarraturi.
1340 473 1382 510 et
1429 484 1525 510 cum
1570 471 1633 511 ita

124 536 256 577 ferme
288 550 357 576 res
388 535 642 576 instituatur
673 535 794 576 libris
823 536 1025 586 metricis,
1057 540 1105 577 ut
1127 551 1152 577 a
1174 537 1392 578 trochaeis
1415 542 1457 578 et
1476 538 1632 580 iambis

124 604 178 645 ad
221 607 386 645 ceteros
427 603 688 657 procedatur
725 618 942 654 numeros,
994 618 1070 645 nos
1112 606 1256 659 potius
1297 620 1322 646 a
1368 606 1549 661 dactylis
1591 611 1632 648 et

123 673 369 727 anapaestis
401 672 732 726 descriptionem
765 672 999 723 ordiemur,
1036 673 1220 726 primum
1255 675 1369 728 quod
1403 675 1519 728 apud
1549 676 1631 716 Ro-

122 755 271 783 manos
315 741 487 782 heroico
527 741 696 782 demum
729 744 866 782 metro
897 741 1108 783 translato
1139 742 1280 783 evenit
1310 757 1361 784 ea
1392 743 1632 784 studiorum

124 811 254 860 ratio,
288 824 398 863 quae
430 809 648 851 hislibris
679 809 987 863 perlustratur,
1020 809 1173 851 deinde
1205 811 1307 864 quia
1337 816 1633 865 persuasumst

122 878 246 920 nobis
281 878 396 932 apud
426 879 541 932 ipsos
565 878 754 919 Graecos
788 892 915 931 pares
938 878 1129 932 rythmos
1151 880 1271 932 prius
1294 893 1422 933 quam
1444 880 1632 934 impares

123 947 400 988 concinnatos
433 960 526 988 esse
557 947 756 987 carmine.
808 960 937 1000 porro
970 961 1065 988 cum
1097 948 1229 989 ceteri
1262 948 1526 1001 singulorum
1558 949 1632 990 ad-

123 1020 296 1057 auctum
329 1019 564 1056 metrorum
597 1029 622 1056 a
651 1015 936 1056 minutissimo
969 1029 1140 1069 quoque
1173 1017 1258 1057 sint
1292 1018 1521 1070 persecuti,
1554 1032 1631 1058 nos

122 1084 256 1125 ferme
303 1098 329 1125 a
373 1083 637 1125 nobilissimo
685 1083 826 1124 exorsi
872 1084 1057 1125 relicuas
1114 1085 1304 1126 eiusdem
1357 1089 1432 1126 aut
1482 1086 1632 1127 similis

122 1153 287 1194 numeri
327 1152 687 1206 perlustrabimus
725 1153 900 1206 species.
963 1152 1138 1206 dignum
1181 1154 1293 1195 enim
1336 1155 1631 1196 existimamus

123 1221 351 1262 altitudine
393 1220 548 1262 indolis
592 1221 879 1271 Graecorum,
927 1225 974 1262 ut
1020 1221 1245 1263 credamus
1293 1223 1630 1276 perfectissimos

121 1304 314 1343 quosque
346 1274 493 1330 v⁸ersus
524 1314 578 1319 -—
611 1293 652 1330 et
684 1293 800 1330 certe
831 1289 1128 1331 hexametrum
1161 1290 1420 1345 dactylicum
1454 1296 1496 1332 et
1525 1292 1630 1332 iam-

123 1359 264 1399 bicum
287 1359 531 1399 trimetrum
554 1359 627 1411 qui
654 1357 866 1409 invenere,
898 1372 964 1400 me
997 1358 1168 1412 quidem
1202 1360 1236 1400 si
1267 1360 1428 1410 audies,
1457 1361 1632 1402 summis

122 1427 351 1468 cuiuslibet
380 1427 548 1467 >aetatis
597 1426 865 1479 exaequandi
914 1431 1012 1468 sunt
1056 1428 1238 1481 ingeniis
1283 1454 1338 1458 —-
1384 1428 1632 1470 abundante

122 1495 508 1537 diversissimorum
553 1495 710 1549 pedum
749 1509 800 1536 ac
840 1496 1107 1550 rythmorum
1151 1497 1275 1550 copia
1315 1498 1508 1538 inventos
1540 1511 1632 1538 esse

120 1564 299 1617 primos,
340 1568 389 1605 ut
431 1577 483 1605 ex
517 1564 622 1617 ipsis
664 1564 871 1617 originem
912 1565 1125 1606 traxerint
1164 1565 1359 1618 plerique
1390 1569 1631 1606 ceterorum

121 1633 239 1674 vario
291 1646 493 1674 successu
549 1633 756 1686 temporis
808 1633 1011 1686 artisque.
1088 1647 1222 1687 quare
1274 1634 1347 1687 qui
1398 1634 1631 1675 scindendo

125 1701 396 1754 secandoque
446 1701 687 1742 hexametri
738 1701 861 1754 quasi
907 1701 1102 1743 membra
1146 1702 1358 1744 invenisse
1403 1702 1485 1744 sibi
1535 1707 1634 1744 sunt

120 1769 353 1821 visi,‘mihi
386 1769 570 1823 quidem,
602 1769 761 1823 nequid
793 1769 1068 1821 dissimulem,
1099 1785 1183 1812 non
1216 1771 1631 1825 videntur'pruden-

121 1838 252 1879 tiores
281 1838 378 1888 illis,
411 1839 485 1891 qui
516 1838 721 1879 bracchia
753 1842 828 1879 aut
859 1838 990 1892 pedes
1023 1843 1098 1880 aut
1129 1839 1317 1892 aliquam
1347 1844 1515 1893 partem
1540 1854 1632 1880 cor-

120 1907 238 1961 poris
285 1906 460 1948 humani
507 1907 771 1960 reliquarum
813 1912 1036 1960 parentem
1079 1922 1170 1948 esse
1220 1908 1418 1949 dixerint.
1489 1908 1631 1962 placet

122 1989 213 2016 rem
246 1974 385 2016 alieno
426 1975 634 2016 illustrari
677 1974 883 2029 exemplo.
945 1975 1077 2017 veluti
1119 1976 1234 2030 apud
1264 1977 1466 2027 Iudaeos,
1507 1991 1631 2030 prae-

125 2044 295 2097 cipuam
327 2043 382 2085 ad
415 2043 644 2097 religiones
670 2048 857 2097 gentem,
895 2044 1183 2098 antiquissimi
1214 2047 1478 2086 monumenti
1509 2046 1631 2086 initio

121 2126 216 2153 cum
249 2112 420 2153 dicatur
450 2112 577 2153 homo
608 2113 750 2165 imago
783 2112 863 2163 dei,
895 2112 1007 2153 hanc
1036 2115 1312 2158 sententiam,
1346 2128 1476 2167 quam
1505 2114 1632 2154 simili

121 2180 398 2234 simplicitate
431 2184 474 2221 et
506 2180 746 2234 suptilitate
779 2194 903 2222 nemo
927 2181 1070 2222 extitit
1091 2182 1202 2222 inter
1223 2196 1416 2235 paganos
1440 2183 1512 2235 qui
1534 2196 1632 2236 pro-

119 2253 318 2303 poneret,
358 2263 458 2290 num
500 2250 630 2302 quasi
666 2250 821 2290 atomis
863 2250 1109 2303 opinionum
1142 2250 1372 2291 conflatam
1407 2264 1461 2291 an
1490 2251 1633 2304 potius

120 2318 250 2359 insita
271 2318 355 2359 illis
376 2318 585 2359 facultate
608 2322 724 2359 recte
748 2317 1031 2371 componendi
1053 2318 1196 2359 divina
1219 2323 1261 2360 et
1281 2319 1470 2360 humana
1493 2322 1633 2360 ortam

122 2400 215 2428 esse
267 2386 637 2427 existimabimus?
688 2387 751 2427 ita
796 2400 880 2427 non
932 2387 1088 2428 existet
1138 2401 1343 2441 umquam
1394 2387 1633 2429 hexametri

120 2459 290 2508 patrem
321 2458 590 2507 matremque
622 2455 695 2508 qui
724 2455 861 2508 possit
886 2455 1079 2496 indicare
1101 2456 1183 2496 nisi
1206 2456 1404 2510 rythmon
1428 2470 1478 2496 ac
1500 2456 1633 2497 melos

122 2527 165 2564 et
201 2523 423 2577 propriam
456 2523 722 2564 Graecorum
764 2523 961 2564 indolem.
1022 2537 1121 2565 nam
1164 2525 1306 2565 omnia
1345 2524 1540 2578 perfecta
1582 2538 1633 2564 ex

122 2605 166 2632 se
197 2595 445 2632 nascuntur.
498 2592 612 2644 quod
645 2606 741 2632 cum
771 2592 833 2632 ita
864 2592 931 2643 sit,
963 2606 1047 2633 non
1077 2592 1203 2634 modo
1234 2592 1412 2634 confusa
1443 2592 1632 2643 Vseneri,

123 2659 254 2700 etiam
294 2659 477 2701 belliora
518 2659 691 2713 Bergkii
736 2660 787 2700 de
836 2660 1000 2713 origine
1041 2675 1189 2702 versus
1227 2660 1341 2701 illius
1383 2674 1633 2713 spernemus

123 2731 376 2769 commenta.
430 2732 659 2781 praeterea
686 2728 856 2769 accedit
885 2728 1004 2779 illud,
1038 2729 1152 2782 quod
1173 2733 1327 2782 poetae
1348 2728 1503 2777 Latini,
1537 2742 1632 2769 cum

122 2797 276 2836 mirum
329 2800 538 2849 quantum
585 2796 775 2837 scholica
816 2797 1056 2838 eruditione
1097 2798 1359 2847 niterentur,
1410 2797 1631 2851 epiplocae

123 2864 305 2904 artificio
336 2878 419 2905 non
459 2868 664 2917 cognatos
697 2865 854 2916 solum,
898 2866 1027 2906 etiam
1067 2865 1229 2906 alienos
1265 2864 1393 2918 plane
1432 2879 1632 2906 numeros

124 2946 176 2973 ex
221 2932 487 2973 nobilissimo
539 2946 709 2986 quoque
762 2937 898 2975 metro
944 2938 1139 2987 repetere
1186 2947 1314 2986 saepe
1362 2936 1460 2974 sunt
1506 2933 1632 2984 soliti,
