1898 3292
139 203 218 241 296
728 208 847 232 LIBER
867 206 1055 237 QVARTVS.

138 328 163 353 a
194 311 409 354 Ciceronis
441 314 634 363 tempore
667 309 814 349 eadem
848 309 964 350 haud
998 308 1125 349 dubie
1158 309 1432 349 inveniuntur
1462 309 1642 362 integra,

138 385 181 423 et
213 380 385 434 quidem
417 379 536 420 brevi
568 377 735 432 syllaba
766 377 916 428 altera,
946 381 994 418 ut
1024 377 1140 431 apud
1168 377 1380 419 Catullum
1414 377 1496 433 [6],
1522 377 1644 434 192j:

412 461 451 492 at
475 459 606 492 marite
632 458 699 500 (ita
723 470 779 491 me
806 458 932 491 iuvent

415 515 579 558 caelites)
608 514 721 548 nihilo
748 514 868 548 minus

413 572 568 617 pulcher
593 583 642 606 es.

138 643 252 684 idem
286 642 389 683 alibi
423 641 506 697 [17,
538 640 634 696 21]:

414 715 496 749 talis
521 715 589 748 iste
615 726 717 748 meus
743 718 872 758 stupor
898 715 947 747 nil
974 714 1083 757 videt,
1111 714 1197 747 nihil
1227 714 1338 747 audit.

140 801 191 827 ac
222 789 367 826 tamen
413 798 548 837 usque
591 783 646 823 ad
677 783 859 836 Augusti
900 782 1027 824 finem
1066 783 1255 836 potiores
1288 783 1418 823 fuisse
1451 783 1646 823 existimo

140 856 300 896 formas
332 853 551 895 breviores
582 865 741 905 easque
782 851 1073 892 restituendas
1112 851 1267 899 ubivis,
1308 850 1480 904 quando
1511 854 1647 891 metro

139 924 183 964 id
214 921 492 977 permittitur.
554 923 781 973 praeterea
823 920 997 961 eaedem
1035 933 1171 973 usque
1203 919 1451 960 adrexitum
1482 918 1647 959 littera-

139 1006 235 1033 rum
267 990 519 1031 Latinarum
561 1003 639 1042 pro
672 989 930 1030 necessitate
962 1002 1110 1029 versus
1141 990 1374 1041 usurpatae
1406 987 1648 1041 promiscue

144 1059 212 1116 [cf.
245 1060 360 1100 SerV.
394 1072 542 1099 comm.
572 1058 615 1098 in
647 1071 739 1098 aen.
770 1057 838 1107 VI,
874 1056 984 1113 104}

256 1128 454 1168 Ceterum
491 1127 534 1167 in
574 1126 661 1177 his,
702 1125 754 1166 de
797 1125 952 1178 quibus
995 1125 1122 1165 modo
1161 1124 1271 1175 dixi,
1314 1139 1442 1177 quam
1482 1128 1649 1165 mature

142 1209 358 1250 quamque
388 1196 568 1236 licenter
590 1194 852 1235 variaverint
880 1193 1059 1244 librarii,
1093 1192 1360 1234 demonstrat
1391 1193 1649 1234 Cassiodorii

140 1266 281 1315 locus,
324 1264 397 1317 qui
442 1266 629 1304 testatur
675 1261 752 1318 [gr.
784 1263 809 1303 l.
843 1262 932 1312 VII,
968 1261 1062 1317 153]
1107 1261 1222 1315 apud
1262 1261 1462 1314 antiquos
1504 1265 1547 1302 et
1583 1261 1649 1302 Ci-

143 1346 340 1374 ceronem
384 1345 520 1385 aeque
566 1331 651 1384 legi
693 1335 922 1379 vehentem,
962 1334 1198 1381 prehendo,
1241 1333 1344 1371 nihil
1384 1343 1435 1370 ac
1478 1344 1649 1379 vemens,

134 1405 313 1453 prendo,
344 1403 412 1441 nil.

256 1469 409 1510 Restat
438 1472 491 1509 mi
530 1482 608 1522 pro
640 1481 710 1519 eo,
753 1467 868 1521 quod
900 1470 964 1508 est
1006 1470 1123 1515 mihi,
1167 1466 1349 1517 dictum,
1395 1481 1523 1520 quam
1564 1466 1649 1507 for-

142 1552 254 1579 mam
288 1537 528 1591 euphoniae
560 1536 702 1578 studio
745 1539 884 1577 ortam
928 1550 1004 1577 cur
1045 1535 1099 1576 ab
1140 1535 1226 1575 arsi
1256 1549 1456 1576 versuum
1489 1536 1651 1576 scaeni-

144 1620 290 1648 corum
336 1604 505 1646 excludi
544 1605 646 1646 velit
691 1604 952 1646 Ritschelius
1000 1603 1175 1660 [proleg.
1207 1603 1320 1644 Trin.
1351 1618 1391 1656 p.
1424 1603 1521 1659 291]
1568 1618 1651 1645 non

143 1675 289 1728 capio,
336 1688 431 1715 cum
474 1673 589 1727 apud
636 1672 871 1727 dactylicos
914 1686 998 1713 non
1039 1673 1177 1713 minus
1220 1672 1261 1713 in
1302 1672 1420 1713 illam
1452 1686 1580 1725 quam
1609 1674 1652 1713 in

144 1742 285 1783 thesin
319 1741 563 1783 inveniatur
604 1741 804 1782 admissa.
866 1744 908 1781 et
940 1754 1201 1794 quamquam
1234 1741 1375 1782 evenit
1406 1740 1651 1794 aliquando,

142 1814 191 1852 ut
221 1814 273 1851 mi
302 1823 381 1864 pro
413 1812 509 1850 milei
536 1813 771 1863 poneretur
813 1824 838 1851 a
880 1809 1088 1861 librariis,
1125 1813 1270 1849 tamen
1313 1809 1439 1862 longe
1482 1809 1652 1862 saepius

145 1879 362 1921 contrario
392 1891 537 1920 errore
564 1891 799 1932 peccavere
841 1878 974 1929 idem,
1013 1891 1334 1931 nonnumquam
1376 1877 1504 1918 etiam
1546 1878 1653 1919 illud

143 1952 208 1997 mi,
240 1947 355 2001 quod
390 1946 613 1988 descendit
643 1961 669 1988 a
699 1961 803 1996 meo,
833 1950 882 1988 ut
914 1946 1219 1988 distenderent.
1281 1959 1303 1986 e
1335 1945 1558 2000 dactylicis
1585 1947 1653 1988 usi

144 2020 244 2058 sunt
274 2015 471 2057 breviore
504 2015 663 2066 forma,
694 2014 954 2068 ubicumque
982 2015 1151 2067 longior
1180 2014 1329 2068 inepta
1360 2017 1473 2056 esset
1503 2001 1656 2066 metro,

143 2084 440 2125 indifferenter
479 2083 653 2134 Ennius,
697 2084 898 2134 Lucilius,
930 2083 1168 2133 Lucretius,
1201 2082 1405 2134 Catullus,
1438 2083 1651 2136 Vergilius

144 2154 185 2194 in
210 2152 410 2203 Aeneide,
442 2151 649 2193 Horatius
680 2152 723 2192 in
745 2152 914 2193 Saturis
937 2152 1179 2205 aliquoties,
1210 2152 1253 2192 in
1276 2151 1485 2205 Epistulis
1508 2152 1650 2203 semel,

145 2222 181 2262 si
212 2221 379 2274 integer
406 2220 527 2261 locus
570 2223 653 2272 est,
697 2224 740 2261 et
771 2220 943 2274 quidem
973 2220 1084 2261 libro
1115 2221 1259 2274 priore
1292 2223 1334 2261 et
1364 2220 1406 2260 in
1438 2220 1651 2261 antitheto

148 2289 195 2345 [1,
231 2293 293 2340 is,
330 2285 450 2345 112]:

330 2363 394 2397 det
418 2363 541 2406 vitam,
568 2363 631 2396 det
655 2374 755 2406 opes,
782 2374 938 2406 aequum
966 2363 1015 2396 mi
1041 2363 1202 2396 animum
1227 2363 1306 2407 ipse
1332 2363 1480 2407 pai-abc,

146 2445 276 2486 porro
309 2431 485 2472 Ovidius
523 2431 567 2471 in
598 2430 1085 2482 Transformationibus,
1117 2430 1386 2484 Propertius,
1418 2430 1653 2482 Phaedrus,

146 2499 393 2550 Petronius,
427 2499 610 2550 Persius,
642 2499 868 2549 Iuvenalis,
899 2499 1143 2552 Septimius,
1174 2499 1433 2540 Prudentius
1475 2499 1519 2539 in
1548 2499 1653 2540 iam-

144 2567 224 2619 bis,
254 2567 480 2618 Ausonius,
511 2566 763 2608 Venantius.
825 2567 900 2608 sed
936 2567 1185 2608 abstinuere
1226 2567 1396 2620 plures:
1439 2568 1653 2620 Vergilius

145 2637 188 2676 in
212 2635 425 2676 Bucolicis
458 2638 500 2676 et
522 2634 745 2688 Georgicis
778 2638 820 2675 et
851 2635 1080 2689 opusculis,
1112 2635 1319 2676 Horatius
1348 2635 1391 2676 in
1419 2636 1582 2677 melicis
1612 2639 1654 2677 et

145 2703 357 2754 iambicis,
390 2703 567 2745 Ovidius
596 2703 638 2744 in
662 2702 869 2754 distichis,
900 2703 1106 2754 Tibullus,
1139 2706 1337 2744 auctores
1360 2704 1653 2758 Priapeorum,

146 2772 361 2823 Manilius,
394 2772 574 2823 Seneca,
611 2773 831 2822 Lucanus,
865 2771 1143 2825 Calpurnius,
1175 2775 1327 2813 auctor
1357 2772 1411 2813 ad
1443 2772 1652 2823 Pisonem,

146 2840 360 2882 Homerus
388 2840 580 2892 Latinus,
627 2840 803 2890 Statius,
835 2839 976 2891 Silius,
1007 2840 1216 2891 Valerius,
1248 2840 1472 2891 Martialis,
1501 2840 1652 2881 Neme-

147 2909 305 2960 sianus,
339 2909 646 2959 Sammonicus,
685 2907 958 2960 Claudianus,
990 2908 1187 2960 Rutilius,
1219 2908 1513 2960 Terentianus,
1545 2908 1649 2949 Boe-
