1898 3292
221 215 305 253 436
830 222 949 248 LrBER
967 222 1123 249 SEXTVS.

223 325 338 378 quod
370 338 465 374 non,
499 325 608 366 sicut
638 324 753 378 apud
777 324 966 365 Graecos
989 325 1164 370 factum,
1196 324 1323 365 ullius
1346 325 1504 366 vocalis
1537 325 1731 366 diversae

223 393 488 446 quantitates
519 392 769 434 diversitate
790 392 1026 446 figurarum
1050 396 1149 434 sunt
1170 392 1397 434 indicatae.
1450 407 1536 446 qua
1559 394 1731 446 quidem

223 461 346 502 unice
378 461 545 502 ratione
578 460 740 511 evenit,
773 464 821 501 ut
849 459 903 501 ab
935 460 1019 511 his,
1060 460 1226 514 pridem
1257 460 1553 503 indifferenter
1582 461 1731 503 habita

222 529 481 570 relicuarum
504 528 716 570 vocalium
744 542 956 579 mensura,
987 532 1131 570 tamen
1164 543 1184 569 e
1217 533 1259 570 et
1281 543 1301 569 0
1336 533 1454 570 recto
1477 528 1733 570 efferrentur

223 597 408 638 modulo.
470 610 569 638 nam
607 610 685 638 nec
726 600 801 638 aut
833 596 1037 638 Claudius
1069 597 1305 650 imperator
1333 597 1432 638 huic
1464 597 1732 638 incommodo

222 665 495 706 litteraturae
538 665 717 707 Latinae
763 665 814 706 iit
859 664 1028 706 obviam
1077 669 1152 706 aut
1197 665 1340 718 magni
1390 665 1472 706 fuit
1517 666 1732 715 momenti,

223 733 339 786 quod
384 733 535 774 ultimo
583 737 776 787 tempore
819 733 1107 787 Chilpericus,
1155 746 1229 774 rex
1271 733 1559 784 Francorum,
1605 734 1732 774 homo

222 802 348 855 plane
380 801 596 852 indoctus,
639 801 714 842 sed
746 801 819 854 qui
851 802 1036 855 speciem
1068 800 1294 842 affectaret
1324 801 1595 852 eruditionis,
1638 816 1731 842 cum

222 870 318 911 aliis
348 869 504 911 litteris
542 873 584 910 et
616 883 637 910 0
666 883 781 921 meya
815 869 1079 911 Graecorum
1117 870 1301 910 sermoni
1335 870 1525 911 Romano
1567 869 1733 911 addidit

221 938 423 991 misitque
456 938 498 978 in
541 938 763 979 universas
805 938 925 991 regni
968 938 1033 979 sui
1079 937 1545 992 civitatesepistulas,
1586 942 1634 979 ut
1673 938 1733 978 sic

222 1006 344 1060 pueri
388 1005 646 1047 docerentur
686 1019 736 1046 ac
774 1005 874 1047 libri
917 1006 1155 1059 antiquitus
1189 1006 1340 1059 scripti
1370 1006 1534 1060 planati
1567 1006 1733 1060 pumice

223 1074 565 1116 rescriberentur
598 1073 746 1128 [Greg.
779 1074 934 1115 Turon.
968 1074 1014 1124 V,
1046 1073 1128 1130 45].

337 1143 420 1184 Sed
452 1143 538 1184 iam
571 1142 626 1184 ad
658 1156 747 1184 rem
788 1143 1055 1196 propositam
1100 1142 1386 1184 enarrandam
1430 1147 1477 1184 ut
1519 1143 1732 1195 accingar,

223 1212 334 1253 sicut
360 1211 403 1252 in
434 1211 596 1252 ultimis
628 1210 790 1261 verbis,
829 1211 891 1252 ita
932 1211 974 1251 in
1017 1210 1168 1252 mediis
1210 1199 1423 1265 duplicem
1462 1211 1516 1252 ob
1559 1224 1731 1252 causam

222 1280 364 1334 potuit
393 1279 548 1321 inverti
570 1292 672 1320 vera
703 1279 922 1332 quantitas
954 1279 1041 1320 sive
1071 1279 1330 1320 necessitate
1352 1293 1499 1321 versus
1522 1293 1596 1320 seu
1620 1279 1733 1331 vulgi

223 1362 296 1389 ore
329 1351 496 1389 mutata
526 1361 729 1389 mensura
758 1347 961 1400 legitima.
1020 1347 1132 1388 unde
1164 1347 1375 1401 plurimae
1416 1352 1515 1389 sunt
1558 1351 1734 1389 exortae

222 1417 412 1458 rationes
445 1416 536 1457 eius
567 1415 882 1470 depravandae.

337 1485 397 1525 Ac
429 1484 614 1537 primum
650 1483 823 1537 quidem
854 1483 1053 1533 omnium,
1083 1497 1178 1525 cum
1209 1497 1234 1525 a
1255 1488 1392 1526 metro
1415 1484 1628 1539 dactylico
1651 1485 1735 1525 sint

223 1553 350 1593 alieni
396 1552 528 1606 pedes
577 1552 762 1593 creticus
807 1555 850 1593 et
889 1551 1158 1602 tribrachus,
1204 1557 1388 1606 apparet
1428 1552 1560 1594 verba
1603 1553 1732 1594 talem

222 1634 465 1662 mensuram
500 1620 764 1662 continentia
794 1620 889 1674 ipsa
920 1624 1076 1661 natura
1106 1620 1304 1662 faciliora
1334 1621 1466 1662 fuisse
1489 1620 1543 1662 ad
1567 1624 1733 1661 mutan—

221 1688 321 1730 dam
352 1688 611 1743 prosodiam.
661 1702 790 1742 porro
821 1688 1124 1742 qualicumque
1153 1702 1330 1730 numero
1357 1689 1580 1743 proniores
1609 1692 1734 1730 erunt

222 1757 276 1798 ad
308 1757 625 1810 corruptionem
659 1757 924 1810 quantitates
955 1757 1138 1811 ineptae.

337 1825 501 1867 Eadem
530 1839 599 1866 res
627 1838 759 1867 causa
786 1825 867 1866 fuit
898 1825 1093 1878 adeoque
1115 1824 1382 1879 frequentior
1405 1825 1583 1867 Graecis
1615 1828 1731 1879 (nam

223 1893 403 1935 Romani
446 1893 608 1947 optimo
650 1897 844 1947 tempore
885 1893 1000 1935 intra
1041 1894 1215 1936 nomina
1256 1895 1433 1949 propria
1462 1894 1731 1948 potissimum

222 1961 525 2016 substiterunt)
557 1961 798 2003 invertendi
830 1961 1036 2003 modulos.
1099 1976 1149 2003 ac
1183 1976 1284 2004 sane
1317 1977 1368 2005 ex
1401 1963 1578 2004 Graecis
1622 1975 1733 2016 quae

220 2030 306 2071 iam
337 2030 613 2081 enumerabo,
655 2043 792 2084 paene
830 2029 972 2071 omnia
1018 2030 1147 2072 etiam
1184 2031 1228 2072 in
1263 2031 1440 2073 Graecis
1472 2030 1733 2073 carminibus

222 2098 496 2140 inveniuntur
541 2098 668 2140 simili
718 2097 932 2140 libertate.
995 2098 1207 2152 quaedam
1245 2113 1270 2141 a
1301 2100 1459 2141 Dorica
1498 2098 1733 2153 repetenda

220 2166 423 2218 dialecto,
468 2170 515 2208 ut
547 2166 760 2221 producta
796 2167 936 2220 prima
967 2170 1228 2219 Polydamas,
1268 2172 1464 2221 polypus,
1499 2171 1730 2220 Monyclcos.

334 2235 470 2288 Igitur
516 2234 710 2277 versibus
756 2234 1021 2276 hexametris
1068 2236 1111 2276 in
1157 2236 1229 2277 illo
1271 2239 1394 2278 Italia
1437 2250 1605 2290 semper
1650 2236 1732 2276 fuit

221 2303 350 2356 longa
390 2303 553 2357 prima,
595 2317 724 2357 quam
767 2303 893 2357 vulgo
931 2303 1089 2344 elatam
1135 2304 1308 2346 brevem
1351 2305 1731 2358 grammaticorum

220 2374 391 2412 constat
421 2371 691 2413 testimoniis.
742 2371 855 2412 unde
882 2371 1060 2413 eandem
1095 2372 1305 2427 corripuit
1335 2372 1524 2414 Lucilius
1555 2373 1597 2414 in
1628 2372 1730 2413 iam-

219 2438 286 2480 bis
316 2439 401 2481 ita:

586 2495 758 2531 detrusus
783 2498 863 2531 tota
887 2496 920 2530 vi
947 2495 1185 2541 deiectusque
1211 2496 1330 2532 Italia.

220 2574 346 2617 simul
380 2578 424 2616 et
444 2574 596 2626 evenit,
626 2579 674 2617 ut
695 2574 761 2617 vel
792 2578 921 2617 Italus
954 2589 1220 2618 communem
1250 2576 1432 2618 haberet
1460 2580 1485 2618 i.
1537 2577 1731 2618 similiter

221 2646 389 2685 Sicania
421 2656 517 2685 cum
549 2657 718 2698 semper
748 2645 920 2698 expleat
949 2658 1156 2698 paeonem
1186 2645 1394 2699 primum,
1438 2648 1611 2686 sicanus
1644 2645 1729 2698 ple-

220 2725 400 2765 rumque
452 2710 582 2753 efficit
627 2711 997 2765 amphibrachum.
1067 2713 1129 2754 ita
1172 2714 1292 2755 Maro
1337 2713 1380 2754 in
1431 2712 1627 2754 bucolico
1675 2712 1730 2753 ad

220 2779 437 2821 Polionem
482 2778 697 2821 ‘Sicelides
727 2777 905 2829 musae',
948 2784 993 2821 at
1033 2781 1077 2821 in
1114 2781 1252 2834 primo
1286 2781 1497 2823 Aeneidos
1549 2779 1661 2821 ‘sunt
1692 2788 1730 2821 el

219 2850 367 2889 Siculis
407 2850 643 2899 remonibus
685 2846 846 2889 urbes’.
918 2852 1147 2902 praeterea
1192 2849 1234 2890 in
1280 2852 1431 2891 Arabe'a
1477 2849 1728 2904 principalis

219 2915 477 2967 extenditur,
510 2919 555 2957 at
588 2916 629 2956 in
663 2919 798 2957 Arabe
831 2916 1143 2958 comminuitur.
1205 2917 1352 2970 itaque
1385 2917 1493 2958 dixit
1524 2918 1566 2958 in
1598 2917 1727 2958 hexa-
