1898 3292
777 209 1012 235 OPVSCVLVM
1030 211 1052 236 1.
1593 205 1673 242 549

368 316 443 346 tam
470 312 668 356 infandum,
697 313 793 356 quod
822 324 893 346 non
919 312 1048 356 aliquis
1075 313 1175 346 dicat
1199 313 1460 357 philosophus3

367 381 453 404 nam
478 374 519 404 ut
544 382 640 412 ecus,
667 370 728 413 qui
752 370 796 403 ad
822 370 1064 404 vehendumst
1088 374 1209 413 natus,
1237 373 1357 404 tamen
1385 371 1443 404 hic
1470 372 1628 405 traditur

1210 427 1397 471 magistro.

163 500 208 536 at
245 496 388 537 nescio
427 510 527 536 num
572 495 872 536 memorandus
901 495 956 536 sit
985 495 1103 536 locus
1135 495 1205 535 ille
1238 494 1480 550 [sciamach.
1516 496 1578 551 ll:

366 578 409 617 te,
434 575 544 608 Anna
568 577 605 609 et
629 574 804 617 Peranna,
831 574 957 608 Panda
980 574 1077 617 Cela,
1104 577 1151 617 te,
1178 574 1294 614 Pales,

367 632 547 666 Nerienes
573 636 610 666 et
633 632 810 673 Minerva,
836 631 1000 665 Fortuna
1024 636 1066 666 ac
1094 631 1216 666 Ceres.

160 715 258 741 nam
299 700 422 741 valde
464 699 731 754 probabilest
775 699 888 753 quod
921 699 1211 741 Buechelerus
1245 701 1437 753 reposuit
1472 705 1670 743 Nere‘em's.

163 769 278 822 quod
310 769 345 810 si
368 773 483 810 recte
506 769 649 817 habet,
681 769 865 809 trimetri
889 772 986 809 sunt
1009 768 1263 821 graecanici.
1286 794 1341 798 —
1365 773 1407 809 et
1432 768 1673 810 Volcacius:

367 849 401 883 si
425 850 504 891 erit,
531 848 630 892 quod
656 852 787 892 quarto
812 848 930 891 detur,
964 847 1111 882 dabitur
1136 847 1292 882 Licinio.

165 921 208 959 et
239 917 416 959 Porcius
429 933 438 958 ι

369 996 453 1030 dum
481 996 649 1030 Africani
674 1007 801 1030 vocem
830 995 988 1029 divinam
1014 995 1129 1029 inhiat
1154 994 1267 1029 avidis
1294 995 1452 1038 auribus,

368 1053 455 1087 dum
479 1053 524 1087 ad
552 1052 695 1086 Philum
723 1064 761 1087 se
787 1053 949 1087 cenitare
977 1056 1013 1087 et
1037 1052 1203 1086 Laelium
1228 1051 1424 1096 pulchrum
1454 1056 1570 1097 putat,

368 1111 455 1144 dum
481 1110 517 1143 in
544 1110 731 1144 Albanum
758 1110 887 1144 crebro
915 1110 1036 1154 rapier
1063 1136 1277 1143 .......

370 1168 456 1201 (111111
481 1179 519 1201 se
545 1167 590 1201 ab
615 1166 671 1200 his
697 1166 811 1200 amari
838 1166 957 1200 credit
983 1167 1030 1201 ob
1057 1166 1186 1200 florem
1211 1166 1341 1201 aetatis
1370 1178 1467 1200 suae.

277 1237 435 1277 Contra
477 1240 576 1288 ante
618 1235 812 1276 ultimam
855 1235 979 1275 metri
1021 1234 1229 1289 syllabam
1268 1234 1386 1275 nulla
1425 1234 1473 1275 fit
1516 1249 1672 1288 usque-

163 1318 334 1358 quaque
366 1303 498 1345 elisio.
561 1303 833 1353 conferenda,
866 1317 976 1356 quae
1010 1306 1160 1343 notata
1192 1302 1246 1343 ad
1280 1302 1384 1343 Non.
1412 1306 1503 1353 112,
1539 1307 1590 1345 10
1613 1318 1674 1357 sq.

159 1397 217 1403 --
253 1386 331 1413 nec
362 1372 441 1412 nisi
464 1371 683 1412 rarissime
714 1375 812 1412 ante
845 1371 1053 1426 syllabam
1085 1371 1393 1425 paenultimam
1428 1371 1575 1412 eadem
1600 1371 1674 1413 ad-

163 1440 348 1482 mittitur
378 1440 527 1493 figura.

277 1507 477 1549 Elisionis
529 1507 751 1561 neglectae
805 1511 975 1549 servata
1023 1508 1150 1561 longa
1192 1521 1277 1548 non
1322 1506 1462 1548 habeo
1511 1511 1675 1549 certum

162 1576 417 1631 exemplum.
479 1580 629 1617 contra
659 1576 815 1627 hiatus,
849 1590 975 1629 quem
1003 1579 1168 1623 vocant,
1200 1575 1480 1617 Bentleianus
1511 1576 1675 1629 aliquo-

162 1646 244 1687 ties
285 1645 511 1686 invenitur.
582 1644 617 1685 is
659 1648 828 1685 constat
871 1648 1070 1698 correpto
1112 1645 1155 1685 in
1195 1644 1338 1698 priore
1389 1648 1512 1698 parte
1565 1645 1674 1686 arsis

163 1713 392 1756 solvendae
424 1712 718 1767 monosyllabo
759 1712 886 1766 longo
919 1712 984 1754 vel
1015 1713 1058 1754 in
1089 1727 1124 1753 m.
1157 1716 1350 1754 exeunte.
1411 1712 1558 1766 itaque
1591 1713 1672 1754 Lu-

164 1781 285 1823 cilius
317 1780 532 1836 [XXVIIL
570 1784 638 1833 103
677 1784 716 1832 13
752 1780 903 1831 XXVI,
937 1782 1029 1835 67];

369 1861 500 1903 Lucili,
526 1860 559 1893 si
583 1860 620 1893 111
646 1872 769 1895 amore
796 1861 957 1895 invitaris
983 1864 1069 1904 tuo3

368 1917 550 1963 privabit3
576 1918 651 1961 igni
676 1928 755 1951 cum
782 1921 819 1952 et
843 1930 937 1962 aqua
961 1917 1217 1961 interdixerit3

371 2001 618 2009 ........
646 1986 765 2009 11011116
791 1974 1064 2009 multitudinem

371 2035 530 2074 tuorum,
556 2041 667 2074 quam
692 2032 728 2064 in
754 2031 877 2066 album
901 2031 1065 2066 indidisti
1092 2031 1232 2074 dextra,
1260 2032 1403 2066 confeci
1431 2032 1527 2066 tibi?

162 2101 225 2142 ita
254 2099 443 2150 Porcius,
475 2100 510 2141 si
541 2103 658 2141 recte
690 2099 822 2140 habet
853 2099 1168 2140 hemistichium
1200 2114 1332 2153 supra
1360 2100 1567 2153 positum:

369 2179 455 2212 dum
480 2180 516 2212 in
542 2179 727 2213 Albanum
754 2180 885 2213 crebro
913 2179 1054 2223 rapier3

162 2247 234 2289 ubi
263 2248 369 2288 talia
394 2246 483 2288 fere
516 2247 742 2289 excidisse:
772 2251 925 2299 (laudet
955 2261 998 2288 se
1020 2252 1129 2299 festo
1161 2251 1227 2289 die
1257 2247 1345 2289 sive
1377 2251 1555 2289 comitem
1587 2252 1676 2290 viae

163 2315 460 2357 demonstrant
492 2316 806 2370 praecedentia.

276 2384 403 2438 Apud
426 2385 661 2425 Varronem
693 2398 776 2425 non
807 2384 948 2425 inveni
980 2384 1223 2438 exemplum
1256 2384 1404 2425 simile.
1465 2384 1539 2426 sed
1572 2399 1675 2427 casu

162 2451 205 2492 id
238 2452 427 2493 evenisse
460 2452 585 2493 facile
618 2452 696 2493 tibi
728 2452 1003 2506 persuadeas.

276 2521 366 2561 Iam
397 2520 619 2561 breviatae
649 2520 692 2560 in
723 2534 848 2561 versu
879 2520 1157 2574 sequentibus
1189 2520 1299 2562 binis
1332 2521 1529 2562 consonis
1551 2535 1674 2574 prae-

162 2592 228 2628 ter
260 2593 422 2629 mutam
456 2603 551 2629 cum
577 2588 742 2642 liquida
774 2590 814 2629 in
847 2589 985 2629 medio
1019 2588 1148 2630 verbo
1181 2588 1340 2630 vocalis
1372 2602 1454 2629 non
1489 2589 1674 2630 habetur

164 2659 328 2696 certum
360 2656 612 2709 exemplum.
673 2670 771 2697 nam
812 2656 926 2709 quod
967 2656 1081 2710 apud
1114 2657 1325 2698 Lucilium
1360 2657 1535 2698 tulimus
1567 2657 1675 2699 haec

165 2723 358 2778 [XXVIL
393 2727 467 2775 283
504 2724 596 2778 14]:

208 2802 268 2836 ille
295 2805 425 2837 contra
452 2803 572 2836 omnia
597 2803 692 2836 inter
718 2803 840 2847 plures
866 2804 998 2837 sensim
1029 2807 1066 2838 et
1092 2804 1334 2847 pedetemtim
1360 2804 1388 2838 it
1413 2805 1495 2847 (om.
1522 2803 1618 2847 cdd.)

1260 2860 1376 2902 foras3

209 2915 299 2950 facit
322 2915 419 2950 idem
449 2916 547 2960 quod
571 2916 638 2960 illi,
665 2917 727 2960 qui
751 2917 970 2961 inscriptum
996 2929 1015 2951 e
1041 2920 1152 2962 portu
1177 2920 1377 2962 exportant
1401 2917 1617 2960 clanculum,
