1898 3292
258 196 279 233 5
289 195 303 233 l
313 196 338 233 4
842 200 961 225 nrsssa
979 199 1180 226 saprmvs.

254 313 439 356 utroque.
492 303 714 345 fatendum
748 307 891 345 tamen
923 307 1021 357 post
1048 302 1294 344 Lucretium
1331 302 1501 343 omnino
1533 302 1769 355 optinuisse

254 373 437 414 formam
459 371 714 423 breviorem,
746 384 831 413 non
852 376 901 413 ut
925 375 1022 412 siem
1043 371 1180 424 magis
1202 369 1462 424 probaretur
1484 384 1614 424 quam
1640 375 1771 422 fuam,

254 441 355 482 licet
388 440 519 482 semel
547 439 706 481 dixerit
730 440 850 481 Maro
884 440 995 494 [aen.
1019 439 1069 490 X,
1096 439 1194 492 108]
1241 437 1364 479 ‘Tros
1388 442 1611 481 Rutulusve
1636 436 1771 490 fuat'.

253 523 353 551 mox
393 509 467 550 illa
509 511 604 549 siem
648 512 691 549 et
735 513 853 560 fuam
894 507 1128 549 identidem
1174 520 1376 560 recepere
1421 507 1542 548 libris
1588 507 1772 561 propriis

256 577 485 619 Frontonis
519 576 718 619 adseclae
751 576 1013 631 [Terentian.
1050 578 1152 627 2093
1185 575 1312 616 Prud.
1346 589 1379 617 c.
1413 576 1568 630 Symm.
1604 575 1634 626 Ι,
1668 579 1771 620 5043

254 662 291 701 p.
323 649 374 687 st.
408 649 455 697 2,
489 650 592 697 5693
633 644 760 687 Mart.
792 645 870 696 ΙΙΙ,
904 647 998 695 262,
1037 644 1117 698 10].
1179 644 1351 685 Iuvenci
1394 645 1449 686 IV
1492 644 1612 698 [163]
1656 646 1771 684 recte

255 716 496 756 Huemerus
541 714 651 765 ‘quis
674 719 769 766 fuat
804 717 869 754 ille
892 716 992 761 (lies,
1027 716 1219 754 nescirist
1251 715 1430 753 omnibus
1453 709 1665 763 aequum’,
1698 711 1772 752 ubi

255 783 426 825 codices
468 783 665 837 plerique
706 782 870 823 habent
913 780 1023 832 ‘quis
1055 779 1162 833 fw'st
1200 781 1264 822 vel
1308 779 1417 831 ‘quis
1457 778 1570 831 fiat'.
1642 793 1771 833 porro

254 852 401 893 futuro
434 855 533 892 escit
564 851 630 893 vel
663 854 759 892 essi!
795 850 860 891 usi
892 850 1053 891 Ennius
1086 853 1128 890 et
1160 849 1397 891 Lucretius.
1458 853 1547 890 tum
1584 855 1772 899 potestur

257 921 404 962 dixere
426 920 552 961 idem.
605 919 789 972 denique
818 918 923 960 illud
949 925 1048 969 pote
1083 932 1176 959 cum
1200 917 1319 959 verbi
1341 917 1601 958 substantivi
1624 916 1771 957 formis

254 990 333 1041 eis,
372 1002 483 1042 quae
524 987 735 1042 incipiunt
764 986 819 1028 ab
852 1001 936 1036 ess,
979 1000 1056 1041 per
1100 977 1436 1028 contractionem
1479 985 1772 1027 immisceatur

254 1057 492 1099 assimilata
538 1064 573 1105 t,
620 1059 765 1098 tamen
810 1056 947 1097 secuti
993 1055 1315 1109 antiquissimos
1362 1055 1509 1096 dixere
1547 1054 1772 1095 christiani

247 1134 410 1178 potesse
442 1129 485 1167 et
515 1124 671 1167 similia
702 1124 771 1179 [Pi
786 1124 855 1166 ud.
887 1138 927 1178 p.
960 1127 1010 1165 st.
1047 1128 1110 1174 10,
1143 1127 1224 1166 803
1258 1123 1342 1178 al.].

369 1194 494 1236 Libet
525 1196 815 1235 mercatorum
846 1193 889 1234 in
931 1192 1103 1234 modum
1144 1192 1245 1233 addi
1284 1191 1495 1245 quaedam
1528 1190 1581 1232 de
1613 1191 1769 1232 omisso

255 1263 371 1317 apud
402 1262 716 1305 vetustissimos
747 1261 1057 1316 dactylicorum
1090 1260 1221 1302 verbo
1254 1260 1536 1302 substantivo,
1599 1259 1651 1300 de
1684 1273 1769 1312 quo

254 1333 334 1373 etsi
357 1335 455 1386 post
486 1345 522 1372 a.
551 1333 655 1373 1861
693 1344 818 1384 egere
851 1330 985 1379 multi,
1019 1333 1176 1380 tamen,
1208 1343 1319 1383 quae
1350 1329 1392 1370 in
1414 1329 1558 1383 priore
1581 1328 1767 1369 editione

256 1400 398 1454 posita
430 1404 565 1450 erant,
596 1412 679 1440 non
713 1413 738 1441 a
771 1412 816 1440 re
851 1398 1036 1440 alienum
1067 1398 1246 1439 visumst
1276 1397 1346 1439 hic
1378 1398 1525 1452 repeti

369 1469 522 1522 Itaque
553 1467 659 1509 illud
693 1475 752 1508 est
782 1467 847 1508 vel
879 1473 973 1508 sunt
1002 1466 1112 1508 solet
1143 1466 1294 1508 abesse
1330 1479 1355 1507 a
1377 1466 1572 1508 formulis
1595 1464 1770 1519 quibus·

255 1537 353 1579 dam
386 1537 606 1587 orationis,
650 1536 800 1590 quales
842 1535 976 1577 habes
1018 1549 1092 1576 uec
1122 1538 1279 1583 mirum,
1312 1538 1412 1585 quid
1440 1537 1584 1575 mirum
1626 1533 1770 1588 [Lucr.

254 1606 307 1657 ΙΙ,
342 1609 417 1658 87;
452 1609 556 1658 3383
590 1605 659 1656 VI,
693 1608 791 1656 1303
824 1604 913 1646 Cat.
950 1607 1014 1655 23,
1048 1607 1092 1655 73
1127 1606 1192 1654 57,
1223 1607 1269 1656 33
1303 1603 1425 1645 Lucr.
1450 1603 1496 1653 V,
1532 1602 1678 1656 1236],
1709 1616 1770 1642 so-

254 1678 314 1716 lite·
337 1678 447 1726 quod
477 1677 616 1716 dicere
647 1673 772 1728 [Enn.
797 1686 892 1714 ann.
918 1675 1022 1724 5763
1054 1672 1137 1714 Cic.
1161 1675 1269 1713 arat.
1294 1675 1397 1723 2393
1429 1670 1479 1712 cf.
1502 1671 1581 1724 frg.
1606 1672 1662 1726 5].
1709 1671 1771 1712 ita

253 1747 355 1785 situs
395 1743 571 1797 ponitur
611 1742 654 1783 in
697 1741 917 1796 epitaphio
949 1741 993 1782 L.
1026 1740 1238 1795 Scipionis
1278 1754 1357 1794 pro
1394 1744 1495 1782 situs
1528 1746 1610 1781 est:
1640 1744 1675 1781 is
1705 1743 1772 1781 hic

254 1815 369 1861 situs,
403 1814 495 1862 quei
517 1825 722 1862 nunquam
746 1813 873 1852 victus
895 1817 955 1851 est
985 1812 1149 1851 virtulei
1179 1812 1222 1850 et
1253 1809 1405 1851 Lucilii
1438 1809 1770 1864 epigrammate:

254 1884 384 1921 servo’
416 1894 547 1931 ‘neque
585 1882 735 1929 ‘infidus
772 1882 932 1921 domino
963 1891 1094 1930 ‘neque
1124 1881 1270 1919 ‘inutili’
1303 1881 1517 1929 quoiquam
1548 1880 1679 1919 Lucili
1708 1891 1770 1919 co-

254 1953 414 1990 lumella
453 1952 518 1990 hic
548 1951 641 1990 situ’
674 1951 977 1998 Metrophanes,
1020 1960 1282 2000 quamquam
1323 1947 1495 2001 saepius
1534 1946 1669 1988 multo
1708 1946 1771 1986 in—

256 2018 424 2059 venitur
456 2016 650 2058 additum
673 2015 862 2058 verbum.
913 2015 1067 2057 deinde
1097 2015 1210 2057 idem
1239 2014 1429 2069 legitime
1452 2014 1599 2057 exulat
1621 2028 1646 2056 a
1666 2014 1771 2055 locis

256 2084 566 2136 communibus,
597 2084 715 2126 velut
744 2084 880 2126 habes
915 2083 1030 2138 apud
1060 2084 1308 2126 Lucretium
1341 2083 1435 2139 [ΙΙΙ,
1465 2084 1592 2138 1076]
1638 2081 1771 2124 ‘certa

254 2157 414 2205 quidem
455 2157 550 2204 finis
582 2157 688 2195 vitae
717 2156 953 2194 mortalibus
995 2155 1141 2201 instat,
1186 2166 1260 2194 nec
1303 2155 1477 2194 devitari
1519 2156 1637 2193 letum
1675 2159 1773 2203 pote

255 2219 590 2279 quin-obeamus
630 2221 699 2277 [cf.
732 2221 785 2272 ΙΙ,
820 2224 951 2273 1——23
990 2221 1058 2275 5]‚
1103 2220 1158 2262 ad
1201 2235 1329 2274 quam
1372 2221 1567 2275 proxime
1604 2219 1773 2262 accedit

254 2290 548 2332 condicionem
589 2290 745 2344 copula
785 2290 945 2331 omissa
986 2289 1029 2330 in
1074 2289 1269 2331 oratione
1311 2289 1499 2343 graviter
1541 2288 1770 2333 concitata*

255 2359 366 2400 sicut
389 2359 583 2400 Enniano
613 2357 686 2399 illo
720 2358 815 2413 [813
850 2357 901 2399 cf.
926 2358 996 2412 32]
1042 2354 1235 2399 ‘ovinam’
1268 2371 1369 2398 cura
1400 2361 1514 2407 viris,
1545 2364 1637 2398 uter
1669 2363 1772 2397 esset

253 2424 548 2478 induperator'
585 2440 661 2468 seu
693 2425 850 2468 Catulli
882 2426 1016 2468 mavis
1054 2426 1140 2481 [64‚
1176 2426 1274 2481 186]
1319 2422 1451 2467 ‘nulla
1486 2430 1620 2478 fuyae
1650 2428 1770 2473 ratio,

254 2499 367 2537 nulla
395 2492 528 2546 spes’.
591 2495 774 2549 denique
816 2495 982 2536 notavit
1012 2494 1313 2536 Lachmannus
1354 2495 1410 2549 [p.
1436 2495 1507 2548 23]
1550 2494 1771 2535 commode

255 2563 368 2605 demi
411 2563 590 2605 eandem
623 2563 819 2605 voculam
863 2563 1010 2604 addito
1051 2562 1263 2604 infinitivo
1296 2576 1384 2604 esse
1415 2562 1547 2604 veluti
1575 2562 1637 2603 sic
1681 2560 1771 2603 ‘illa

254 2645 411 2683 quoque
453 2646 541 2673 esse
582 2635 652 2674 tibi
693 2635 826 2673 solida
869 2639 990 2682 atque
1029 2638 1200 2673 aelerna
1236 2629 1507 2682 putandum&
1580 2634 1770 2672 ceterum

253 2700 352 2742 inde
384 2714 409 2742 a
442 2700 630 2754 Vergilio
663 2700 797 2741 multo
829 2700 1001 2753 saepius
1032 2700 1171 2741 omitti
1212 2699 1330 2740 illam
1365 2713 1390 2740 a
1421 2699 1560 2753 poetis
1591 2712 1674 2740 non
1706 2702 1771 2739 est

254 2768 453 2820 dubium,
493 2768 596 2810 licet
637 2768 883 2810 adhibenda
925 2781 976 2809 ea
1007 2767 1344 2822 haudquaquam
1374 2768 1495 2822 parci
1527 2767 1614 2808 sint
1642 2766 1768 2807 idem.

370 2838 521 2878 Restat
562 2841 610 2879 ut
658 2837 711 2878 de
749 2836 1006 2878 flexionibus
1048 2836 1298 2878 derivativis
1349 2839 1515 2888 agatur.
1586 2849 1769 2888 quarum

253 2905 427 2947 hercule
470 2920 695 2947 numerum
735 2909 777 2946 et
822 2905 1033 2946 rationem
1074 2905 1271 2946 similiter
1311 2904 1466 2945 inverti
1510 2904 1591 2944 fuit
1622 2917 1768 2944 verum
