<?xml version="1.0" encoding="UTF-8"?>
<!DOCTYPE html PUBLIC "-//W3C//DTD XHTML 1.0 Transitional//EN"
    "http://www.w3.org/TR/xhtml1/DTD/xhtml1-transitional.dtd">
<html xmlns="http://www.w3.org/1999/xhtml" xml:lang="en" lang="en">
 <head>
  <title>
</title>
<meta http-equiv="Content-Type" content="text/html;charset=utf-8" />
  <meta name='ocr-system' content='tesseract 3.04.00' />
  <meta name='ocr-capabilities' content='ocr_page ocr_carea ocr_par ocr_line ocrx_word'/>
</head>
<body>
  <div class='ocr_page' id='page_1' title='image "./deremetricapoeta00mluoft_0080.png"; bbox 0 0 1898 3292; ppageno 0'>
   <div class='ocr_carea' id='block_1_1' title="bbox 215 165 1115 203">
    <p class='ocr_par' dir='ltr' id='par_1_1' title="bbox 215 165 1115 203">
     <span class='ocr_line' id='line_1_1' title="bbox 215 165 1115 203; baseline 0.003 -7"><span class='ocrx_word' id='word_1_1' title='bbox 215 165 268 203; x_wconf 82' lang='grc'>60</span> <span class='ocrx_word' id='word_1_2' title='bbox 822 174 942 198; x_wconf 80' lang='lat' dir='ltr'>LIBER</span> <span class='ocrx_word' id='word_1_3' title='bbox 960 175 1115 200; x_wconf 76' lang='lat' dir='ltr'>Pnnuvs.</span> 
     </span>
    </p>
   </div>
   <div class='ocr_carea' id='block_1_2' title="bbox 208 275 1738 2951">
    <p class='ocr_par' dir='ltr' id='par_1_2' title="bbox 213 275 1727 536">
     <span class='ocr_line' id='line_1_2' title="bbox 330 275 1725 332; baseline 0.004 -16"><span class='ocrx_word' id='word_1_4' title='bbox 330 275 456 329; x_wconf 82' lang='lat' dir='ltr'>Digni</span> <span class='ocrx_word' id='word_1_5' title='bbox 488 279 631 317; x_wconf 82' lang='lat' dir='ltr'>autem</span> <span class='ocrx_word' id='word_1_6' title='bbox 665 276 913 330; x_wconf 80' lang='lat' dir='ltr'>cumprimis</span> <span class='ocrx_word' id='word_1_7' title='bbox 945 292 1233 329; x_wconf 75' lang='lat' dir='ltr'>successores,</span> <span class='ocrx_word' id='word_1_8' title='bbox 1272 292 1533 332; x_wconf 85' lang='lat' dir='ltr'>quamquam</span> <span class='ocrx_word' id='word_1_9' title='bbox 1566 280 1725 321; x_wconf 81' lang='lat' dir='ltr'>diversi</span> 
     </span>
     <span class='ocr_line' id='line_1_3' title="bbox 213 344 1727 396; baseline 0.003 -10"><span class='ocrx_word' id='word_1_10' title='bbox 213 344 367 387; x_wconf 86' lang='lat' dir='ltr'>studiis</span> <span class='ocrx_word' id='word_1_11' title='bbox 409 347 452 386; x_wconf 93' lang='lat' dir='ltr'>et</span> <span class='ocrx_word' id='word_1_12' title='bbox 481 344 712 396; x_wconf 80' lang='lat' dir='ltr'>discordes,</span> <span class='ocrx_word' id='word_1_13' title='bbox 748 346 931 387; x_wconf 86' lang='lat' dir='ltr'>extitere</span> <span class='ocrx_word' id='word_1_14' title='bbox 964 346 1258 387; x_wconf 83' lang='lat' dir='ltr'>Gracchorum</span> <span class='ocrx_word' id='word_1_15' title='bbox 1291 350 1434 389; x_wconf 88' lang='lat' dir='ltr'>aetate</span> <span class='ocrx_word' id='word_1_16' title='bbox 1462 348 1650 390; x_wconf 87' lang='lat' dir='ltr'>Lucilius</span> <span class='ocrx_word' id='word_1_17' title='bbox 1683 354 1727 391; x_wconf 89' lang='lat' dir='ltr'>et</span> 
     </span>
     <span class='ocr_line' id='line_1_4' title="bbox 214 413 1725 469; baseline 0.003 -15"><span class='ocrx_word' id='word_1_18' title='bbox 214 413 381 455; x_wconf 90' lang='lat' dir='ltr'>Accius.</span> <span class='ocrx_word' id='word_1_19' title='bbox 442 427 493 454; x_wconf 81' lang='lat' dir='ltr'>ex</span> <span class='ocrx_word' id='word_1_20' title='bbox 527 413 682 467; x_wconf 88' lang='lat' dir='ltr'>quibus</span> <span class='ocrx_word' id='word_1_21' title='bbox 714 413 785 455; x_wconf 91' lang='lat' dir='ltr'>ille</span> <span class='ocrx_word' id='word_1_22' title='bbox 815 414 962 468; x_wconf 89' lang='lat' dir='ltr'>paullo</span> <span class='ocrx_word' id='word_1_23' title='bbox 995 418 1094 469; x_wconf 86' lang='lat' dir='ltr'>post</span> <span class='ocrx_word' id='word_1_24' title='bbox 1123 414 1237 456; x_wconf 90' lang='lat' dir='ltr'>hunc</span> <span class='ocrx_word' id='word_1_25' title='bbox 1265 416 1436 458; x_wconf 89' lang='lat' dir='ltr'>videtur</span> <span class='ocrx_word' id='word_1_26' title='bbox 1468 420 1725 459; x_wconf 76' lang='lat' dir='ltr'>attrectasse</span> 
     </span>
     <span class='ocr_line' id='line_1_5' title="bbox 214 482 440 536; baseline -0.004 -13"><span class='ocrx_word' id='word_1_27' title='bbox 214 482 440 536; x_wconf 89' lang='lat' dir='ltr'>poeticam.</span> 
     </span>
    </p>

    <p class='ocr_par' dir='ltr' id='par_1_3' title="bbox 214 550 1726 743">
     <span class='ocr_line' id='line_1_6' title="bbox 328 550 1726 608; baseline 0.004 -17"><span class='ocrx_word' id='word_1_28' title='bbox 328 551 419 591; x_wconf 89' lang='lat' dir='ltr'>Iam</span> <span class='ocrx_word' id='word_1_29' title='bbox 452 550 504 592; x_wconf 90' lang='lat' dir='ltr'>de</span> <span class='ocrx_word' id='word_1_30' title='bbox 534 550 687 592; x_wconf 88' lang='lat' dir='ltr'>Lucilii</span> <span class='ocrx_word' id='word_1_31' title='bbox 716 551 865 592; x_wconf 90' lang='lat' dir='ltr'>metris</span> <span class='ocrx_word' id='word_1_32' title='bbox 897 565 1007 605; x_wconf 89' lang='lat' dir='ltr'>quae</span> <span class='ocrx_word' id='word_1_33' title='bbox 1030 552 1332 595; x_wconf 88' lang='lat' dir='ltr'>Lachmannus</span> <span class='ocrx_word' id='word_1_34' title='bbox 1361 555 1560 608; x_wconf 80' lang='lat' dir='ltr'>exposuit</span> <span class='ocrx_word' id='word_1_35' title='bbox 1580 554 1726 597; x_wconf 89' lang='lat' dir='ltr'>libello</span> 
     </span>
     <span class='ocr_line' id='line_1_7' title="bbox 214 619 1726 678; baseline 0.003 -17"><span class='ocrx_word' id='word_1_36' title='bbox 214 619 461 661; x_wconf 88' lang='lat' dir='ltr'>academico</span> <span class='ocrx_word' id='word_1_37' title='bbox 508 619 715 673; x_wconf 88' lang='lat' dir='ltr'>quodam,</span> <span class='ocrx_word' id='word_1_38' title='bbox 763 620 836 673; x_wconf 90' lang='lat' dir='ltr'>qui</span> <span class='ocrx_word' id='word_1_39' title='bbox 881 621 1043 674; x_wconf 90' lang='lat' dir='ltr'>prodiit</span> <span class='ocrx_word' id='word_1_40' title='bbox 1084 636 1120 662; x_wconf 92' lang='lat' dir='ltr'>a.</span> <span class='ocrx_word' id='word_1_41' title='bbox 1163 622 1547 675; x_wconf 83' lang='lat' dir='ltr'>MDCGCXLVIII,</span> <span class='ocrx_word' id='word_1_42' title='bbox 1597 624 1726 678; x_wconf 89' lang='lat' dir='ltr'>paulo</span> 
     </span>
     <span class='ocr_line' id='line_1_8' title="bbox 215 680 772 743; baseline 0 -13"><span class='ocrx_word' id='word_1_43' title='bbox 215 688 429 743; x_wconf 86' lang='lat' dir='ltr'>copiosius</span> <span class='ocrx_word' id='word_1_44' title='bbox 461 680 772 730; x_wconf 80' lang='lat' dir='ltr'>enarrabimus.</span> 
     </span>
    </p>

    <p class='ocr_par' dir='ltr' id='par_1_4' title="bbox 208 757 1731 1432">
     <span class='ocr_line' id='line_1_9' title="bbox 329 757 1728 814; baseline 0.004 -17"><span class='ocrx_word' id='word_1_45' title='bbox 329 757 468 810; x_wconf 84' lang='lat' dir='ltr'>Igitur</span> <span class='ocrx_word' id='word_1_46' title='bbox 499 757 615 811; x_wconf 87' lang='lat' dir='ltr'>apud</span> <span class='ocrx_word' id='word_1_47' title='bbox 647 771 743 799; x_wconf 88' lang='lat' dir='ltr'>eum</span> <span class='ocrx_word' id='word_1_48' title='bbox 787 771 883 799; x_wconf 91' lang='lat' dir='ltr'>cum</span> <span class='ocrx_word' id='word_1_49' title='bbox 926 759 1200 813; x_wconf 83' lang='lat' dir='ltr'>reperiantur</span> <span class='ocrx_word' id='word_1_50' title='bbox 1241 764 1416 814; x_wconf 87' lang='lat' dir='ltr'>praeter</span> <span class='ocrx_word' id='word_1_51' title='bbox 1452 761 1728 803; x_wconf 80' lang='lat' dir='ltr'>hexametros</span> 
     </span>
     <span class='ocr_line' id='line_1_10' title="bbox 215 825 1727 881; baseline 0.004 -15"><span class='ocrx_word' id='word_1_52' title='bbox 215 825 451 881; x_wconf 82' lang='lat' dir='ltr'>dactylicos</span> <span class='ocrx_word' id='word_1_53' title='bbox 489 829 532 867; x_wconf 91' lang='lat' dir='ltr'>et</span> <span class='ocrx_word' id='word_1_54' title='bbox 575 826 762 868; x_wconf 91' lang='lat' dir='ltr'>disticha</span> <span class='ocrx_word' id='word_1_55' title='bbox 794 826 911 868; x_wconf 89' lang='lat' dir='ltr'>haud</span> <span class='ocrx_word' id='word_1_56' title='bbox 943 826 1072 869; x_wconf 88' lang='lat' dir='ltr'>dubie</span> <span class='ocrx_word' id='word_1_57' title='bbox 1102 828 1289 870; x_wconf 87' lang='lat' dir='ltr'>trimetri</span> <span class='ocrx_word' id='word_1_58' title='bbox 1320 829 1493 871; x_wconf 88' lang='lat' dir='ltr'>iambici</span> <span class='ocrx_word' id='word_1_59' title='bbox 1524 833 1566 871; x_wconf 92' lang='lat' dir='ltr'>et</span> <span class='ocrx_word' id='word_1_60' title='bbox 1594 833 1727 872; x_wconf 89' lang='lat' dir='ltr'>tetra-</span> 
     </span>
     <span class='ocr_line' id='line_1_11' title="bbox 214 894 1728 952; baseline 0.003 -17"><span class='ocrx_word' id='word_1_61' title='bbox 214 895 341 936; x_wconf 88' lang='lat' dir='ltr'>metri</span> <span class='ocrx_word' id='word_1_62' title='bbox 363 894 585 946; x_wconf 74' lang='lat' dir='ltr'>trochaici,</span> <span class='ocrx_word' id='word_1_63' title='bbox 621 909 732 948; x_wconf 89' lang='lat' dir='ltr'>quae</span> <span class='ocrx_word' id='word_1_64' title='bbox 755 894 924 937; x_wconf 85' lang='lat' dir='ltr'>diverso</span> <span class='ocrx_word' id='word_1_65' title='bbox 948 896 1003 937; x_wconf 90' lang='lat' dir='ltr'>ab</span> <span class='ocrx_word' id='word_1_66' title='bbox 1026 896 1091 938; x_wconf 88' lang='lat' dir='ltr'>his</span> <span class='ocrx_word' id='word_1_67' title='bbox 1116 895 1313 939; x_wconf 83' lang='lat' dir='ltr'>feruntur</span> <span class='ocrx_word' id='word_1_68' title='bbox 1334 901 1472 939; x_wconf 90' lang='lat' dir='ltr'>metro</span> <span class='ocrx_word' id='word_1_69' title='bbox 1494 913 1728 952; x_wconf 83' lang='lat' dir='ltr'>numquam</span> 
     </span>
     <span class='ocr_line' id='line_1_12' title="bbox 215 963 1728 1022; baseline 0.003 -17"><span class='ocrx_word' id='word_1_70' title='bbox 215 966 365 1005; x_wconf 88' lang='lat' dir='ltr'>carent</span> <span class='ocrx_word' id='word_1_71' title='bbox 394 963 559 1004; x_wconf 87' lang='lat' dir='ltr'>fraudis</span> <span class='ocrx_word' id='word_1_72' title='bbox 591 964 845 1017; x_wconf 88' lang='lat' dir='ltr'>suspicione.</span> <span class='ocrx_word' id='word_1_73' title='bbox 906 964 1037 1006; x_wconf 88' lang='lat' dir='ltr'>veluti</span> <span class='ocrx_word' id='word_1_74' title='bbox 1071 980 1166 1006; x_wconf 88' lang='lat' dir='ltr'>cum</span> <span class='ocrx_word' id='word_1_75' title='bbox 1199 965 1362 1007; x_wconf 87' lang='lat' dir='ltr'>Nonius</span> <span class='ocrx_word' id='word_1_76' title='bbox 1395 967 1483 1021; x_wconf 83' lang='lat' dir='ltr'>[pg.</span> <span class='ocrx_word' id='word_1_77' title='bbox 1507 968 1607 1022; x_wconf 71' lang='lat'>287]</span> <span class='ocrx_word' id='word_1_78' title='bbox 1638 982 1668 1009; x_wconf 90' lang='lat' dir='ltr'>s.</span> <span class='ocrx_word' id='word_1_79' title='bbox 1692 983 1728 1009; x_wconf 89' lang='lat' dir='ltr'>V.</span> 
     </span>
     <span class='ocr_line' id='line_1_13' title="bbox 208 1030 1728 1088; baseline 0.004 -16"><span class='ocrx_word' id='word_1_80' title='bbox 208 1031 488 1083; x_wconf 73' lang='lat' dir='ltr'>‘disti-ahere,</span> <span class='ocrx_word' id='word_1_81' title='bbox 520 1030 724 1074; x_wconf 86' lang='lat' dir='ltr'>vendere’</span> <span class='ocrx_word' id='word_1_82' title='bbox 774 1033 898 1086; x_wconf 87' lang='lat' dir='ltr'>quasi</span> <span class='ocrx_word' id='word_1_83' title='bbox 940 1047 991 1075; x_wconf 85' lang='lat' dir='ltr'>ex</span> <span class='ocrx_word' id='word_1_84' title='bbox 1022 1033 1187 1076; x_wconf 89' lang='lat' dir='ltr'>Lucilio</span> <span class='ocrx_word' id='word_1_85' title='bbox 1230 1035 1369 1088; x_wconf 88' lang='lat' dir='ltr'>petita</span> <span class='ocrx_word' id='word_1_86' title='bbox 1407 1035 1569 1077; x_wconf 88' lang='lat' dir='ltr'>habeat</span> <span class='ocrx_word' id='word_1_87' title='bbox 1599 1036 1728 1078; x_wconf 86' lang='lat' dir='ltr'>haec:</span> 
     </span>
     <span class='ocr_line' id='line_1_14' title="bbox 218 1104 1729 1158; baseline 0.003 -16"><span class='ocrx_word' id='word_1_88' title='bbox 218 1104 424 1150; x_wconf 73' lang='lat' dir='ltr'>dividam,</span> <span class='ocrx_word' id='word_1_89' title='bbox 478 1104 696 1153; x_wconf 74' lang='lat' dir='ltr'>differant,</span> <span class='ocrx_word' id='word_1_90' title='bbox 750 1105 984 1153; x_wconf 68' lang='lat' dir='ltr'>‹Zisschent,</span> <span class='ocrx_word' id='word_1_91' title='bbox 1039 1106 1295 1153; x_wconf 71' lang='lat' dir='ltr'>distrahant,</span> <span class='ocrx_word' id='word_1_92' title='bbox 1354 1118 1493 1158; x_wconf 88' lang='lat' dir='ltr'>neque</span> <span class='ocrx_word' id='word_1_93' title='bbox 1547 1106 1729 1147; x_wconf 86' lang='lat' dir='ltr'>creticos</span> 
     </span>
     <span class='ocr_line' id='line_1_15' title="bbox 215 1170 1731 1227; baseline 0.004 -17"><span class='ocrx_word' id='word_1_94' title='bbox 215 1183 416 1211; x_wconf 90' lang='lat' dir='ltr'>numeros</span> <span class='ocrx_word' id='word_1_95' title='bbox 458 1170 622 1211; x_wconf 90' lang='lat' dir='ltr'>Lucilio</span> <span class='ocrx_word' id='word_1_96' title='bbox 666 1174 791 1225; x_wconf 90' lang='lat' dir='ltr'>aptos</span> <span class='ocrx_word' id='word_1_97' title='bbox 832 1185 970 1225; x_wconf 87' lang='lat' dir='ltr'>neque</span> <span class='ocrx_word' id='word_1_98' title='bbox 1016 1175 1249 1214; x_wconf 59' lang='lat' dir='ltr'>camalam-e</span> <span class='ocrx_word' id='word_1_99' title='bbox 1290 1187 1368 1227; x_wconf 89' lang='lat' dir='ltr'>pro</span> <span class='ocrx_word' id='word_1_100' title='bbox 1419 1187 1468 1215; x_wconf 87' lang='lat' dir='ltr'>eo</span> <span class='ocrx_word' id='word_1_101' title='bbox 1516 1174 1630 1227; x_wconf 88' lang='lat' dir='ltr'>quod</span> <span class='ocrx_word' id='word_1_102' title='bbox 1676 1175 1731 1216; x_wconf 87' lang='lat' dir='ltr'>sit</span> 
     </span>
     <span class='ocr_line' id='line_1_16' title="bbox 217 1240 1730 1296; baseline 0.003 -17"><span class='ocrx_word' id='word_1_103' title='bbox 217 1243 393 1281; x_wconf 74' lang='lat' dir='ltr'>vendere</span> <span class='ocrx_word' id='word_1_104' title='bbox 425 1240 612 1293; x_wconf 90' lang='lat' dir='ltr'>positum</span> <span class='ocrx_word' id='word_1_105' title='bbox 644 1253 939 1293; x_wconf 80' lang='lat' dir='ltr'>agnoscemus,</span> <span class='ocrx_word' id='word_1_106' title='bbox 972 1240 1046 1282; x_wconf 89' lang='lat' dir='ltr'>sed</span> <span class='ocrx_word' id='word_1_107' title='bbox 1079 1241 1239 1282; x_wconf 87' lang='lat' dir='ltr'>excidit</span> <span class='ocrx_word' id='word_1_108' title='bbox 1269 1245 1418 1296; x_wconf 90' lang='lat' dir='ltr'>aperte</span> <span class='ocrx_word' id='word_1_109' title='bbox 1451 1257 1546 1284; x_wconf 91' lang='lat' dir='ltr'>cum</span> <span class='ocrx_word' id='word_1_110' title='bbox 1579 1243 1730 1284; x_wconf 88' lang='lat' dir='ltr'>Lucilii</span> 
     </span>
     <span class='ocr_line' id='line_1_17' title="bbox 217 1308 1731 1366; baseline 0.003 -17"><span class='ocrx_word' id='word_1_111' title='bbox 217 1308 357 1349; x_wconf 88' lang='lat' dir='ltr'>verbis</span> <span class='ocrx_word' id='word_1_112' title='bbox 378 1308 536 1349; x_wconf 91' lang='lat' dir='ltr'>lemma</span> <span class='ocrx_word' id='word_1_113' title='bbox 565 1309 673 1350; x_wconf 88' lang='lat' dir='ltr'>tale:</span> <span class='ocrx_word' id='word_1_114' title='bbox 710 1312 956 1359; x_wconf 74' lang='lat' dir='ltr'>distrahere,</span> <span class='ocrx_word' id='word_1_115' title='bbox 990 1313 1242 1363; x_wconf 64' lang='lat' dir='ltr'>desem-pere,</span> <span class='ocrx_word' id='word_1_116' title='bbox 1273 1314 1364 1352; x_wconf 89' lang='lat' dir='ltr'>tum</span> <span class='ocrx_word' id='word_1_117' title='bbox 1394 1325 1547 1353; x_wconf 86' lang='lat' dir='ltr'>nomen</span> <span class='ocrx_word' id='word_1_118' title='bbox 1576 1315 1731 1366; x_wconf 87' lang='lat' dir='ltr'>poetae</span> 
     </span>
     <span class='ocr_line' id='line_1_18' title="bbox 217 1377 1120 1432; baseline 0.002 -14"><span class='ocrx_word' id='word_1_119' title='bbox 217 1377 403 1418; x_wconf 85' lang='lat' dir='ltr'>scaenici</span> <span class='ocrx_word' id='word_1_120' title='bbox 436 1380 479 1419; x_wconf 90' lang='lat' dir='ltr'>et</span> <span class='ocrx_word' id='word_1_121' title='bbox 510 1377 696 1431; x_wconf 88' lang='lat' dir='ltr'>quidem,</span> <span class='ocrx_word' id='word_1_122' title='bbox 728 1382 776 1420; x_wconf 94' lang='lat' dir='ltr'>ut</span> <span class='ocrx_word' id='word_1_123' title='bbox 807 1382 925 1432; x_wconf 59' lang='lat' dir='ltr'>puto,</span> <span class='ocrx_word' id='word_1_124' title='bbox 958 1379 1120 1420; x_wconf 90' lang='lat' dir='ltr'>comici.</span> 
     </span>
    </p>

    <p class='ocr_par' dir='ltr' id='par_1_5' title="bbox 218 1446 1732 1639">
     <span class='ocr_line' id='line_1_19' title="bbox 334 1446 1731 1501; baseline 0.004 -14"><span class='ocrx_word' id='word_1_125' title='bbox 334 1446 418 1488; x_wconf 79' lang='lat' dir='ltr'>Sed</span> <span class='ocrx_word' id='word_1_126' title='bbox 450 1460 501 1488; x_wconf 85' lang='lat' dir='ltr'>ex</span> <span class='ocrx_word' id='word_1_127' title='bbox 533 1447 739 1499; x_wconf 85' lang='lat' dir='ltr'>numeris,</span> <span class='ocrx_word' id='word_1_128' title='bbox 782 1447 938 1501; x_wconf 89' lang='lat' dir='ltr'>quibus</span> <span class='ocrx_word' id='word_1_129' title='bbox 980 1462 1082 1490; x_wconf 89' lang='lat' dir='ltr'>usus</span> <span class='ocrx_word' id='word_1_130' title='bbox 1115 1451 1180 1490; x_wconf 88' lang='lat' dir='ltr'>est</span> <span class='ocrx_word' id='word_1_131' title='bbox 1210 1448 1416 1500; x_wconf 87' lang='lat' dir='ltr'>Lucilius,</span> <span class='ocrx_word' id='word_1_132' title='bbox 1459 1450 1494 1491; x_wconf 90' lang='lat' dir='ltr'>si</span> <span class='ocrx_word' id='word_1_133' title='bbox 1536 1449 1731 1493; x_wconf 87' lang='lat' dir='ltr'>omiseris</span> 
     </span>
     <span class='ocr_line' id='line_1_20' title="bbox 218 1516 1732 1572; baseline 0.003 -16"><span class='ocrx_word' id='word_1_134' title='bbox 218 1516 432 1569; x_wconf 83' lang='lat' dir='ltr'>quaedam</span> <span class='ocrx_word' id='word_1_135' title='bbox 462 1530 547 1557; x_wconf 90' lang='lat' dir='ltr'>non</span> <span class='ocrx_word' id='word_1_136' title='bbox 578 1516 748 1557; x_wconf 87' lang='lat' dir='ltr'>omnino</span> <span class='ocrx_word' id='word_1_137' title='bbox 793 1519 931 1568; x_wconf 85' lang='lat' dir='ltr'>certa,</span> <span class='ocrx_word' id='word_1_138' title='bbox 971 1520 1341 1570; x_wconf 87' lang='lat' dir='ltr'>pentametrorum</span> <span class='ocrx_word' id='word_1_139' title='bbox 1386 1531 1470 1559; x_wconf 91' lang='lat' dir='ltr'>non</span> <span class='ocrx_word' id='word_1_140' title='bbox 1511 1518 1607 1572; x_wconf 90' lang='lat' dir='ltr'>plus</span> <span class='ocrx_word' id='word_1_141' title='bbox 1646 1519 1732 1560; x_wconf 88' lang='lat' dir='ltr'>tria</span> 
     </span>
     <span class='ocr_line' id='line_1_21' title="bbox 219 1585 1731 1639; baseline 0.002 -13"><span class='ocrx_word' id='word_1_142' title='bbox 219 1588 369 1626; x_wconf 80' lang='lat' dir='ltr'>extant</span> <span class='ocrx_word' id='word_1_143' title='bbox 392 1585 601 1639; x_wconf 81' lang='lat' dir='ltr'>exempla,</span> <span class='ocrx_word' id='word_1_144' title='bbox 624 1588 667 1626; x_wconf 92' lang='lat' dir='ltr'>et</span> <span class='ocrx_word' id='word_1_145' title='bbox 688 1585 861 1638; x_wconf 88' lang='lat' dir='ltr'>quidem</span> <span class='ocrx_word' id='word_1_146' title='bbox 883 1586 1022 1639; x_wconf 89' lang='lat' dir='ltr'>petita</span> <span class='ocrx_word' id='word_1_147' title='bbox 1044 1599 1095 1627; x_wconf 86' lang='lat' dir='ltr'>ex</span> <span class='ocrx_word' id='word_1_148' title='bbox 1117 1585 1142 1626; x_wconf 91' lang='lat' dir='ltr'>l.</span> <span class='ocrx_word' id='word_1_149' title='bbox 1159 1585 1293 1627; x_wconf 87' lang='lat' dir='ltr'>XXII.</span> <span class='ocrx_word' id='word_1_150' title='bbox 1317 1590 1416 1628; x_wconf 88' lang='lat' dir='ltr'>sunt</span> <span class='ocrx_word' id='word_1_151' title='bbox 1437 1590 1581 1629; x_wconf 87' lang='lat' dir='ltr'>autem</span> <span class='ocrx_word' id='word_1_152' title='bbox 1603 1587 1731 1629; x_wconf 89' lang='lat' dir='ltr'>haec:</span> 
     </span>
    </p>

    <p class='ocr_par' dir='ltr' id='par_1_6' title="bbox 539 1671 1377 1717">
     <span class='ocr_line' id='line_1_22' title="bbox 539 1671 1377 1717; baseline 0.002 -12"><span class='ocrx_word' id='word_1_153' title='bbox 539 1671 660 1705; x_wconf 84' lang='lat' dir='ltr'>Lucili</span> <span class='ocrx_word' id='word_1_154' title='bbox 686 1671 881 1706; x_wconf 84' lang='lat' dir='ltr'>columella</span> <span class='ocrx_word' id='word_1_155' title='bbox 906 1671 966 1706; x_wconf 91' lang='lat' dir='ltr'>hic</span> <span class='ocrx_word' id='word_1_156' title='bbox 992 1671 1074 1706; x_wconf 81' lang='lat' dir='ltr'>situ’</span> <span class='ocrx_word' id='word_1_157' title='bbox 1100 1671 1377 1717; x_wconf 84' lang='lat' dir='ltr'>Metrophanes.</span> 
     </span>
    </p>

    <p class='ocr_par' dir='ltr' id='par_1_7' title="bbox 539 1728 1378 1774">
     <span class='ocr_line' id='line_1_23' title="bbox 539 1728 1378 1774; baseline 0.002 -12"><span class='ocrx_word' id='word_1_158' title='bbox 539 1728 727 1773; x_wconf 85' lang='lat' dir='ltr'>Zopyrion</span> <span class='ocrx_word' id='word_1_159' title='bbox 754 1729 878 1764; x_wconf 84' lang='lat' dir='ltr'>labeas</span> <span class='ocrx_word' id='word_1_160' title='bbox 905 1729 1027 1763; x_wconf 87' lang='lat' dir='ltr'>caedit</span> <span class='ocrx_word' id='word_1_161' title='bbox 1050 1730 1235 1774; x_wconf 82' lang='lat' dir='ltr'>utrimque</span> <span class='ocrx_word' id='word_1_162' title='bbox 1262 1741 1378 1765; x_wconf 83' lang='lat' dir='ltr'>secus.</span> 
     </span>
    </p>

    <p class='ocr_par' dir='ltr' id='par_1_8' title="bbox 219 1787 1738 2951">
     <span class='ocr_line' id='line_1_24' title="bbox 540 1787 1241 1831; baseline 0.001 -11"><span class='ocrx_word' id='word_1_163' title='bbox 540 1787 693 1831; x_wconf 80' lang='lat' dir='ltr'>insignis</span> <span class='ocrx_word' id='word_1_164' title='bbox 718 1787 814 1821; x_wconf 87' lang='lat' dir='ltr'>varis</span> <span class='ocrx_word' id='word_1_165' title='bbox 840 1787 1008 1821; x_wconf 87' lang='lat' dir='ltr'>cruribus</span> <span class='ocrx_word' id='word_1_166' title='bbox 1034 1790 1072 1821; x_wconf 87' lang='lat' dir='ltr'>et</span> <span class='ocrx_word' id='word_1_167' title='bbox 1095 1787 1241 1831; x_wconf 86' lang='lat' dir='ltr'>petulis.</span> 
     </span>
     <span class='ocr_line' id='line_1_25' title="bbox 219 1861 1734 1917; baseline 0.002 -15"><span class='ocrx_word' id='word_1_168' title='bbox 219 1875 349 1916; x_wconf 90' lang='lat' dir='ltr'>porro</span> <span class='ocrx_word' id='word_1_169' title='bbox 383 1862 536 1903; x_wconf 87' lang='lat' dir='ltr'>statuit</span> <span class='ocrx_word' id='word_1_170' title='bbox 556 1861 857 1903; x_wconf 88' lang='lat' dir='ltr'>Lachmannus</span> <span class='ocrx_word' id='word_1_171' title='bbox 879 1875 1078 1903; x_wconf 87' lang='lat' dir='ltr'>versuum</span> <span class='ocrx_word' id='word_1_172' title='bbox 1102 1875 1260 1916; x_wconf 80' lang='lat' dir='ltr'>genera</span> <span class='ocrx_word' id='word_1_173' title='bbox 1282 1862 1343 1904; x_wconf 90' lang='lat' dir='ltr'>sic</span> <span class='ocrx_word' id='word_1_174' title='bbox 1366 1862 1495 1904; x_wconf 87' lang='lat' dir='ltr'>fuisse</span> <span class='ocrx_word' id='word_1_175' title='bbox 1524 1863 1734 1917; x_wconf 86' lang='lat' dir='ltr'>disposita</span> 
     </span>
     <span class='ocr_line' id='line_1_26' title="bbox 220 1930 1733 1985; baseline 0.001 -13"><span class='ocrx_word' id='word_1_176' title='bbox 220 1945 298 1985; x_wconf 89' lang='lat' dir='ltr'>per</span> <span class='ocrx_word' id='word_1_177' title='bbox 342 1930 477 1972; x_wconf 90' lang='lat' dir='ltr'>libros</span> <span class='ocrx_word' id='word_1_178' title='bbox 520 1930 726 1985; x_wconf 84' lang='lat' dir='ltr'>singulos,</span> <span class='ocrx_word' id='word_1_179' title='bbox 769 1934 817 1972; x_wconf 92' lang='lat' dir='ltr'>ut</span> <span class='ocrx_word' id='word_1_180' title='bbox 859 1931 1026 1985; x_wconf 87' lang='lat' dir='ltr'>priores</span> <span class='ocrx_word' id='word_1_181' title='bbox 1056 1931 1175 1972; x_wconf 86' lang='lat' dir='ltr'>XXV</span> <span class='ocrx_word' id='word_1_182' title='bbox 1218 1946 1313 1973; x_wconf 87' lang='lat' dir='ltr'>cum</span> <span class='ocrx_word' id='word_1_183' title='bbox 1354 1931 1572 1974; x_wconf 85' lang='lat' dir='ltr'>tricesimo</span> <span class='ocrx_word' id='word_1_184' title='bbox 1602 1932 1733 1974; x_wconf 89' lang='lat' dir='ltr'>hexa-</span> 
     </span>
     <span class='ocr_line' id='line_1_27' title="bbox 220 2000 1735 2054; baseline 0.002 -14"><span class='ocrx_word' id='word_1_185' title='bbox 220 2000 369 2041; x_wconf 89' lang='lat' dir='ltr'>metris</span> <span class='ocrx_word' id='word_1_186' title='bbox 409 2000 749 2051; x_wconf 85' lang='lat' dir='ltr'>continerentur,</span> <span class='ocrx_word' id='word_1_187' title='bbox 792 2003 972 2054; x_wconf 86' lang='lat' dir='ltr'>excepto</span> <span class='ocrx_word' id='word_1_188' title='bbox 1014 2000 1129 2054; x_wconf 89' lang='lat' dir='ltr'>quod</span> <span class='ocrx_word' id='word_1_189' title='bbox 1161 2000 1284 2042; x_wconf 87' lang='lat' dir='ltr'>XXII</span> <span class='ocrx_word' id='word_1_190' title='bbox 1323 2000 1389 2042; x_wconf 88' lang='lat' dir='ltr'>vel</span> <span class='ocrx_word' id='word_1_191' title='bbox 1430 2004 1547 2043; x_wconf 89' lang='lat' dir='ltr'>totus</span> <span class='ocrx_word' id='word_1_192' title='bbox 1584 2001 1650 2043; x_wconf 89' lang='lat' dir='ltr'>vel</span> <span class='ocrx_word' id='word_1_193' title='bbox 1682 2016 1735 2043; x_wconf 86' lang='lat' dir='ltr'>ex</span> 
     </span>
     <span class='ocr_line' id='line_1_28' title="bbox 221 2068 1736 2123; baseline 0.001 -14"><span class='ocrx_word' id='word_1_194' title='bbox 221 2072 346 2123; x_wconf 89' lang='lat' dir='ltr'>parte</span> <span class='ocrx_word' id='word_1_195' title='bbox 390 2068 619 2110; x_wconf 88' lang='lat' dir='ltr'>constabat</span> <span class='ocrx_word' id='word_1_196' title='bbox 661 2068 878 2121; x_wconf 83' lang='lat' dir='ltr'>distichis,</span> <span class='ocrx_word' id='word_1_197' title='bbox 924 2072 969 2110; x_wconf 89' lang='lat' dir='ltr'>at</span> <span class='ocrx_word' id='word_1_198' title='bbox 1009 2083 1061 2110; x_wconf 84' lang='lat' dir='ltr'>ex</span> <span class='ocrx_word' id='word_1_199' title='bbox 1102 2069 1274 2111; x_wconf 89' lang='lat' dir='ltr'>relicuis</span> <span class='ocrx_word' id='word_1_200' title='bbox 1314 2069 1454 2112; x_wconf 92' lang='lat' dir='ltr'>XXVI</span> <span class='ocrx_word' id='word_1_201' title='bbox 1494 2073 1536 2112; x_wconf 93' lang='lat' dir='ltr'>et</span> <span class='ocrx_word' id='word_1_202' title='bbox 1573 2070 1736 2113; x_wconf 90' lang='lat' dir='ltr'>XXVII</span> 
     </span>
     <span class='ocr_line' id='line_1_29' title="bbox 220 2137 1734 2192; baseline 0.001 -14"><span class='ocrx_word' id='word_1_203' title='bbox 220 2137 449 2188; x_wconf 84' lang='lat' dir='ltr'>trochaeis,</span> <span class='ocrx_word' id='word_1_204' title='bbox 483 2137 666 2178; x_wconf 94' lang='lat' dir='ltr'>XXVIII</span> <span class='ocrx_word' id='word_1_205' title='bbox 696 2137 865 2189; x_wconf 89' lang='lat' dir='ltr'>iambis,</span> <span class='ocrx_word' id='word_1_206' title='bbox 898 2137 1040 2178; x_wconf 89' lang='lat' dir='ltr'>XXIX</span> <span class='ocrx_word' id='word_1_207' title='bbox 1068 2141 1253 2192; x_wconf 88' lang='lat' dir='ltr'>utroque</span> <span class='ocrx_word' id='word_1_208' title='bbox 1274 2139 1562 2192; x_wconf 87' lang='lat' dir='ltr'>perscriptum</span> <span class='ocrx_word' id='word_1_209' title='bbox 1583 2142 1734 2180; x_wconf 88' lang='lat' dir='ltr'>metro.</span> 
     </span>
     <span class='ocr_line' id='line_1_30' title="bbox 225 2202 1736 2261; baseline 0.001 -14"><span class='ocrx_word' id='word_1_210' title='bbox 225 2210 268 2248; x_wconf 89' lang='lat' dir='ltr'>et</span> <span class='ocrx_word' id='word_1_211' title='bbox 300 2202 446 2247; x_wconf 90' lang='lat' dir='ltr'>cetera</span> <span class='ocrx_word' id='word_1_212' title='bbox 477 2206 663 2260; x_wconf 84' lang='lat' dir='ltr'>quidem⁷</span> <span class='ocrx_word' id='word_1_213' title='bbox 696 2219 807 2260; x_wconf 85' lang='lat' dir='ltr'>quae</span> <span class='ocrx_word' id='word_1_214' title='bbox 837 2220 917 2247; x_wconf 91' lang='lat' dir='ltr'>nec</span> <span class='ocrx_word' id='word_1_215' title='bbox 949 2206 1216 2260; x_wconf 79' lang='lat' dir='ltr'>Scaligerum</span> <span class='ocrx_word' id='word_1_216' title='bbox 1247 2207 1417 2248; x_wconf 89' lang='lat' dir='ltr'>omnino</span> <span class='ocrx_word' id='word_1_217' title='bbox 1449 2207 1608 2261; x_wconf 82' lang='lat' dir='ltr'>fugere,</span> <span class='ocrx_word' id='word_1_218' title='bbox 1651 2222 1736 2250; x_wconf 90' lang='lat' dir='ltr'>non</span> 
     </span>
     <span class='ocr_line' id='line_1_31' title="bbox 222 2274 1736 2329; baseline 0.002 -13"><span class='ocrx_word' id='word_1_219' title='bbox 222 2278 321 2316; x_wconf 88' lang='lat' dir='ltr'>sunt</span> <span class='ocrx_word' id='word_1_220' title='bbox 342 2274 486 2327; x_wconf 87' lang='lat' dir='ltr'>dubia,</span> <span class='ocrx_word' id='word_1_221' title='bbox 508 2275 590 2317; x_wconf 89' lang='lat' dir='ltr'>nisi</span> <span class='ocrx_word' id='word_1_222' title='bbox 613 2275 729 2329; x_wconf 86' lang='lat' dir='ltr'>quod</span> <span class='ocrx_word' id='word_1_223' title='bbox 752 2289 803 2316; x_wconf 84' lang='lat' dir='ltr'>ex</span> <span class='ocrx_word' id='word_1_224' title='bbox 825 2274 947 2316; x_wconf 90' lang='lat' dir='ltr'>libris</span> <span class='ocrx_word' id='word_1_225' title='bbox 970 2275 1084 2326; x_wconf 89' lang='lat' dir='ltr'>XXI,</span> <span class='ocrx_word' id='word_1_226' title='bbox 1118 2276 1273 2327; x_wconf 90' lang='lat' dir='ltr'>XXIII,</span> <span class='ocrx_word' id='word_1_227' title='bbox 1298 2276 1450 2327; x_wconf 89' lang='lat' dir='ltr'>XXIV,</span> <span class='ocrx_word' id='word_1_228' title='bbox 1475 2276 1592 2319; x_wconf 89' lang='lat' dir='ltr'>XXV</span> <span class='ocrx_word' id='word_1_229' title='bbox 1617 2281 1736 2319; x_wconf 88' lang='lat' dir='ltr'>certa</span> 
     </span>
     <span class='ocr_line' id='line_1_32' title="bbox 221 2344 1735 2399; baseline 0.001 -14"><span class='ocrx_word' id='word_1_230' title='bbox 221 2359 306 2386; x_wconf 90' lang='lat' dir='ltr'>non</span> <span class='ocrx_word' id='word_1_231' title='bbox 338 2347 510 2385; x_wconf 83' lang='lat' dir='ltr'>servata</span> <span class='ocrx_word' id='word_1_232' title='bbox 541 2348 640 2385; x_wconf 87' lang='lat' dir='ltr'>sunt</span> <span class='ocrx_word' id='word_1_233' title='bbox 668 2344 877 2398; x_wconf 80' lang='lat' dir='ltr'>exempla.</span> <span class='ocrx_word' id='word_1_234' title='bbox 937 2358 1075 2398; x_wconf 86' lang='lat' dir='ltr'>neque</span> <span class='ocrx_word' id='word_1_235' title='bbox 1109 2358 1312 2398; x_wconf 89' lang='lat' dir='ltr'>umquam</span> <span class='ocrx_word' id='word_1_236' title='bbox 1345 2345 1388 2386; x_wconf 91' lang='lat' dir='ltr'>in</span> <span class='ocrx_word' id='word_1_237' title='bbox 1418 2345 1520 2396; x_wconf 90' lang='lat' dir='ltr'>illis,</span> <span class='ocrx_word' id='word_1_238' title='bbox 1552 2360 1735 2399; x_wconf 84' lang='lat' dir='ltr'>quorum</span> 
     </span>
     <span class='ocr_line' id='line_1_33' title="bbox 222 2412 1735 2468; baseline 0.001 -14"><span class='ocrx_word' id='word_1_239' title='bbox 222 2413 445 2468; x_wconf 88' lang='lat' dir='ltr'>proprium</span> <span class='ocrx_word' id='word_1_240' title='bbox 478 2413 741 2454; x_wconf 83' lang='lat' dir='ltr'>existimavit</span> <span class='ocrx_word' id='word_1_241' title='bbox 770 2412 1073 2455; x_wconf 88' lang='lat' dir='ltr'>Lachmannus</span> <span class='ocrx_word' id='word_1_242' title='bbox 1105 2417 1289 2454; x_wconf 88' lang='lat' dir='ltr'>metrum</span> <span class='ocrx_word' id='word_1_243' title='bbox 1321 2413 1592 2468; x_wconf 87' lang='lat' dir='ltr'>dactylicum,</span> <span class='ocrx_word' id='word_1_244' title='bbox 1626 2414 1735 2456; x_wconf 90' lang='lat' dir='ltr'>alius</span> 
     </span>
     <span class='ocr_line' id='line_1_34' title="bbox 223 2482 1735 2536; baseline 0.001 -14"><span class='ocrx_word' id='word_1_245' title='bbox 223 2483 259 2523; x_wconf 88' lang='lat' dir='ltr'>si</span> <span class='ocrx_word' id='word_1_246' title='bbox 280 2482 526 2523; x_wconf 85' lang='lat' dir='ltr'>inveniatur</span> <span class='ocrx_word' id='word_1_247' title='bbox 553 2496 771 2533; x_wconf 89' lang='lat' dir='ltr'>numerus,</span> <span class='ocrx_word' id='word_1_248' title='bbox 805 2485 924 2523; x_wconf 87' lang='lat' dir='ltr'>caret</span> <span class='ocrx_word' id='word_1_249' title='bbox 946 2496 1014 2531; x_wconf 87' lang='lat' dir='ltr'>res</span> <span class='ocrx_word' id='word_1_250' title='bbox 1046 2482 1300 2536; x_wconf 89' lang='lat' dir='ltr'>suspicione.</span> <span class='ocrx_word' id='word_1_251' title='bbox 1353 2497 1404 2524; x_wconf 87' lang='lat' dir='ltr'>ex</span> <span class='ocrx_word' id='word_1_252' title='bbox 1436 2482 1592 2536; x_wconf 88' lang='lat' dir='ltr'>quibus</span> <span class='ocrx_word' id='word_1_253' title='bbox 1625 2497 1735 2536; x_wconf 90' lang='lat' dir='ltr'>quae</span> 
     </span>
     <span class='ocr_line' id='line_1_35' title="bbox 224 2549 1734 2606; baseline 0.001 -15"><span class='ocrx_word' id='word_1_254' title='bbox 224 2565 294 2605; x_wconf 85' lang='lat' dir='ltr'>ap.</span> <span class='ocrx_word' id='word_1_255' title='bbox 330 2550 515 2592; x_wconf 88' lang='lat' dir='ltr'>Nonium</span> <span class='ocrx_word' id='word_1_256' title='bbox 560 2550 763 2604; x_wconf 80' lang='lat' dir='ltr'>leguntur</span> <span class='ocrx_word' id='word_1_257' title='bbox 805 2551 924 2605; x_wconf 84' lang='lat'>[103,</span> <span class='ocrx_word' id='word_1_258' title='bbox 958 2552 1029 2606; x_wconf 80' lang='lat'>24]</span> <span class='ocrx_word' id='word_1_259' title='bbox 1073 2566 1102 2592; x_wconf 89' lang='lat' dir='ltr'>s.</span> <span class='ocrx_word' id='word_1_260' title='bbox 1135 2567 1170 2592; x_wconf 88' lang='lat' dir='ltr'>v.</span> <span class='ocrx_word' id='word_1_261' title='bbox 1205 2549 1372 2593; x_wconf 78' lang='lat' dir='ltr'>‘elevit&#39;</span> <span class='ocrx_word' id='word_1_262' title='bbox 1409 2551 1495 2592; x_wconf 86' lang='lat' dir='ltr'>iam</span> <span class='ocrx_word' id='word_1_263' title='bbox 1540 2551 1734 2605; x_wconf 83' lang='lat' dir='ltr'>Scaliger</span> 
     </span>
     <span class='ocr_line' id='line_1_36' title="bbox 224 2619 1736 2673; baseline 0.001 -13"><span class='ocrx_word' id='word_1_264' title='bbox 224 2620 428 2661; x_wconf 86' lang='lat' dir='ltr'>volumini</span> <span class='ocrx_word' id='word_1_265' title='bbox 460 2619 601 2660; x_wconf 90' lang='lat' dir='ltr'>XXVI</span> <span class='ocrx_word' id='word_1_266' title='bbox 630 2619 775 2673; x_wconf 89' lang='lat' dir='ltr'>potius</span> <span class='ocrx_word' id='word_1_267' title='bbox 810 2633 937 2673; x_wconf 88' lang='lat' dir='ltr'>quam</span> <span class='ocrx_word' id='word_1_268' title='bbox 970 2620 1027 2661; x_wconf 93' lang='lat' dir='ltr'>VI</span> <span class='ocrx_word' id='word_1_269' title='bbox 1057 2619 1290 2661; x_wconf 88' lang='lat' dir='ltr'>tribuenda</span> <span class='ocrx_word' id='word_1_270' title='bbox 1324 2633 1415 2661; x_wconf 86' lang='lat' dir='ltr'>esse</span> <span class='ocrx_word' id='word_1_271' title='bbox 1447 2619 1564 2661; x_wconf 89' lang='lat' dir='ltr'>vidit.</span> <span class='ocrx_word' id='word_1_272' title='bbox 1626 2634 1736 2673; x_wconf 89' lang='lat' dir='ltr'>quae</span> 
     </span>
     <span class='ocr_line' id='line_1_37' title="bbox 227 2686 1737 2744; baseline 0 -15"><span class='ocrx_word' id='word_1_273' title='bbox 227 2688 343 2742; x_wconf 86' lang='lat' dir='ltr'>apud</span> <span class='ocrx_word' id='word_1_274' title='bbox 375 2688 555 2730; x_wconf 90' lang='lat' dir='ltr'>eundem</span> <span class='ocrx_word' id='word_1_275' title='bbox 588 2688 786 2730; x_wconf 83' lang='lat' dir='ltr'>feruntur</span> <span class='ocrx_word' id='word_1_276' title='bbox 817 2703 847 2729; x_wconf 88' lang='lat' dir='ltr'>s.</span> <span class='ocrx_word' id='word_1_277' title='bbox 879 2703 915 2729; x_wconf 90' lang='lat' dir='ltr'>v.</span> <span class='ocrx_word' id='word_1_278' title='bbox 950 2686 1179 2743; x_wconf 78' lang='lat' dir='ltr'>‘praecox&#39;</span> <span class='ocrx_word' id='word_1_279' title='bbox 1225 2690 1340 2744; x_wconf 82' lang='lat'>[150,</span> <span class='ocrx_word' id='word_1_280' title='bbox 1364 2689 1435 2743; x_wconf 84' lang='lat'>21]</span> <span class='ocrx_word' id='word_1_281' title='bbox 1469 2688 1593 2742; x_wconf 85' lang='lat' dir='ltr'>quasi</span> <span class='ocrx_word' id='word_1_282' title='bbox 1623 2703 1645 2730; x_wconf 94' lang='lat' dir='ltr'>e</span> <span class='ocrx_word' id='word_1_283' title='bbox 1675 2689 1737 2729; x_wconf 94' lang='lat' dir='ltr'>III</span> 
     </span>
     <span class='ocr_line' id='line_1_38' title="bbox 226 2755 1738 2811; baseline 0.001 -13"><span class='ocrx_word' id='word_1_284' title='bbox 226 2757 454 2811; x_wconf 89' lang='lat' dir='ltr'>desumpta</span> <span class='ocrx_word' id='word_1_285' title='bbox 484 2756 597 2798; x_wconf 90' lang='lat' dir='ltr'>libro</span> <span class='ocrx_word' id='word_1_286' title='bbox 642 2782 689 2786; x_wconf 83' lang='lat'><em>-</em></span> <span class='ocrx_word' id='word_1_287' title='bbox 736 2770 834 2798; x_wconf 87' lang='lat' dir='ltr'>nam</span> <span class='ocrx_word' id='word_1_288' title='bbox 871 2757 987 2810; x_wconf 88' lang='lat' dir='ltr'>quod</span> <span class='ocrx_word' id='word_1_289' title='bbox 1018 2758 1213 2811; x_wconf 89' lang='lat' dir='ltr'>sequitur</span> <span class='ocrx_word' id='word_1_290' title='bbox 1247 2756 1327 2799; x_wconf 72' lang='lat' dir='ltr'>‘est</span> <span class='ocrx_word' id='word_1_291' title='bbox 1356 2755 1486 2809; x_wconf 70' lang='lat' dir='ltr'>fuya&#39;</span> <span class='ocrx_word' id='word_1_292' title='bbox 1533 2757 1738 2799; x_wconf 83' lang='lat' dir='ltr'>Varronis</span> 
     </span>
     <span class='ocr_line' id='line_1_39' title="bbox 225 2825 1736 2880; baseline 0 -14"><span class='ocrx_word' id='word_1_293' title='bbox 225 2828 291 2866; x_wconf 90' lang='lat' dir='ltr'>est</span> <span class='ocrx_word' id='word_1_294' title='bbox 320 2851 394 2876; x_wconf 89' lang='lat'>-,</span> <span class='ocrx_word' id='word_1_295' title='bbox 437 2840 488 2867; x_wconf 88' lang='lat' dir='ltr'>ea</span> <span class='ocrx_word' id='word_1_296' title='bbox 529 2826 564 2867; x_wconf 88' lang='lat' dir='ltr'>si</span> <span class='ocrx_word' id='word_1_297' title='bbox 605 2825 852 2879; x_wconf 88' lang='lat' dir='ltr'>corruptela</span> <span class='ocrx_word' id='word_1_298' title='bbox 882 2829 1056 2876; x_wconf 89' lang='lat' dir='ltr'>vacant,</span> <span class='ocrx_word' id='word_1_299' title='bbox 1097 2826 1179 2867; x_wconf 90' lang='lat' dir='ltr'>hac</span> <span class='ocrx_word' id='word_1_300' title='bbox 1210 2826 1306 2880; x_wconf 91' lang='lat' dir='ltr'>ipsa</span> <span class='ocrx_word' id='word_1_301' title='bbox 1345 2840 1392 2867; x_wconf 88' lang='lat' dir='ltr'>re</span> <span class='ocrx_word' id='word_1_302' title='bbox 1433 2829 1616 2880; x_wconf 88' lang='lat' dir='ltr'>apparet</span> <span class='ocrx_word' id='word_1_303' title='bbox 1652 2840 1736 2866; x_wconf 88' lang='lat' dir='ltr'>non</span> 
     </span>
     <span class='ocr_line' id='line_1_40' title="bbox 227 2893 1736 2951; baseline 0 -16"><span class='ocrx_word' id='word_1_304' title='bbox 227 2893 282 2936; x_wconf 86' lang='lat' dir='ltr'>ad</span> <span class='ocrx_word' id='word_1_305' title='bbox 311 2894 442 2935; x_wconf 89' lang='lat' dir='ltr'>istum</span> <span class='ocrx_word' id='word_1_306' title='bbox 473 2894 692 2951; x_wconf 87' lang='lat' dir='ltr'>pertinere</span> <span class='ocrx_word' id='word_1_307' title='bbox 722 2893 894 2936; x_wconf 86' lang='lat' dir='ltr'>librum.</span> <span class='ocrx_word' id='word_1_308' title='bbox 954 2908 1084 2951; x_wconf 87' lang='lat' dir='ltr'>porro</span> <span class='ocrx_word' id='word_1_309' title='bbox 1121 2908 1232 2948; x_wconf 82' lang='lat' dir='ltr'>quae</span> <span class='ocrx_word' id='word_1_310' title='bbox 1274 2894 1476 2936; x_wconf 86' lang='lat' dir='ltr'>volumini</span> <span class='ocrx_word' id='word_1_311' title='bbox 1520 2893 1620 2935; x_wconf 87' lang='lat' dir='ltr'>XIX</span> <span class='ocrx_word' id='word_1_312' title='bbox 1660 2894 1736 2935; x_wconf 87' lang='lat' dir='ltr'>tri-</span> 
     </span>
    </p>
   </div>
  </div>
 </body>
</html>
