1898 3292
255 182 336 220 546
870 185 1107 211 opvschVM
1124 184 1147 209 1.

254 293 355 333 item
388 291 560 332 tertiam
592 303 686 331 cum
718 289 900 342 septima
930 288 1014 342 [est
1045 286 1195 328 modus
1223 286 1410 326 matulae
1445 285 1509 338 3]:

942 368 1022 411 quis
1047 367 1082 399 in
1110 366 1208 400 omni

530 426 606 459 vita
631 424 734 459 heluo
761 425 878 458 πίνων
905 424 1019 462 δέπας
1044 423 1170 466 olfacit
1195 421 1392 456 temetum?

256 503 328 544 ubi
361 504 505 544 πίνων
527 501 660 551 δέπας
690 499 864 549 dictum,
896 501 944 539 ut
966 496 1080 550 apud
1102 497 1335 538 Homerum
1368 498 1513 538 πίνειν
1533 501 1764 551 κρητῆρας.

256 596 311 600 ——
343 573 501 624 quarta
533 582 627 609 cum
661 567 894 609 seoundast
923 567 965 607 in
1001 566 1105 607 Sota
1136 565 1261 606 Ennii
1294 564 1380 619 [2]:

488 648 587 682 alius
611 647 652 680 in
678 647 775 681 mari
798 647 874 680 ‘vult
900 657 1035 690 r›nagno
1062 648 1188 679 tenere
1214 647 1376 686 tonsam3

258 718 514 761 duodecima
545 731 641 758 cum
684 719 805 756 sexta
851 719 894 756 et
937 715 1120 768 septima
1166 714 1280 767 apud
1323 713 1494 755 Accium
1543 711 1768 767 [didascal.

261 788 312 838 ΙΙ,
349 787 410 841 1]:

491 842 600 876 aliter
625 851 667 875 ac
692 842 740 875 sit
763 840 930 874 rellatum
961 839 1191 873 reclhostiant
1214 848 1449 883 responsumss.

260 912 443 965 denique
474 910 698 952 undecima
733 923 827 950 cum
869 908 1050 962 septima
1083 912 1125 948 et
1157 907 1411 949 duodecima
1442 906 1557 961 apud
1590 905 1769 947 eundem

261 980 352 1036 ΠΧ,
390 980 451 1034 1]:
823 1036 826 1039 ι
897 1034 903 1040 ·
1296 972 1299 973 ’
1539 1032 1544 1037 ¹

494 1046 580 1069 mim
608 1045 715 1079 quam
744 1045 853 1069 carm
877 1037 950 1068 sint
978 1045 1113 1078 genera
1141 1036 1405 1078 poematorum,
1432 1032 1557 1074 Baebi,

490 1102 671 1137 quamque
696 1092 798 1136 lonye
825 1091 999 1125 distincta
1024 1091 1093 1124 alia
1118 1090 1163 1124 ab
1190 1090 1288 1133 aliia,
1314 1090 1377 1132 3225,
1403 1100 1525 1124 nosce.

380 1174 561 1215 Omnino
608 1173 725 1214 Accii
772 1172 938 1214 sotadei
990 1171 1212 1225 aliquanto
1259 1170 1455 1212 duriores
1500 1173 1600 1211 sunt
1645 1182 1773 1223 quam

265 1242 484 1285 Varronis.

377 1311 467 1352 Iam
511 1309 563 1351 de
614 1309 794 1364 synizesi
847 1308 1059 1362 agendum
1105 1311 1147 1349 et
1189 1307 1374 1349 elisione.
1446 1306 1520 1348 ubi
1564 1306 1692 1347 etiam
1733 1305 1777 1345 in

263 1380 413 1421 metris
454 1378 612 1420 italicis
654 1377 796 1419 media
836 1376 1047 1430 quaedam
1092 1377 1259 1431 optinet
1301 1376 1412 1417 ratio
1456 1376 1569 1417 inter
1614 1373 1777 1415 scaeni-

267 1462 413 1489 corum
455 1461 580 1489 usum
622 1450 665 1487 et
715 1445 1035 1500 dactylicorum.
1117 1449 1159 1486 et
1201 1445 1388 1487 omnium
1431 1443 1602 1498 quidem
1649 1446 1697 1484 ut
1736 1443 1778 1483 in

266 1516 434 1567 ceteris,
465 1516 527 1557 ita
556 1515 599 1556 in
630 1515 713 1556 hac
734 1518 858 1569 parte
882 1527 986 1555 cura
1016 1518 1058 1555 et
1080 1513 1302 1568 diligentia
1323 1514 1522 1568 princeps
1543 1511 1777 1553 Phaedrus.

382 1584 463 1635 Qui
494 1584 535 1624 in
572 1583 752 1638 synizesi
792 1583 898 1624 nihil
938 1582 1083 1633 habet,
1126 1582 1241 1636 quod
1287 1582 1341 1623 ab
1383 1582 1641 1636 optimorum
1680 1593 1779 1621 auc-

266 1658 409 1695 torum
452 1667 532 1693 usu
573 1653 628 1693 sit
668 1652 865 1693 alienum.
938 1665 1021 1692 non
1061 1651 1237 1705 indigna
1275 1651 1489 1692 mentione
1531 1648 1780 1697 dihaeresis,

268 1736 354 1777 qua
387 1721 463 1762 illa
491 1725 682 1769 adsuevi,
725 1724 958 1769 adsuetam,
1001 1723 1159 1761 insueta
1202 1723 1468 1774 usurpantur
1499 1716 1780 1773 tetrasyllaba

268 1791 357 1847 [1V‚
388 1794 426 1841 8,
459 1793 504 1842 73
534 1789 596 1830 III
628 1789 734 1843 prol.
771 1792 842 1840 14;
871 1788 901 1840 Ι,
934 1792 997 1838 11,
1031 1789 1086 1843 5].

382 1859 542 1901 Contra
573 1872 598 1899 a
619 1857 837 1912 prioribus
866 1857 1055 1898 admissa
1077 1857 1302 1911 quaedam,
1336 1872 1446 1911 quae
1470 1855 1781 1911 dactylicorum

269 1928 311 1969 in
342 1927 465 1969 libris
495 1926 560 1968 vel
591 1939 825 1980 numquam
857 1926 1129 1967 inveniantur
1161 1925 1227 1967 vel
1258 1940 1370 1967 raro.

385 1996 456 2037 Sic
498 1995 660 2036 Ennius
703 1995 800 2049 [sat.
840 1994 921 2045 III,
966 1993 1006 2051 9]
1059 2008 1186 2036 meum
1236 1995 1381 2048 posuit
1430 1991 1782 2049 monosyllabum.

270 2077 400 2119 porro
443 2063 557 2118 apud
589 2063 799 2104 Lucilium
843 2068 994 2104 coacta
1034 2062 1141 2104 haec
1186 2063 1358 2117 [XXVL
1391 2066 1466 2116 673
1501 2067 1577 2115 753
1610 2061 1784 2111 XXVII,

274 2137 345 2186 183
378 2132 580 2183 XXVIII,
614 2136 659 2183 ὃς
691 2132 846 2183 XXIX,
882 2134 956 2183 133
993 2135 1063 2184 163
1096 2136 1171 2182 443
1204 2136 1279 2183 453
1313 2131 1406 2188 60]:
1439 2140 1621 2179 tuorum,-
1654 2138 1785 2179 tumn,-

272 2205 375 2250 mee';
405 2205 566 2250 eodem,·
600 2204 740 2249 cuius;
772 2203 928 2241 tametsi
939 2216 952 2249 ;
985 2204 1125 2249 deum,-
1156 2214 1240 2241 meo
1253 2216 1266 2249 ‚·
1297 2205 1446 2242 eodem.
1497 2200 1560 2241 ita
1593 2199 1784 2240 Licinus:

361 2273 364 2276 ’
410 2290 531 2315 eorum
559 2280 619 2314 ille
646 2291 759 2324 opera
786 2291 829 2314 119
856 2280 1005 2313 domum
1033 2279 1179 2324 quidem
1205 2280 1333 2315 habuit
1360 2280 1648 2323 conducticiam3

276 2359 319 2397 et
354 2355 603 2397 Volcacius:

412 2444 490 2468 eccm
515 2443 590 2468 meo
616 2433 753 2468 iudicio
781 2445 944 2468 errorem
971 2434 1167 2469 dissolvam
1195 2435 1282 2478 tibi3

412 2494 498 2525 tuae
523 2502 615 2534 quae
642 2493 821 2525 vocantur
847 2491 1000 2534 fabulae,
1029 2492 1179 2526 cuiaene
1207 2493 1318 2526 sunt?

275 2585 374 2613 nam
406 2571 468 2612 sic
495 2574 612 2612 recte
644 2570 761 2612 docti
801 2571 860 2624 (in
894 2571 1015 2612 libris
1047 2575 1112 2613 est
1142 2576 1219 2613 Ιιαε
1252 2573 1386 2626 quae).
1449 2571 1632 2624 denique
1673 2569 1788 2624 apud

277 2640 513 2682 Varronem
565 2639 840 2680 inveniuntur
889 2640 996 2681 talia
1046 2633 1192 2696 [εὗρεν
1233 2638 1260 2696 ἡ
1307 2639 1443 2691 λοπὰς
1481 2639 1532 2682 τὸ
1570 2643 1698 2695 πῶμα
1742 2642 1788 2690 3;

277 2708 399 2749 Sard.
439 2721 530 2748 ven.
572 2707 612 2761 l]
654 2711 794 2755 cunas,-
836 2711 924 2749 mez'.
995 2707 1077 2748 fuit
1118 2712 1180 2759 et,
1228 2722 1323 2749 cum
1371 2708 1508 2750 eidem
1554 2707 1788 2748 tribuerem

276 2775 548 2830 trisyllabum
585 2782 853 2826 posteaquam
866 2792 878 2823 ;
928 2776 980 2817 de
1021 2789 1105 2829 quo
1144 2779 1287 2817 tamen
1330 2789 1441 2818 nunc
1483 2775 1682 2816 dubitare
1723 2788 1790 2815 me

279 2844 588 2886 commentario
619 2844 662 2884 in
691 2844 797 2885 Non.
823 2847 916 2894 397,
948 2848 1001 2885 44
1033 2844 1260 2886 declaravi.
1312 2844 1444 2885 verba
1475 2848 1573 2885 sunt
1605 2857 1656 2884 ex
1679 2843 1790 2897 Lege
