1898 3292
767 270 1044 296 moriennam
1610 261 1660 298 37

153 366 302 417 Italico
335 388 468 415 necne
500 373 710 414 dubitant.
762 387 900 426 neque
929 377 1071 412 tamen
1106 372 1311 413 abhorret
1344 385 1368 411 a
1396 371 1481 412 fide
1504 371 1660 411 librum

152 444 290 494 illum,
334 443 407 496 qui
437 445 487 483 ut
514 442 675 483 Punica
709 441 884 494 Vergilii
919 441 1006 482 Aen
1034 440 1128 481 idos
1159 439 1318 492 ubique
1349 453 1453 492 prae
1493 453 1537 480 se
1578 439 1662 480 fert

152 512 457 561 imitationem,
514 510 567 551 ab
620 524 668 551 eo
716 510 867 551 iuvene
920 508 1150 550 admodum
1204 508 1505 561 conscriptum.
1587 507 1662 548 sed

153 581 332 622 metrica
372 593 466 620 cum
499 577 621 619 valde
662 577 835 619 differat
877 591 982 631 opus
1026 581 1274 630 utrumque,
1316 580 1380 626 ut,
1422 576 1457 616 si
1495 579 1662 617 statuas

154 648 344 691 eiusdem
376 661 468 689 esse
499 650 672 701 poetae,
713 647 757 687 in
788 646 960 687 Punicis
990 648 1170 699 propter
1201 645 1427 686 circuitum
1461 644 1662 685 carminis

151 718 358 772 pleraque
390 730 442 757 ex
482 715 711 757 severitate
752 715 896 769 priore
949 714 1107 755 omissa
1153 713 1208 755 sit
1255 712 1535 763 credendum,
1584 726 1661 766 ego

153 787 367 840 epitomen
399 783 621 838 segregavi
653 797 678 824 a
710 783 899 833 Punicis,
943 786 991 823 ut
1020 782 1063 822 in
1090 782 1235 835 priore
1268 781 1454 823 editione
1486 780 1660 822 factum.

266 854 399 895 Venio
420 853 506 893 iam
529 852 584 893 ad
606 851 854 905 tragoedias
878 851 1078 901 Senecae,
1102 850 1257 904 quibus
1281 849 1448 891 accedit
1472 850 1662 890 auctoris

151 923 321 973 incerti,
370 922 442 976 qui
474 921 553 962 sub
586 920 742 961 Flaviis
774 920 895 968 vixit,
930 919 1119 960 Octavia.
1180 918 1277 960 illas
1312 931 1462 959 novem
1504 918 1539 959 si
1578 931 1661 959 non

153 1006 310 1041 omnes,
343 994 388 1031 at
418 990 543 1043 longe
574 989 803 1030 maximam
836 991 1004 1042 partem
1038 987 1318 1041 compositam
1349 1001 1374 1027 a
1397 987 1449 1027 M.
1474 987 1661 1037 Annaeo,

153 1060 224 1114 qui
247 1059 485 1113 sapientiae
508 1057 661 1098 studiis
683 1057 896 1107 inclaruit,
928 1061 977 1097 ut
1000 1056 1112 1106 olim,
1134 1057 1197 1097 ita
1219 1070 1330 1097 nunc
1353 1055 1661 1104 contendimus,

152 1128 337 1182 amplexi
366 1127 473 1168 illud
497 1126 611 1180 quod
635 1125 844 1167 Genthius
867 1129 1014 1166 noster
1034 1126 1077 1166 in
1101 1124 1403 1166 dissertatione
1427 1123 1478 1164 de
1502 1123 1662 1164 Lucani

153 1197 324 1250 scriptis
375 1195 563 1236 Berolini
615 1208 651 1235 a.
706 1198 812 1236 1859
867 1193 983 1235 edita
1034 1194 1142 1235 dixit
1192 1194 1278 1249 [pg.
1316 1193 1384 1247 ll]
1440 1191 1660 1233 Sidonium

155 1265 444 1319 Apollinarem
478 1277 572 1304 cum
605 1263 816 1316 tragicum
849 1276 874 1304 a
906 1262 1161 1316 philosopho
1195 1262 1479 1314 distingueret
1510 1260 1661 1313 decep-

152 1338 241 1375 tum
285 1331 498 1374 Martialis
541 1334 642 1373 noto
683 1344 808 1372 versu
855 1331 902 1386 [L
936 1334 1000 1381 61,
1034 1332 1097 1386 7]:
1138 1335 1318 1381 duosque
1358 1333 1534 1370 Senecas
1574 1332 1661 1369 uni-

154 1415 321 1453 camque
344 1403 563 1442 Lucanum.
618 1403 787 1441 constat
816 1403 959 1440 tamen
992 1400 1172 1440 multum
1204 1399 1447 1440 dubitatum
1478 1411 1502 1438 a
1525 1396 1662 1437 doctis

153 1471 204 1512 de
244 1469 402 1511 fabulis
443 1469 538 1510 illis.
609 1473 739 1522 atque
791 1469 883 1521 ipse
925 1468 1145 1509 Bentleius
1188 1468 1231 1507 in
1273 1466 1564 1520 disputatione
1609 1465 1661 1506 de

153 1538 348 1593 epistulis
395 1536 638 1580 Phalaridis
691 1537 777 1592 [pg.
815 1540 892 1579 192
932 1536 996 1578 ed.
1028 1536 1160 1590 Lips]
1215 1539 1263 1576 ut
1306 1534 1547 1582 Octaviam,
1600 1534 1662 1575 ita

154 1613 513 1661 Agamemnonem
547 1609 590 1647 et
620 1605 850 1646 Herculem
884 1604 1092 1646 Oetaeum
1133 1617 1158 1644 a
1194 1603 1357 1644 Seneca
1396 1603 1662 1655 conscriptas

153 1675 335 1729 negavit.
399 1688 449 1715 ac
477 1674 528 1715 de
561 1674 741 1715 Octavia
772 1673 944 1727 quidem
978 1672 1214 1714 concedent
1245 1685 1408 1721 omnes,
1438 1671 1518 1711 nisi
1551 1671 1662 1711 forte

154 1745 249 1798 quis
285 1743 504 1792 statuerit,
547 1741 660 1796 quod
693 1755 762 1783 res
792 1746 891 1796 post
921 1745 1103 1783 mortem
1136 1740 1325 1781 Senecae
1359 1743 1505 1793 gestae
1537 1739 1579 1779 in
1612 1753 1663 1780 ea

151 1815 404 1865 tanguntur,
444 1811 637 1865 potuisse
668 1810 778 1860 fieri,
821 1814 867 1851 ut
909 1824 934 1851 a
966 1809 1167 1851 defuncto
1200 1809 1242 1849 in
1274 1808 1464 1849 amoenis
1494 1808 1661 1861 piorum

153 1881 258 1922 locis
290 1880 481 1921 carmina
510 1882 814 1933 pangerentur.
876 1878 1044 1920 accedit
1083 1877 1198 1931 quod
1232 1877 1275 1917 in
1304 1877 1387 1917 hac
1419 1880 1461 1917 et
1492 1876 1662 1917 dicendi

153 1963 285 2003 genus
335 1948 440 1990 satis
484 1951 549 1988 est
589 1947 822 1998 diversum,
863 1951 905 1988 et-
945 1947 1239 1988 trimetrorum
1279 1944 1558 1985 iambicorum
1593 1959 1662 1985 ars

153 2032 248 2059 cum
280 2017 371 2058 fere
413 2017 469 2058 sit
505 2016 671 2067 eadem,
714 2016 757 2056 in
796 2015 941 2070 lyricis
982 2015 1061 2056 soli
1104 2017 1368 2067 usurpantur
1409 2014 1662 2054 mononietri

153 2085 419 2140 anapaestici
450 2084 634 2126 exclusis
665 2084 759 2125 aliis
796 2084 1002 2134 numeris,
1044 2083 1192 2136 quales
1232 2082 1506 2123 inveniuntur
1548 2081 1663 2135 apud

153 2156 360 2196 Senecam
381 2157 556 2208 praeter
578 2153 847 2203 Phoenissas,
883 2166 1064 2206 quarum
1089 2151 1258 2192 cantica
1281 2165 1376 2192 cum
1399 2150 1494 2191 aliis
1517 2150 1662 2191 multis

153 2223 321 2264 hausta.
383 2235 519 2275 neque
560 2220 889 2275 improbabilest
931 2220 1115 2261 alterum
1144 2219 1374 2260 Herculem
1415 2218 1600 2260 alienum
1639 2232 1664 2258 a

154 2291 328 2333 Seneca.
385 2290 460 2331 sed
509 2293 558 2331 ut
600 2290 746 2344 plures
787 2289 1101 2330 abiudicandae
1143 2287 1374 2329 videant-ur
1417 2287 1471 2328 ab
1514 2286 1663 2327 eodem

152 2359 350 2409 fabulae,
402 2372 553 2412 parum
602 2358 646 2399 id
692 2357 927 2412 pertinebit
972 2357 1027 2398 ad
1079 2370 1169 2397 rem
1221 2360 1426 2397 nostram.
1504 2355 1663 2408 quippe

152 2431 319 2469 tantast
349 2427 392 2467 in
423 2427 619 2468 omnibus
651 2425 886 2468 similitudo
917 2429 965 2467 ut
997 2425 1221 2476 orationis,
1253 2425 1316 2465 ita
1346 2424 1552 2464 metricae
1579 2424 1662 2463 vir-

153 2500 291 2537 tutum
320 2495 485 2549 pariter
517 2509 568 2536 ac
598 2495 818 2544 vitiorum,
861 2498 909 2535 ut
951 2508 1003 2535 ex
1045 2493 1194 2534 eadem
1236 2492 1425 2534 eiusdem
1457 2493 1663 2545 temporis

153 2567 378 2618 poetarum
421 2563 567 2605 schola
606 2563 801 2617 prodisse
845 2577 918 2604 eas
959 2564 1182 2616 appareat.
1242 2562 1390 2614 itaque
1433 2564 1521 2601 tam
1553 2560 1663 2600 levia

154 2632 402 2674 discrimina
441 2632 484 2671 in
527 2631 586 2672 eis
625 2634 724 2672 sunt
768 2631 874 2672 artis
917 2645 1045 2684 quam
1089 2629 1244 2683 quibus
1281 2628 1420 2670 Ovidii
1453 2627 1663 2668 Heroides

155 2699 363 2742 differunt
383 2714 409 2741 a
431 2699 597 2750 ceteris,
630 2713 740 2752 quae
763 2699 841 2741 sub
864 2699 1034 2740 nomine
1056 2700 1254 2740 feruntur
1276 2699 1377 2748 eius,
1410 2700 1485 2737 aut
1506 2695 1664 2737 Tibulli

156 2769 317 2822 elegiae
350 2782 375 2809 a
406 2767 612 2822 Lygdami
645 2781 695 2808 ac
727 2767 954 2821 Sulpiciae.

270 2837 466 2878 Ceterum
498 2836 541 2876 in
572 2835 850 2877 restituendis
884 2835 1025 2876 verbis
1057 2835 1245 2876 Senecae
1284 2848 1378 2875 cum
1412 2833 1664 2886 gravissima

155 2909 271 2946 esset
302 2904 461 2946 codicis
484 2904 720 2945 Florentini
747 2904 997 2953 auctoritas,
1030 2904 1119 2944 eius
1153 2917 1254 2943 usus
1286 2916 1311 2942 a
1350 2906 1455 2943 1859
1486 2905 1664 2954 propter

153 2972 334 3023 bellum,
367 2987 450 3026 quo
483 2976 576 3013 tota
607 2976 697 3013 tum
730 2972 784 3014 ad
815 2971 1062 3014 libertatem
1095 2975 1244 3012 coorta
1275 2974 1370 3012 erat
1399 2969 1545 3020 Italia,
1582 2968 1664 3010 fuit
