<?xml version="1.0" encoding="UTF-8"?>
<!DOCTYPE html PUBLIC "-//W3C//DTD XHTML 1.0 Transitional//EN"
    "http://www.w3.org/TR/xhtml1/DTD/xhtml1-transitional.dtd">
<html xmlns="http://www.w3.org/1999/xhtml" xml:lang="en" lang="en">
 <head>
  <title>
</title>
<meta http-equiv="Content-Type" content="text/html;charset=utf-8" />
  <meta name='ocr-system' content='tesseract 3.04.00' />
  <meta name='ocr-capabilities' content='ocr_page ocr_carea ocr_par ocr_line ocrx_word'/>
</head>
<body>
  <div class='ocr_page' id='page_1' title='image "./deremetricapoeta00mluoft_0118.png"; bbox 0 0 1898 3292; ppageno 0'>
   <div class='ocr_carea' id='block_1_1' title="bbox 238 196 1134 234">
    <p class='ocr_par' dir='ltr' id='par_1_1' title="bbox 238 196 1134 234">
     <span class='ocr_line' id='line_1_1' title="bbox 238 196 1134 234; baseline -0.007 0"><span class='ocrx_word' id='word_1_1' title='bbox 238 196 290 234; x_wconf 81' lang='lat'>98</span> <span class='ocrx_word' id='word_1_2' title='bbox 843 202 961 227; x_wconf 79' lang='lat' dir='ltr'><strong>LIBER</strong></span> <span class='ocrx_word' id='word_1_3' title='bbox 980 202 1134 228; x_wconf 84' lang='lat' dir='ltr'>PRIMVS.</span> 
     </span>
    </p>
   </div>
   <div class='ocr_carea' id='block_1_2' title="bbox 237 303 1757 2959">
    <p class='ocr_par' dir='ltr' id='par_1_2' title="bbox 237 303 1743 428">
     <span class='ocr_line' id='line_1_2' title="bbox 238 303 1743 361; baseline -0.001 -13"><span class='ocrx_word' id='word_1_4' title='bbox 238 320 395 361; x_wconf 83' lang='lat' dir='ltr'>genera</span> <span class='ocrx_word' id='word_1_5' title='bbox 415 306 499 347; x_wconf 89' lang='lat' dir='ltr'>illis</span> <span class='ocrx_word' id='word_1_6' title='bbox 522 306 669 347; x_wconf 89' lang='lat' dir='ltr'>metris</span> <span class='ocrx_word' id='word_1_7' title='bbox 691 305 851 346; x_wconf 90' lang='lat' dir='ltr'>fuerint</span> <span class='ocrx_word' id='word_1_8' title='bbox 872 306 1128 345; x_wconf 86' lang='lat' dir='ltr'>instaurata.</span> <span class='ocrx_word' id='word_1_9' title='bbox 1179 307 1223 344; x_wconf 83' lang='lat' dir='ltr'>at</span> <span class='ocrx_word' id='word_1_10' title='bbox 1246 303 1508 344; x_wconf 86' lang='lat' dir='ltr'>Graecorum</span> <span class='ocrx_word' id='word_1_11' title='bbox 1532 319 1666 359; x_wconf 87' lang='lat' dir='ltr'>usque</span> <span class='ocrx_word' id='word_1_12' title='bbox 1690 307 1743 347; x_wconf 86' lang='lat' dir='ltr'>ad</span> 
     </span>
     <span class='ocr_line' id='line_1_3' title="bbox 237 373 1742 428; baseline -0.001 -12"><span class='ocrx_word' id='word_1_13' title='bbox 237 374 471 416; x_wconf 75' lang='lat' dir='ltr'><strong>Alexandri</strong></span> <span class='ocrx_word' id='word_1_14' title='bbox 504 374 648 427; x_wconf 86' lang='lat' dir='ltr'>Magni</span> <span class='ocrx_word' id='word_1_15' title='bbox 684 378 882 428; x_wconf 87' lang='lat' dir='ltr'>tempora</span> <span class='ocrx_word' id='word_1_16' title='bbox 913 374 1018 414; x_wconf 88' lang='lat' dir='ltr'>satis</span> <span class='ocrx_word' id='word_1_17' title='bbox 1047 377 1140 414; x_wconf 88' lang='lat' dir='ltr'>tuto</span> <span class='ocrx_word' id='word_1_18' title='bbox 1172 376 1315 426; x_wconf 89' lang='lat' dir='ltr'>potest</span> <span class='ocrx_word' id='word_1_19' title='bbox 1345 373 1460 413; x_wconf 85' lang='lat' dir='ltr'>credi</span> <span class='ocrx_word' id='word_1_20' title='bbox 1492 373 1742 427; x_wconf 75' lang='lat' dir='ltr'>elegantiae.</span> 
     </span>
    </p>

    <p class='ocr_par' dir='ltr' id='par_1_3' title="bbox 239 441 1750 1321">
     <span class='ocr_line' id='line_1_4' title="bbox 353 441 1745 494; baseline 0 -10"><span class='ocrx_word' id='word_1_21' title='bbox 353 443 435 484; x_wconf 75' lang='lat' dir='ltr'>Sed</span> <span class='ocrx_word' id='word_1_22' title='bbox 467 442 521 484; x_wconf 86' lang='lat' dir='ltr'>ad</span> <span class='ocrx_word' id='word_1_23' title='bbox 553 443 767 483; x_wconf 84' lang='lat' dir='ltr'>Romanos</span> <span class='ocrx_word' id='word_1_24' title='bbox 798 446 846 483; x_wconf 91' lang='lat' dir='ltr'>ut</span> <span class='ocrx_word' id='word_1_25' title='bbox 875 442 1066 490; x_wconf 88' lang='lat' dir='ltr'>redeam,</span> <span class='ocrx_word' id='word_1_26' title='bbox 1103 455 1186 482; x_wconf 89' lang='lat' dir='ltr'>non</span> <span class='ocrx_word' id='word_1_27' title='bbox 1221 441 1400 482; x_wconf 88' lang='lat' dir='ltr'>multum</span> <span class='ocrx_word' id='word_1_28' title='bbox 1432 442 1658 494; x_wconf 88' lang='lat' dir='ltr'>proficient</span> <span class='ocrx_word' id='word_1_29' title='bbox 1691 444 1745 484; x_wconf 87' lang='lat' dir='ltr'>ad</span> 
     </span>
     <span class='ocr_line' id='line_1_5' title="bbox 239 510 1744 564; baseline -0.001 -11"><span class='ocrx_word' id='word_1_30' title='bbox 239 511 564 558; x_wconf 87' lang='lat' dir='ltr'>aestimandum,</span> <span class='ocrx_word' id='word_1_31' title='bbox 598 525 783 564; x_wconf 87' lang='lat' dir='ltr'>quonam</span> <span class='ocrx_word' id='word_1_32' title='bbox 807 510 966 552; x_wconf 86' lang='lat' dir='ltr'>fuerint</span> <span class='ocrx_word' id='word_1_33' title='bbox 996 511 1153 551; x_wconf 89' lang='lat' dir='ltr'>iudicio</span> <span class='ocrx_word' id='word_1_34' title='bbox 1176 510 1218 550; x_wconf 89' lang='lat' dir='ltr'>in</span> <span class='ocrx_word' id='word_1_35' title='bbox 1243 511 1396 551; x_wconf 89' lang='lat' dir='ltr'>ceteris</span> <span class='ocrx_word' id='word_1_36' title='bbox 1418 512 1565 551; x_wconf 88' lang='lat' dir='ltr'>metris</span> <span class='ocrx_word' id='word_1_37' title='bbox 1588 511 1744 564; x_wconf 84' lang='lat' dir='ltr'>eligen-</span> 
     </span>
     <span class='ocr_line' id='line_1_6' title="bbox 239 579 1747 633; baseline -0.001 -12"><span class='ocrx_word' id='word_1_38' title='bbox 239 581 320 629; x_wconf 90' lang='lat' dir='ltr'>dis,</span> <span class='ocrx_word' id='word_1_39' title='bbox 364 580 436 633; x_wconf 91' lang='lat' dir='ltr'>qui</span> <span class='ocrx_word' id='word_1_40' title='bbox 465 579 572 620; x_wconf 90' lang='lat' dir='ltr'>illud</span> <span class='ocrx_word' id='word_1_41' title='bbox 600 580 861 631; x_wconf 86' lang='lat' dir='ltr'>monuerint,</span> <span class='ocrx_word' id='word_1_42' title='bbox 904 594 997 621; x_wconf 91' lang='lat' dir='ltr'>cum</span> <span class='ocrx_word' id='word_1_43' title='bbox 1032 579 1305 620; x_wconf 89' lang='lat' dir='ltr'>adstrictiore</span> <span class='ocrx_word' id='word_1_44' title='bbox 1338 579 1507 619; x_wconf 88' lang='lat' dir='ltr'>omnino</span> <span class='ocrx_word' id='word_1_45' title='bbox 1537 583 1630 620; x_wconf 85' lang='lat' dir='ltr'>arte</span> <span class='ocrx_word' id='word_1_46' title='bbox 1662 580 1747 620; x_wconf 90' lang='grc'>31111</span> 
     </span>
     <span class='ocr_line' id='line_1_7' title="bbox 239 646 1746 701; baseline -0.001 -11"><span class='ocrx_word' id='word_1_47' title='bbox 239 650 303 691; x_wconf 89' lang='grc'>1131</span> <span class='ocrx_word' id='word_1_48' title='bbox 335 648 476 690; x_wconf 89' lang='lat' dir='ltr'>Latini</span> <span class='ocrx_word' id='word_1_49' title='bbox 508 662 635 701; x_wconf 84' lang='lat' dir='ltr'>quam</span> <span class='ocrx_word' id='word_1_50' title='bbox 670 647 843 698; x_wconf 82' lang='lat' dir='ltr'>Graeci,</span> <span class='ocrx_word' id='word_1_51' title='bbox 885 648 1011 689; x_wconf 88' lang='lat' dir='ltr'>facile</span> <span class='ocrx_word' id='word_1_52' title='bbox 1042 648 1233 701; x_wconf 88' lang='lat' dir='ltr'>potuisse</span> <span class='ocrx_word' id='word_1_53' title='bbox 1267 646 1377 698; x_wconf 83' lang='lat' dir='ltr'>fieri,</span> <span class='ocrx_word' id='word_1_54' title='bbox 1418 660 1501 687; x_wconf 90' lang='lat' dir='ltr'>non</span> <span class='ocrx_word' id='word_1_55' title='bbox 1544 651 1591 688; x_wconf 90' lang='lat' dir='ltr'>ut</span> <span class='ocrx_word' id='word_1_56' title='bbox 1632 648 1746 701; x_wconf 84' lang='lat' dir='ltr'>apud</span> 
     </span>
     <span class='ocr_line' id='line_1_8' title="bbox 239 715 1747 771; baseline -0.001 -12"><span class='ocrx_word' id='word_1_57' title='bbox 239 719 335 768; x_wconf 86' lang='lat' dir='ltr'>hos,</span> <span class='ocrx_word' id='word_1_58' title='bbox 381 718 454 771; x_wconf 90' lang='lat' dir='ltr'>qui</span> <span class='ocrx_word' id='word_1_59' title='bbox 494 716 609 770; x_wconf 90' lang='lat' dir='ltr'>apud</span> <span class='ocrx_word' id='word_1_60' title='bbox 648 716 762 767; x_wconf 84' lang='lat' dir='ltr'>illos,</span> <span class='ocrx_word' id='word_1_61' title='bbox 808 716 921 758; x_wconf 91' lang='lat' dir='ltr'>idem</span> <span class='ocrx_word' id='word_1_62' title='bbox 962 716 1140 770; x_wconf 85' lang='lat' dir='ltr'>perinde</span> <span class='ocrx_word' id='word_1_63' title='bbox 1181 716 1345 756; x_wconf 87' lang='lat' dir='ltr'>numeri</span> <span class='ocrx_word' id='word_1_64' title='bbox 1394 715 1572 769; x_wconf 91' lang='lat' dir='ltr'>paribus</span> <span class='ocrx_word' id='word_1_65' title='bbox 1618 716 1747 757; x_wconf 88' lang='lat' dir='ltr'>rebus</span> 
     </span>
     <span class='ocr_line' id='line_1_9' title="bbox 240 785 1746 838; baseline -0.001 -11"><span class='ocrx_word' id='word_1_66' title='bbox 240 785 538 827; x_wconf 90' lang='lat' dir='ltr'>describendis</span> <span class='ocrx_word' id='word_1_67' title='bbox 588 789 764 838; x_wconf 89' lang='lat' dir='ltr'>possent</span> <span class='ocrx_word' id='word_1_68' title='bbox 808 785 1027 826; x_wconf 86' lang='lat' dir='ltr'>inservire.</span> <span class='ocrx_word' id='word_1_69' title='bbox 1098 798 1195 825; x_wconf 87' lang='lat' dir='ltr'>nam</span> <span class='ocrx_word' id='word_1_70' title='bbox 1246 798 1340 825; x_wconf 89' lang='lat' dir='ltr'>cum</span> <span class='ocrx_word' id='word_1_71' title='bbox 1392 788 1521 825; x_wconf 84' lang='lat' dir='ltr'>aucta</span> <span class='ocrx_word' id='word_1_72' title='bbox 1571 798 1746 825; x_wconf 87' lang='lat' dir='ltr'>normae</span> 
     </span>
     <span class='ocr_line' id='line_1_10' title="bbox 239 853 1746 907; baseline -0.002 -11"><span class='ocrx_word' id='word_1_73' title='bbox 239 855 446 896; x_wconf 88' lang='lat' dir='ltr'>severitas</span> <span class='ocrx_word' id='word_1_74' title='bbox 477 854 641 907; x_wconf 86' lang='lat' dir='ltr'>pariter</span> <span class='ocrx_word' id='word_1_75' title='bbox 670 853 723 893; x_wconf 90' lang='lat' dir='ltr'>ad</span> <span class='ocrx_word' id='word_1_76' title='bbox 758 854 898 894; x_wconf 89' lang='lat' dir='ltr'>omnia</span> <span class='ocrx_word' id='word_1_77' title='bbox 927 853 1165 907; x_wconf 73' lang='lat' dir='ltr'>pertineret</span> <span class='ocrx_word' id='word_1_78' title='bbox 1196 856 1343 903; x_wconf 84' lang='lat' dir='ltr'>metra,</span> <span class='ocrx_word' id='word_1_79' title='bbox 1375 854 1518 906; x_wconf 86' lang='lat' dir='ltr'>potuit</span> <span class='ocrx_word' id='word_1_80' title='bbox 1549 853 1746 906; x_wconf 81' lang='lat' dir='ltr'>equidem</span> 
     </span>
     <span class='ocr_line' id='line_1_11' title="bbox 241 921 1747 976; baseline -0.001 -12"><span class='ocrx_word' id='word_1_81' title='bbox 241 924 427 973; x_wconf 87' lang='lat' dir='ltr'>evenire,</span> <span class='ocrx_word' id='word_1_82' title='bbox 467 926 515 963; x_wconf 90' lang='lat' dir='ltr'>ut</span> <span class='ocrx_word' id='word_1_83' title='bbox 556 922 826 975; x_wconf 82' lang='lat' dir='ltr'>quorundam</span> <span class='ocrx_word' id='word_1_84' title='bbox 864 922 1130 976; x_wconf 77' lang='lat' dir='ltr'>rythmorum</span> <span class='ocrx_word' id='word_1_85' title='bbox 1169 921 1465 962; x_wconf 82' lang='lat' dir='ltr'>intenderetur</span> <span class='ocrx_word' id='word_1_86' title='bbox 1505 922 1747 972; x_wconf 87' lang='lat' dir='ltr'>austeritas,</span> 
     </span>
     <span class='ocr_line' id='line_1_12' title="bbox 239 990 1748 1046; baseline -0.001 -14"><span class='ocrx_word' id='word_1_87' title='bbox 239 993 358 1046; x_wconf 88' lang='lat' dir='ltr'>lepos</span> <span class='ocrx_word' id='word_1_88' title='bbox 398 991 734 1031; x_wconf 88' lang='lat' dir='ltr'>imminueretur.</span> <span class='ocrx_word' id='word_1_89' title='bbox 798 990 872 1031; x_wconf 88' lang='lat' dir='ltr'>sed</span> <span class='ocrx_word' id='word_1_90' title='bbox 915 1004 1007 1031; x_wconf 88' lang='grc'>011111</span> <span class='ocrx_word' id='word_1_91' title='bbox 1051 991 1221 1031; x_wconf 86' lang='lat' dir='ltr'>minime</span> <span class='ocrx_word' id='word_1_92' title='bbox 1264 993 1407 1031; x_wconf 88' lang='lat' dir='ltr'>essent</span> <span class='ocrx_word' id='word_1_93' title='bbox 1444 991 1634 1044; x_wconf 85' lang='lat' dir='ltr'>prompti</span> <span class='ocrx_word' id='word_1_94' title='bbox 1668 991 1748 1031; x_wconf 83' lang='lat' dir='ltr'>Ro-</span> 
     </span>
     <span class='ocr_line' id='line_1_13' title="bbox 240 1058 1749 1113; baseline -0.001 -12"><span class='ocrx_word' id='word_1_95' title='bbox 240 1061 355 1101; x_wconf 83' lang='lat' dir='ltr'>mani</span> <span class='ocrx_word' id='word_1_96' title='bbox 386 1059 441 1100; x_wconf 89' lang='lat' dir='ltr'>ad</span> <span class='ocrx_word' id='word_1_97' title='bbox 472 1073 582 1100; x_wconf 86' lang='lat' dir='ltr'>nova</span> <span class='ocrx_word' id='word_1_98' title='bbox 613 1059 868 1113; x_wconf 90' lang='lat' dir='ltr'>reperienda</span> <span class='ocrx_word' id='word_1_99' title='bbox 899 1063 1049 1103; x_wconf 80' lang='lat' dir='ltr'>metra,</span> <span class='ocrx_word' id='word_1_100' title='bbox 1081 1059 1209 1099; x_wconf 88' lang='lat' dir='ltr'>etiam</span> <span class='ocrx_word' id='word_1_101' title='bbox 1233 1059 1275 1099; x_wconf 90' lang='lat' dir='ltr'>in</span> <span class='ocrx_word' id='word_1_102' title='bbox 1298 1058 1461 1100; x_wconf 88' lang='lat' dir='ltr'>levibus</span> <span class='ocrx_word' id='word_1_103' title='bbox 1485 1059 1749 1112; x_wconf 79' lang='lat' dir='ltr'>argumentis</span> 
     </span>
     <span class='ocr_line' id='line_1_14' title="bbox 242 1127 1749 1181; baseline -0.001 -12"><span class='ocrx_word' id='word_1_104' title='bbox 242 1143 314 1170; x_wconf 93' lang='lat' dir='ltr'>eos</span> <span class='ocrx_word' id='word_1_105' title='bbox 355 1127 565 1169; x_wconf 85' lang='lat' dir='ltr'>similibus</span> <span class='ocrx_word' id='word_1_106' title='bbox 604 1127 857 1181; x_wconf 88' lang='lat' dir='ltr'>plerumque</span> <span class='ocrx_word' id='word_1_107' title='bbox 903 1128 1167 1169; x_wconf 87' lang='lat' dir='ltr'>Graecorum</span> <span class='ocrx_word' id='word_1_108' title='bbox 1213 1128 1274 1168; x_wconf 90' lang='lat' dir='ltr'>nti</span> <span class='ocrx_word' id='word_1_109' title='bbox 1317 1128 1510 1181; x_wconf 86' lang='lat' dir='ltr'>oportuit</span> <span class='ocrx_word' id='word_1_110' title='bbox 1548 1128 1749 1174; x_wconf 88' lang='lat' dir='ltr'>numeris,</span> 
     </span>
     <span class='ocr_line' id='line_1_15' title="bbox 240 1195 1750 1250; baseline -0.001 -12"><span class='ocrx_word' id='word_1_111' title='bbox 240 1198 449 1238; x_wconf 87' lang='lat' dir='ltr'>hactenus</span> <span class='ocrx_word' id='word_1_112' title='bbox 490 1210 592 1237; x_wconf 89' lang='lat' dir='ltr'>sane</span> <span class='ocrx_word' id='word_1_113' title='bbox 629 1197 768 1237; x_wconf 88' lang='lat' dir='ltr'>minus</span> <span class='ocrx_word' id='word_1_114' title='bbox 800 1196 912 1250; x_wconf 87' lang='lat' dir='ltr'>aptis</span> <span class='ocrx_word' id='word_1_115' title='bbox 941 1195 1175 1245; x_wconf 87' lang='lat' dir='ltr'>interdum,</span> <span class='ocrx_word' id='word_1_116' title='bbox 1217 1196 1331 1249; x_wconf 90' lang='lat' dir='ltr'>quod</span> <span class='ocrx_word' id='word_1_117' title='bbox 1373 1196 1585 1249; x_wconf 83' lang='lat' dir='ltr'>gravitate</span> <span class='ocrx_word' id='word_1_118' title='bbox 1624 1196 1750 1237; x_wconf 88' lang='lat' dir='ltr'>nimis</span> 
     </span>
     <span class='ocr_line' id='line_1_16' title="bbox 240 1265 776 1321; baseline -0.006 -13"><span class='ocrx_word' id='word_1_119' title='bbox 240 1269 540 1321; x_wconf 83' lang='lat' dir='ltr'>premerentur</span> <span class='ocrx_word' id='word_1_120' title='bbox 571 1265 776 1306; x_wconf 87' lang='lat' dir='ltr'>Romana.</span> 
     </span>
    </p>

    <p class='ocr_par' dir='ltr' id='par_1_4' title="bbox 242 1333 1752 1732">
     <span class='ocr_line' id='line_1_17' title="bbox 357 1333 1750 1387; baseline -0.001 -12"><span class='ocrx_word' id='word_1_121' title='bbox 357 1335 590 1375; x_wconf 87' lang='lat' dir='ltr'>Praeterea</span> <span class='ocrx_word' id='word_1_122' title='bbox 631 1337 680 1374; x_wconf 86' lang='lat' dir='ltr'>ut</span> <span class='ocrx_word' id='word_1_123' title='bbox 720 1333 914 1374; x_wconf 90' lang='lat' dir='ltr'>omittam</span> <span class='ocrx_word' id='word_1_124' title='bbox 956 1333 1168 1386; x_wconf 84' lang='lat' dir='ltr'>quaedam</span> <span class='ocrx_word' id='word_1_125' title='bbox 1211 1347 1321 1386; x_wconf 87' lang='lat' dir='ltr'>quae</span> <span class='ocrx_word' id='word_1_126' title='bbox 1366 1333 1614 1387; x_wconf 79' lang='lat' dir='ltr'>praeierant</span> <span class='ocrx_word' id='word_1_127' title='bbox 1655 1347 1750 1387; x_wconf 90' lang='lat' dir='ltr'>per-</span> 
     </span>
     <span class='ocr_line' id='line_1_18' title="bbox 243 1401 1752 1457; baseline -0.001 -13"><span class='ocrx_word' id='word_1_128' title='bbox 243 1403 379 1457; x_wconf 85' lang='lat' dir='ltr'>egrini</span> <span class='ocrx_word' id='word_1_129' title='bbox 414 1403 544 1444; x_wconf 93' lang='lat' dir='ltr'>duces</span> <span class='ocrx_word' id='word_1_130' title='bbox 576 1401 866 1452; x_wconf 80' lang='lat' dir='ltr'>subabsurda,</span> <span class='ocrx_word' id='word_1_131' title='bbox 912 1402 1057 1455; x_wconf 86' lang='lat' dir='ltr'>qualia</span> <span class='ocrx_word' id='word_1_132' title='bbox 1094 1405 1193 1443; x_wconf 88' lang='lat' dir='ltr'>sunt</span> <span class='ocrx_word' id='word_1_133' title='bbox 1224 1401 1463 1442; x_wconf 89' lang='lat' dir='ltr'>sotadicum</span> <span class='ocrx_word' id='word_1_134' title='bbox 1495 1405 1678 1442; x_wconf 90' lang='lat' dir='ltr'>metrum</span> <span class='ocrx_word' id='word_1_135' title='bbox 1710 1405 1752 1442; x_wconf 90' lang='lat' dir='ltr'>et</span> 
     </span>
     <span class='ocr_line' id='line_1_19' title="bbox 243 1470 1749 1527; baseline -0.003 -13"><span class='ocrx_word' id='word_1_136' title='bbox 243 1486 457 1527; x_wconf 87' lang='lat' dir='ltr'>myurum,</span> <span class='ocrx_word' id='word_1_137' title='bbox 499 1471 603 1512; x_wconf 86' lang='lat' dir='ltr'>vitia</span> <span class='ocrx_word' id='word_1_138' title='bbox 642 1470 757 1512; x_wconf 88' lang='lat' dir='ltr'>haud</span> <span class='ocrx_word' id='word_1_139' title='bbox 802 1484 943 1524; x_wconf 85' lang='lat' dir='ltr'>pauca</span> <span class='ocrx_word' id='word_1_140' title='bbox 976 1470 1227 1511; x_wconf 89' lang='lat' dir='ltr'>Latinorum</span> <span class='ocrx_word' id='word_1_141' title='bbox 1258 1470 1532 1511; x_wconf 83' lang='lat' dir='ltr'>inveniuntur</span> <span class='ocrx_word' id='word_1_142' title='bbox 1562 1471 1749 1524; x_wconf 81' lang='lat' dir='ltr'>propria.</span> 
     </span>
     <span class='ocr_line' id='line_1_20' title="bbox 244 1538 1750 1595; baseline -0.002 -13"><span class='ocrx_word' id='word_1_143' title='bbox 244 1555 354 1595; x_wconf 87' lang='lat' dir='ltr'>quae</span> <span class='ocrx_word' id='word_1_144' title='bbox 378 1544 521 1581; x_wconf 85' lang='lat' dir='ltr'>tamen</span> <span class='ocrx_word' id='word_1_145' title='bbox 544 1553 596 1580; x_wconf 93' lang='lat' dir='ltr'>ne</span> <span class='ocrx_word' id='word_1_146' title='bbox 618 1539 743 1580; x_wconf 90' lang='lat' dir='ltr'>nimis</span> <span class='ocrx_word' id='word_1_147' title='bbox 765 1539 955 1580; x_wconf 85' lang='lat' dir='ltr'>studiose</span> <span class='ocrx_word' id='word_1_148' title='bbox 977 1552 1227 1592; x_wconf 86' lang='lat' dir='ltr'>persequar,</span> <span class='ocrx_word' id='word_1_149' title='bbox 1254 1539 1513 1580; x_wconf 84' lang='lat' dir='ltr'>verecundia</span> <span class='ocrx_word' id='word_1_150' title='bbox 1536 1538 1750 1589; x_wconf 90' lang='lat' dir='ltr'>cohibeor,</span> 
     </span>
     <span class='ocr_line' id='line_1_21' title="bbox 245 1607 1751 1662; baseline -0.003 -11"><span class='ocrx_word' id='word_1_151' title='bbox 245 1624 338 1651; x_wconf 87' lang='lat' dir='ltr'>cum</span> <span class='ocrx_word' id='word_1_152' title='bbox 370 1608 626 1662; x_wconf 88' lang='lat' dir='ltr'>praesertim</span> <span class='ocrx_word' id='word_1_153' title='bbox 654 1607 870 1649; x_wconf 88' lang='lat' dir='ltr'>interdum</span> <span class='ocrx_word' id='word_1_154' title='bbox 901 1607 955 1648; x_wconf 91' lang='lat' dir='ltr'>ad</span> <span class='ocrx_word' id='word_1_155' title='bbox 997 1607 1189 1660; x_wconf 82' lang='lat' dir='ltr'>argutias</span> <span class='ocrx_word' id='word_1_156' title='bbox 1233 1612 1308 1649; x_wconf 85' lang='lat' dir='ltr'>aut</span> <span class='ocrx_word' id='word_1_157' title='bbox 1351 1607 1534 1648; x_wconf 90' lang='lat' dir='ltr'>arbitria</span> <span class='ocrx_word' id='word_1_158' title='bbox 1578 1621 1646 1648; x_wconf 91' lang='lat' dir='ltr'>res</span> <span class='ocrx_word' id='word_1_159' title='bbox 1686 1621 1751 1648; x_wconf 89' lang='lat' dir='ltr'>re-</span> 
     </span>
     <span class='ocr_line' id='line_1_22' title="bbox 242 1676 786 1732; baseline -0.006 -13"><span class='ocrx_word' id='word_1_160' title='bbox 242 1679 420 1732; x_wconf 86' lang='lat' dir='ltr'>lapsura</span> <span class='ocrx_word' id='word_1_161' title='bbox 454 1690 546 1718; x_wconf 90' lang='lat' dir='ltr'>esse</span> <span class='ocrx_word' id='word_1_162' title='bbox 578 1676 786 1717; x_wconf 88' lang='lat' dir='ltr'>videatur.</span> 
     </span>
    </p>

    <p class='ocr_par' dir='ltr' id='par_1_5' title="bbox 244 1744 1755 2266">
     <span class='ocr_line' id='line_1_23' title="bbox 358 1744 1752 1799; baseline -0.001 -12"><span class='ocrx_word' id='word_1_163' title='bbox 358 1746 509 1799; x_wconf 89' lang='lat' dir='ltr'>Itaque</span> <span class='ocrx_word' id='word_1_164' title='bbox 553 1748 595 1785; x_wconf 90' lang='lat' dir='ltr'>et</span> <span class='ocrx_word' id='word_1_165' title='bbox 635 1745 922 1798; x_wconf 87' lang='lat' dir='ltr'>Euphorionis</span> <span class='ocrx_word' id='word_1_166' title='bbox 964 1748 1161 1786; x_wconf 90' lang='lat' dir='ltr'>cantores</span> <span class='ocrx_word' id='word_1_167' title='bbox 1204 1744 1471 1798; x_wconf 84' lang='lat' dir='ltr'>praeteribo,</span> <span class='ocrx_word' id='word_1_168' title='bbox 1518 1758 1595 1786; x_wconf 89' lang='grc'>1100</span> <span class='ocrx_word' id='word_1_169' title='bbox 1636 1745 1752 1786; x_wconf 87' lang='grc'>13111(1</span> 
     </span>
     <span class='ocr_line' id='line_1_24' title="bbox 245 1812 1752 1868; baseline -0.002 -12"><span class='ocrx_word' id='word_1_170' title='bbox 245 1828 468 1868; x_wconf 81' lang='lat' dir='ltr'>quaeram,</span> <span class='ocrx_word' id='word_1_171' title='bbox 511 1827 639 1866; x_wconf 86' lang='lat' dir='ltr'>quam</span> <span class='ocrx_word' id='word_1_172' title='bbox 684 1813 909 1854; x_wconf 88' lang='lat' dir='ltr'>conveniat</span> <span class='ocrx_word' id='word_1_173' title='bbox 939 1812 1144 1854; x_wconf 89' lang='lat' dir='ltr'>mollitiae</span> <span class='ocrx_word' id='word_1_174' title='bbox 1177 1814 1417 1854; x_wconf 84' lang='lat' dir='ltr'>lonicorum</span> <span class='ocrx_word' id='word_1_175' title='bbox 1450 1826 1647 1854; x_wconf 84' lang='lat' dir='ltr'>versuum</span> <span class='ocrx_word' id='word_1_176' title='bbox 1681 1813 1752 1868; x_wconf 85' lang='lat' dir='ltr'>[cf.</span> 
     </span>
     <span class='ocr_line' id='line_1_25' title="bbox 245 1881 1752 1935; baseline -0.002 -11"><span class='ocrx_word' id='word_1_177' title='bbox 245 1883 391 1925; x_wconf 86' lang='lat' dir='ltr'>Odofr.</span> <span class='ocrx_word' id='word_1_178' title='bbox 416 1881 605 1923; x_wconf 84' lang='lat' dir='ltr'>Mueller.</span> <span class='ocrx_word' id='word_1_179' title='bbox 627 1881 726 1922; x_wconf 89' lang='lat' dir='ltr'>hist.</span> <span class='ocrx_word' id='word_1_180' title='bbox 749 1882 828 1922; x_wconf 87' lang='lat' dir='ltr'>litt.</span> <span class='ocrx_word' id='word_1_181' title='bbox 854 1881 1006 1923; x_wconf 86' lang='lat' dir='ltr'>Graec.</span> <span class='ocrx_word' id='word_1_182' title='bbox 1028 1882 1058 1932; x_wconf 90' lang='lat' dir='ltr'>I,</span> <span class='ocrx_word' id='word_1_183' title='bbox 1084 1885 1166 1923; x_wconf 84' lang='lat'>310</span> <span class='ocrx_word' id='word_1_184' title='bbox 1189 1881 1252 1922; x_wconf 90' lang='lat' dir='ltr'>ed.</span> <span class='ocrx_word' id='word_1_185' title='bbox 1274 1881 1375 1935; x_wconf 88' lang='lat' dir='ltr'>pr.],</span> <span class='ocrx_word' id='word_1_186' title='bbox 1410 1881 1523 1934; x_wconf 87' lang='lat' dir='ltr'>quod</span> <span class='ocrx_word' id='word_1_187' title='bbox 1547 1881 1752 1922; x_wconf 86' lang='lat' dir='ltr'>Horatius</span> 
     </span>
     <span class='ocr_line' id='line_1_26' title="bbox 244 1948 1752 2003; baseline -0.002 -11"><span class='ocrx_word' id='word_1_188' title='bbox 244 1953 286 1992; x_wconf 87' lang='lat' dir='ltr'>in</span> <span class='ocrx_word' id='word_1_189' title='bbox 334 1950 555 1992; x_wconf 88' lang='lat' dir='ltr'>Neobulae</span> <span class='ocrx_word' id='word_1_190' title='bbox 608 1950 796 1991; x_wconf 82' lang='lat' dir='ltr'>carmine</span> <span class='ocrx_word' id='word_1_191' title='bbox 848 1950 1018 2003; x_wconf 88' lang='lat' dir='ltr'>longam</span> <span class='ocrx_word' id='word_1_192' title='bbox 1073 1949 1432 2003; x_wconf 84' lang='lat' dir='ltr'>Bellerophontae</span> <span class='ocrx_word' id='word_1_193' title='bbox 1488 1948 1752 1990; x_wconf 87' lang='lat' dir='ltr'>fortitudinis</span> 
     </span>
     <span class='ocr_line' id='line_1_27' title="bbox 246 2017 1753 2072; baseline -0.003 -11"><span class='ocrx_word' id='word_1_194' title='bbox 246 2019 581 2072; x_wconf 85' lang='lat' dir='ltr'>descriptionem</span> <span class='ocrx_word' id='word_1_195' title='bbox 628 2018 815 2069; x_wconf 86' lang='lat' dir='ltr'>addidit,</span> <span class='ocrx_word' id='word_1_196' title='bbox 863 2022 939 2059; x_wconf 91' lang='lat' dir='ltr'>aut</span> <span class='ocrx_word' id='word_1_197' title='bbox 989 2018 1031 2058; x_wconf 91' lang='lat' dir='ltr'>in</span> <span class='ocrx_word' id='word_1_198' title='bbox 1079 2018 1256 2071; x_wconf 79' lang='lat' dir='ltr'>singulis</span> <span class='ocrx_word' id='word_1_199' title='bbox 1302 2018 1451 2058; x_wconf 90' lang='lat' dir='ltr'>metris</span> <span class='ocrx_word' id='word_1_200' title='bbox 1497 2017 1753 2058; x_wconf 89' lang='lat' dir='ltr'>adhibendis</span> 
     </span>
     <span class='ocr_line' id='line_1_28' title="bbox 247 2086 1754 2143; baseline -0.002 -14"><span class='ocrx_word' id='word_1_201' title='bbox 247 2091 454 2143; x_wconf 85' lang='lat' dir='ltr'>quantum</span> <span class='ocrx_word' id='word_1_202' title='bbox 476 2087 588 2128; x_wconf 89' lang='lat' dir='ltr'>idem</span> <span class='ocrx_word' id='word_1_203' title='bbox 611 2087 665 2128; x_wconf 88' lang='lat' dir='ltr'>ab</span> <span class='ocrx_word' id='word_1_204' title='bbox 691 2087 961 2128; x_wconf 90' lang='lat' dir='ltr'>Aeolensium</span> <span class='ocrx_word' id='word_1_205' title='bbox 993 2087 1221 2128; x_wconf 81' lang='lat' dir='ltr'>recesserit</span> <span class='ocrx_word' id='word_1_206' title='bbox 1247 2100 1409 2137; x_wconf 86' lang='lat' dir='ltr'>norma,</span> <span class='ocrx_word' id='word_1_207' title='bbox 1443 2099 1553 2139; x_wconf 86' lang='lat' dir='ltr'>quae</span> <span class='ocrx_word' id='word_1_208' title='bbox 1583 2086 1754 2139; x_wconf 89' lang='lat' dir='ltr'>quidem</span> 
     </span>
     <span class='ocr_line' id='line_1_29' title="bbox 246 2154 1755 2207; baseline -0.002 -9"><span class='ocrx_word' id='word_1_209' title='bbox 246 2157 462 2204; x_wconf 81' lang='lat' dir='ltr'>interdum</span> <span class='ocrx_word' id='word_1_210' title='bbox 510 2169 611 2196; x_wconf 90' lang='lat' dir='ltr'>casu</span> <span class='ocrx_word' id='word_1_211' title='bbox 658 2169 709 2196; x_wconf 89' lang='lat' dir='ltr'>ac</span> <span class='ocrx_word' id='word_1_212' title='bbox 756 2155 951 2196; x_wconf 86' lang='lat' dir='ltr'>variandi</span> <span class='ocrx_word' id='word_1_213' title='bbox 995 2155 1173 2196; x_wconf 87' lang='lat' dir='ltr'>libidine</span> <span class='ocrx_word' id='word_1_214' title='bbox 1223 2155 1450 2207; x_wconf 84' lang='lat' dir='ltr'>digessisse</span> <span class='ocrx_word' id='word_1_215' title='bbox 1498 2168 1593 2195; x_wconf 91' lang='lat' dir='ltr'>eum</span> <span class='ocrx_word' id='word_1_216' title='bbox 1650 2154 1755 2195; x_wconf 86' lang='lat' dir='ltr'>satis</span> 
     </span>
     <span class='ocr_line' id='line_1_30' title="bbox 248 2228 429 2266; baseline 0 0"><span class='ocrx_word' id='word_1_217' title='bbox 248 2228 429 2266; x_wconf 87' lang='lat' dir='ltr'>constat.</span> 
     </span>
    </p>

    <p class='ocr_par' dir='ltr' id='par_1_6' title="bbox 246 2291 1757 2823">
     <span class='ocr_line' id='line_1_31' title="bbox 362 2291 1755 2344; baseline -0.002 -10"><span class='ocrx_word' id='word_1_218' title='bbox 362 2292 446 2334; x_wconf 81' lang='lat' dir='ltr'>Sed</span> <span class='ocrx_word' id='word_1_219' title='bbox 497 2292 638 2333; x_wconf 92' lang='lat' dir='ltr'>missis</span> <span class='ocrx_word' id='word_1_220' title='bbox 689 2291 754 2333; x_wconf 89' lang='lat' dir='ltr'>his</span> <span class='ocrx_word' id='word_1_221' title='bbox 806 2291 860 2332; x_wconf 87' lang='lat' dir='ltr'>ad</span> <span class='ocrx_word' id='word_1_222' title='bbox 912 2291 1071 2333; x_wconf 87' lang='lat' dir='ltr'>saeculi</span> <span class='ocrx_word' id='word_1_223' title='bbox 1115 2291 1232 2332; x_wconf 88' lang='lat' dir='ltr'>tertii</span> <span class='ocrx_word' id='word_1_224' title='bbox 1280 2291 1509 2344; x_wconf 84' lang='lat' dir='ltr'>quartique</span> <span class='ocrx_word' id='word_1_225' title='bbox 1557 2294 1755 2331; x_wconf 89' lang='lat' dir='ltr'>auctores</span> 
     </span>
     <span class='ocr_line' id='line_1_32' title="bbox 246 2359 1755 2413; baseline -0.003 -10"><span class='ocrx_word' id='word_1_226' title='bbox 246 2367 439 2411; x_wconf 81' lang='lat' dir='ltr'>transeo,</span> <span class='ocrx_word' id='word_1_227' title='bbox 483 2360 638 2413; x_wconf 90' lang='lat' dir='ltr'>quibus</span> <span class='ocrx_word' id='word_1_228' title='bbox 685 2360 796 2401; x_wconf 88' lang='lat' dir='ltr'>viam</span> <span class='ocrx_word' id='word_1_229' title='bbox 840 2360 1010 2401; x_wconf 89' lang='lat' dir='ltr'>videtur</span> <span class='ocrx_word' id='word_1_230' title='bbox 1055 2360 1242 2400; x_wconf 85' lang='lat' dir='ltr'>munisse</span> <span class='ocrx_word' id='word_1_231' title='bbox 1285 2359 1504 2400; x_wconf 86' lang='lat' dir='ltr'>Annianus</span> <span class='ocrx_word' id='word_1_232' title='bbox 1551 2359 1755 2400; x_wconf 85' lang='lat' dir='ltr'>Faliscus.</span> 
     </span>
     <span class='ocr_line' id='line_1_33' title="bbox 248 2427 1755 2482; baseline -0.002 -12"><span class='ocrx_word' id='word_1_233' title='bbox 248 2429 314 2470; x_wconf 90' lang='lat' dir='ltr'>his</span> <span class='ocrx_word' id='word_1_234' title='bbox 347 2429 479 2482; x_wconf 90' lang='lat' dir='ltr'>igitur</span> <span class='ocrx_word' id='word_1_235' title='bbox 510 2429 620 2469; x_wconf 90' lang='lat' dir='ltr'>sicut</span> <span class='ocrx_word' id='word_1_236' title='bbox 640 2428 871 2481; x_wconf 89' lang='lat' dir='ltr'>plurimum</span> <span class='ocrx_word' id='word_1_237' title='bbox 895 2427 1038 2469; x_wconf 86' lang='lat' dir='ltr'>offecit</span> <span class='ocrx_word' id='word_1_238' title='bbox 1059 2430 1102 2468; x_wconf 91' lang='lat' dir='ltr'>in</span> <span class='ocrx_word' id='word_1_239' title='bbox 1124 2428 1268 2482; x_wconf 81' lang='lat' dir='ltr'>lyricis</span> <span class='ocrx_word' id='word_1_240' title='bbox 1292 2427 1480 2468; x_wconf 87' lang='lat' dir='ltr'>studium</span> <span class='ocrx_word' id='word_1_241' title='bbox 1504 2430 1546 2468; x_wconf 92' lang='lat' dir='ltr'>et</span> <span class='ocrx_word' id='word_1_242' title='bbox 1568 2427 1755 2468; x_wconf 85' lang='lat' dir='ltr'>maxima</span> 
     </span>
     <span class='ocr_line' id='line_1_34' title="bbox 248 2495 1757 2551; baseline -0.002 -13"><span class='ocrx_word' id='word_1_243' title='bbox 248 2510 444 2551; x_wconf 87' lang='lat' dir='ltr'>quaeque</span> <span class='ocrx_word' id='word_1_244' title='bbox 477 2500 519 2537; x_wconf 88' lang='grc'>01</span> <span class='ocrx_word' id='word_1_245' title='bbox 550 2496 835 2537; x_wconf 88' lang='lat' dir='ltr'>minutissima</span> <span class='ocrx_word' id='word_1_246' title='bbox 867 2496 1070 2550; x_wconf 88' lang='lat' dir='ltr'>captandi</span> <span class='ocrx_word' id='word_1_247' title='bbox 1102 2500 1252 2546; x_wconf 70' lang='lat' dir='ltr'>metra,</span> <span class='ocrx_word' id='word_1_248' title='bbox 1283 2496 1345 2536; x_wconf 86' lang='lat' dir='ltr'>ita</span> <span class='ocrx_word' id='word_1_249' title='bbox 1376 2509 1459 2536; x_wconf 90' lang='grc'>11011</span> <span class='ocrx_word' id='word_1_250' title='bbox 1487 2495 1757 2536; x_wconf 84' lang='lat' dir='ltr'>mirificumst</span> 
     </span>
     <span class='ocr_line' id='line_1_35' title="bbox 249 2563 1754 2619; baseline -0.002 -13"><span class='ocrx_word' id='word_1_251' title='bbox 249 2565 372 2619; x_wconf 87' lang='lat' dir='ltr'>quasi</span> <span class='ocrx_word' id='word_1_252' title='bbox 405 2578 582 2618; x_wconf 88' lang='lat' dir='ltr'>prorsus</span> <span class='ocrx_word' id='word_1_253' title='bbox 604 2564 688 2604; x_wconf 87' lang='lat' dir='ltr'>iam</span> <span class='ocrx_word' id='word_1_254' title='bbox 713 2564 894 2605; x_wconf 90' lang='lat' dir='ltr'>evanida</span> <span class='ocrx_word' id='word_1_255' title='bbox 916 2564 1173 2617; x_wconf 88' lang='lat' dir='ltr'>antiquitate</span> <span class='ocrx_word' id='word_1_256' title='bbox 1196 2577 1280 2604; x_wconf 89' lang='grc'>11011</span> <span class='ocrx_word' id='word_1_257' title='bbox 1303 2563 1563 2605; x_wconf 84' lang='lat' dir='ltr'>satisfecisse</span> <span class='ocrx_word' id='word_1_258' title='bbox 1586 2577 1754 2604; x_wconf 87' lang='lat' dir='ltr'>versum</span> 
     </span>
     <span class='ocr_line' id='line_1_36' title="bbox 248 2631 1755 2685; baseline -0.002 -11"><span class='ocrx_word' id='word_1_259' title='bbox 248 2633 468 2674; x_wconf 89' lang='lat' dir='ltr'>heroicum</span> <span class='ocrx_word' id='word_1_260' title='bbox 502 2632 557 2673; x_wconf 91' lang='lat' dir='ltr'>ad</span> <span class='ocrx_word' id='word_1_261' title='bbox 596 2646 664 2673; x_wconf 88' lang='lat' dir='ltr'>res</span> <span class='ocrx_word' id='word_1_262' title='bbox 706 2636 848 2685; x_wconf 81' lang='lat' dir='ltr'>gestas</span> <span class='ocrx_word' id='word_1_263' title='bbox 892 2632 1160 2682; x_wconf 88' lang='lat' dir='ltr'>scribendas,</span> <span class='ocrx_word' id='word_1_264' title='bbox 1204 2645 1298 2673; x_wconf 89' lang='grc'>011111</span> <span class='ocrx_word' id='word_1_265' title='bbox 1339 2632 1594 2685; x_wconf 87' lang='lat' dir='ltr'>praesertim</span> <span class='ocrx_word' id='word_1_266' title='bbox 1638 2631 1755 2684; x_wconf 88' lang='lat' dir='ltr'>paris</span> 
     </span>
     <span class='ocr_line' id='line_1_37' title="bbox 248 2699 1754 2755; baseline -0.001 -13"><span class='ocrx_word' id='word_1_267' title='bbox 248 2701 476 2755; x_wconf 83' lang='lat' dir='ltr'>pravitatis</span> <span class='ocrx_word' id='word_1_268' title='bbox 499 2700 694 2753; x_wconf 82' lang='lat' dir='ltr'>exempla</span> <span class='ocrx_word' id='word_1_269' title='bbox 716 2700 830 2754; x_wconf 88' lang='lat' dir='ltr'>apud</span> <span class='ocrx_word' id='word_1_270' title='bbox 853 2700 1085 2741; x_wconf 88' lang='lat' dir='ltr'>eorundem</span> <span class='ocrx_word' id='word_1_271' title='bbox 1107 2704 1348 2753; x_wconf 89' lang='lat' dir='ltr'>temporum</span> <span class='ocrx_word' id='word_1_272' title='bbox 1372 2699 1607 2741; x_wconf 87' lang='lat' dir='ltr'>Graeculos</span> <span class='ocrx_word' id='word_1_273' title='bbox 1640 2702 1754 2752; x_wconf 87' lang='lat' dir='ltr'>(nam</span> 
     </span>
     <span class='ocr_line' id='line_1_38' title="bbox 249 2769 1354 2823; baseline -0.001 -14"><span class='ocrx_word' id='word_1_274' title='bbox 249 2769 525 2823; x_wconf 84' lang='lat' dir='ltr'>Byzantinos,</span> <span class='ocrx_word' id='word_1_275' title='bbox 557 2769 629 2821; x_wconf 88' lang='grc'>(1111</span> <span class='ocrx_word' id='word_1_276' title='bbox 661 2772 880 2819; x_wconf 82' lang='lat' dir='ltr'>vocantur,</span> <span class='ocrx_word' id='word_1_277' title='bbox 914 2769 1081 2822; x_wconf 87' lang='lat' dir='ltr'>omitto)</span> <span class='ocrx_word' id='word_1_278' title='bbox 1115 2772 1354 2809; x_wconf 84' lang='lat' dir='ltr'>occurrant.</span> 
     </span>
    </p>

    <p class='ocr_par' dir='ltr' id='par_1_7' title="bbox 251 2835 1756 2959">
     <span class='ocr_line' id='line_1_39' title="bbox 363 2835 1756 2890; baseline -0.001 -13"><span class='ocrx_word' id='word_1_279' title='bbox 363 2837 451 2877; x_wconf 88' lang='lat' dir='ltr'>Iam</span> <span class='ocrx_word' id='word_1_280' title='bbox 484 2839 533 2877; x_wconf 86' lang='lat' dir='ltr'>ut</span> <span class='ocrx_word' id='word_1_281' title='bbox 563 2837 690 2877; x_wconf 88' lang='lat' dir='ltr'>certis</span> <span class='ocrx_word' id='word_1_282' title='bbox 722 2850 810 2877; x_wconf 89' lang='lat' dir='ltr'>rem</span> <span class='ocrx_word' id='word_1_283' title='bbox 840 2836 1071 2889; x_wconf 86' lang='lat' dir='ltr'>probemus</span> <span class='ocrx_word' id='word_1_284' title='bbox 1112 2836 1335 2890; x_wconf 79' lang='lat' dir='ltr'>exemplis,</span> <span class='ocrx_word' id='word_1_285' title='bbox 1377 2835 1430 2876; x_wconf 89' lang='lat' dir='ltr'>ab</span> <span class='ocrx_word' id='word_1_286' title='bbox 1465 2836 1641 2884; x_wconf 90' lang='lat' dir='ltr'>Avieno,</span> <span class='ocrx_word' id='word_1_287' title='bbox 1684 2836 1756 2888; x_wconf 88' lang='lat' dir='ltr'>qui</span> 
     </span>
     <span class='ocr_line' id='line_1_40' title="bbox 251 2903 1756 2959; baseline -0.001 -13"><span class='ocrx_word' id='word_1_288' title='bbox 251 2905 416 2946; x_wconf 80' lang='lat' dir='ltr'>Iuliano</span> <span class='ocrx_word' id='word_1_289' title='bbox 438 2904 691 2959; x_wconf 88' lang='lat' dir='ltr'>imperatori</span> <span class='ocrx_word' id='word_1_290' title='bbox 727 2905 807 2946; x_wconf 84' lang='lat' dir='ltr'>fuit</span> <span class='ocrx_word' id='word_1_291' title='bbox 838 2904 1044 2957; x_wconf 86' lang='lat' dir='ltr'>aequalis,</span> <span class='ocrx_word' id='word_1_292' title='bbox 1077 2908 1116 2944; x_wconf 83' lang='lat' dir='ltr'>et</span> <span class='ocrx_word' id='word_1_293' title='bbox 1143 2904 1316 2956; x_wconf 89' lang='lat' dir='ltr'>Vergilii</span> <span class='ocrx_word' id='word_1_294' title='bbox 1344 2903 1512 2944; x_wconf 88' lang='lat' dir='ltr'>fabulas</span> <span class='ocrx_word' id='word_1_295' title='bbox 1546 2907 1588 2944; x_wconf 92' lang='lat' dir='ltr'>et</span> <span class='ocrx_word' id='word_1_296' title='bbox 1619 2907 1756 2944; x_wconf 84' lang='lat' dir='ltr'>totum</span> 
     </span>
    </p>
   </div>
  </div>
 </body>
</html>
