1898 3292
179 217 258 255 378
767 221 886 246 LIBER
906 220 1095 252 QVARTVS.

178 326 400 368 admiserit
421 325 586 366 hiatum
609 324 797 365 carmine
821 323 872 364 do
896 322 1083 377 Archyta
1115 322 1156 362 in
1190 324 1441 363 tetrametro
1473 321 1684 375 dactylico

176 396 225 450 [1,
255 398 321 445 28,
353 395 446 449 24]:

591 450 733 485 ossibus
760 451 796 483 ct
822 448 933 493 capiti
959 448 1160 482 inhumato.

179 531 253 573 ubi
293 531 373 572 etsi
416 544 499 572 non
540 530 701 584 placet,
741 527 856 582 quod
895 528 1057 569 invenit
1098 527 1408 581 Perlcamphrs,
1450 531 1686 569 inlunmlato

177 602 294 654 (nam
342 599 424 640 hoc
465 598 641 640 verbum
683 597 962 638 Ovidianaest
1007 599 1135 637 notae
1180 596 1452 649 primumque
1500 597 1688 637 occurrit

178 668 293 722 apud
326 667 564 721 Ovidium),
605 669 749 720 potest
773 665 902 706 altior
933 664 1113 706 haerere
1146 664 1402 718 corruptela.
1465 678 1542 705 nec
1576 665 1686 706 enim

181 737 430 778 credibilest
460 735 812 790 penthemimeris
844 734 886 774 in
918 733 1091 774 heroico
1121 736 1258 774 metro
1279 733 1525 774 libertatem
1548 736 1686 774 trans-

176 806 309 847 latam
332 806 375 846 in
397 819 579 854 versum,
611 804 683 857 qui
714 806 892 857 propter
923 802 1179 843 brevitatem
1212 802 1325 843 omni
1354 805 1474 843 caret
1496 815 1687 843 caesura.

178 888 256 915 nec
288 888 387 916 vero
429 873 532 915 alibi
575 873 618 914 in
661 872 805 927 lyricis
844 871 1126 924 iambicisque
1165 871 1381 911 invenitur
1421 869 1566 911 hiatus
1608 871 1689 911 nisi

177 957 254 997 per
285 942 594 984 interiectionis
623 940 862 994 legitimum
895 954 990 980 eum
1022 939 1159 980 vocali
1190 952 1456 980 concursum.

294 1012 350 1052 At
384 1010 560 1052 hercule
591 1009 807 1059 Valerius,
847 1008 947 1049 dum
986 1007 1181 1048 imitatur
1212 1006 1388 1060 Vergilii
1427 1007 1533 1048 illud
1577 1009 1687 1062 [aen.

178 1080 247 1131 IV,
282 1080 404 1134 4567}
449 1078 652 1120 ‘lamentis
683 1080 913 1130 qemilchue
945 1084 981 1117 el
1004 1079 1182 1128 femineo
1214 1073 1390 1117 ululatu’
1428 1089 1689 1130 quamqualn

179 1147 475 1202 multiplicatis
516 1146 721 1189 brevibus
767 1149 912 1187 tamen
958 1144 1125 1186 addidit
1168 1144 1422 1186 vocabulum
1468 1145 1689 1199 proprium

176 1216 239 1257 ita
270 1217 358 1271 [IV,
391 1217 514 1271 393]:

456 1319 537 1342 cum
565 1307 706 1342 facibus
731 1306 911 1351 spirisque
938 1309 975 1340 et
999 1304 1175 1339 Tartareo
1202 1304 1353 1340 ululatu.

181 1391 370 1430 ceterum
415 1402 498 1430 non
540 1387 708 1429 ratione
754 1386 890 1439 magis
937 1399 1065 1439 quam
1113 1399 1290 1427 numero
1332 1386 1621 1439 exemplorum
1665 1400 1690 1426 a

179 1457 369 1510 Vergilio
403 1456 607 1499 differunt
646 1456 920 1509 insequentes
962 1454 1192 1508 epicorum.
1255 1468 1276 1496 e
1318 1454 1474 1508 quibus
1515 1454 1690 1496 Ovidius

181 1539 275 1567 cum
307 1525 483 1568 asseclis
513 1526 556 1567 in
588 1528 653 1567 tot
683 1523 856 1566 milibus
887 1537 1086 1565 versuum
1116 1522 1352 1564 dihaeresis
1382 1523 1425 1564 in
1459 1523 1544 1565 arsi
1578 1523 1689 1564 acci-

181 1594 320 1636 dentis
349 1595 546 1649 exempla
580 1593 713 1636 habet
745 1593 916 1634 circiter
944 1592 1075 1634 XXV.
1137 1591 1239 1645 quid
1278 1591 1393 1645 quod
1424 1591 1552 1634 Statii
1593 1595 1692 1633 sunt

182 1663 388 1716 quinque,
425 1678 510 1705 non
550 1664 694 1718 plura,
737 1665 780 1704 et
816 1661 988 1715 quidem
1030 1661 1072 1702 in
1105 1660 1323 1702 Thebaide
1365 1661 1453 1715 [IV,
1487 1664 1589 1713 2273
1622 1660 1690 1711 VI,

182 1735 283 1783 5633
316 1732 431 1784 VIII,
465 1736 540 1785 363
571 1732 644 1783 IX,
679 1735 780 1782 3053
814 1730 869 1781 X,
902 1731 1015 1785 889]
1083 1743 1135 1770 ex
1167 1729 1323 1782 quibus
1354 1729 1537 1771 alterum
1582 1728 1690 1780 ‘quis

185 1803 416 1842 Maenaliae
462 1805 671 1843 Atalantes
718 1800 761 1841 in
812 1799 907 1841 loeo
961 1799 1194 1849 invenitur,
1245 1812 1372 1852 quem
1426 1797 1692 1853 suspectavit

183 1869 435 1921 Muellerus,
467 1870 662 1923 quintum
694 1882 778 1910 non
809 1868 925 1909 cadit
955 1868 998 1909 in
1029 1882 1220 1919 censum,
1260 1868 1461 1921 quoniam
1492 1870 1529 1908 ἰο
1559 1867 1690 1907 inter-

180 1938 327 1990 iectio,
366 1938 418 1980 de
449 1952 535 1992 qua
565 1951 696 1992 supra
727 1937 979 1988 memoravi,
1021 1950 1254 1990 numquam
1287 1935 1460 1977 eliditur
1491 1939 1591 1977 ante
1621 1949 1691 1976 vo-

183 2007 340 2048 calem:
387 2012 544 2059 fulmen
575 2010 631 2056 io,
669 2009 737 2047 ubi
768 2010 953 2058 fulmen?
994 2009 1063 2047 ait.
1126 2004 1217 2046 Silii
1257 2008 1356 2046 sunt
1397 2007 1602 2058 quattuor
1642 2004 1691 2059 [I,

184 2079 288 2127 6273
321 2075 371 2127 X,
405 2080 506 2128 5993
539 2075 632 2126 XII,
669 2078 771 2127 5143
804 2074 915 2125 XIV,
949 2074 1066 2129 515],
1097 2087 1229 2115 unum
1263 2074 1351 2129 [IV,
1385 2073 1484 2127 393]
1519 2072 1690 2114 Valerii.

183 2158 234 2185 ac
275 2144 403 2186 Silius
445 2144 617 2197 quidem
657 2143 867 2185 hactenus
912 2157 1034 2184 suum
1076 2142 1322 2184 observavit
1352 2141 1604 2195 Vergilium,
1645 2144 1694 2181 ut

186 2213 316 2255 semel
348 2213 478 2268 [XIV,
502 2214 602 2268 515]
635 2212 678 2253 in
707 2225 792 2253 uno
814 2225 940 2252 versu
974 2210 1188 2265 duplicem
1211 2211 1461 2252 admitteret
1482 2210 1693 2252 vocalium

184 2282 275 2323 sine
307 2274 482 2323 elisione
517 2294 772 2323 concursum
805 2280 888 2321 ita:

461 2376 498 2407 et
523 2373 644 2418 Cyane
671 2375 708 2406 et
731 2371 886 2416 Anapus
910 2374 947 2406 et
972 2370 1125 2416 Ortygie
1151 2370 1349 2405 Arethusa.

187 2457 232 2495 at
264 2467 286 2495 e
318 2453 472 2494 ceteris
504 2453 750 2494 abstinuere
782 2451 905 2493 hiatu
933 2452 976 2493 in
1009 2452 1096 2494 arsi
1127 2450 1371 2493 adhibendo
1403 2450 1579 2501 Tullius,
1611 2451 1693 2491 Lu-

186 2522 358 2573 cretius,
389 2521 506 2573 Cato,
538 2521 745 2563 Horatius
777 2523 949 2575 praeter
978 2534 1110 2562 unum
1143 2519 1310 2574 epodon
1341 2533 1510 2561 versum
1541 2520 1626 2573 [13,
1651 2519 1693 2573 3]

187 2594 230 2632 et
250 2590 371 2632 illum
396 2589 579 2646 [c.1,28,
597 2589 681 2646 24],
714 2589 766 2631 de
788 2603 872 2643 quo
895 2603 1027 2643 supra
1049 2588 1277 2643 disputavi,
1310 2588 1540 2642 scriptores
1564 2587 1694 2628 Nucis

188 2663 231 2701 et
262 2660 426 2700 Aetnae
468 2672 519 2700 ac
558 2658 858 2712 Priapeorum,
895 2657 1157 2712 Lygdamus,
1197 2656 1404 2711 Sulpicia,
1449 2660 1600 2697 auctor
1639 2655 1695 2696 ad

189 2727 448 2779 Messallam,
478 2726 754 2781 Calpurnius,
783 2726 985 2767 laudator
1016 2725 1194 2777 Pisonis,
1225 2725 1437 2776 Lucanus,
1469 2723 1694 2774 Martialis,

187 2795 441 2847 Columella,
485 2795 734 2846 Petronius,
777 2794 1018 2846 Palladius,
1064 2794 1347 2844 Claudianus,
1397 2793 1694 2842 Namatianus,

188 2864 501 2916 Sammonicus,
535 2864 738 2915 Avianus,
769 2862 1048 2915 Prudentius,
1080 2863 1250 2913 Arator,
1283 2862 1480 2912 Avienus,
1511 2860 1694 2902 Priscia-

188 2947 280 2985 nus,
311 2932 541 2989 Eugenius,
573 2932 756 2986 denique
783 2931 981 2974 Sedulius
1012 2935 1136 2974 extra
1168 2931 1360 2984 elegiam,
1396 2943 1506 2985 quae
1537 2942 1695 2984 epana-
