1898 3292
280 233 362 272 580
881 243 1118 271 OPVSCVLVM
1138 245 1188 271 1v.

275 342 556 397 grammatici.
605 343 720 397 apud
748 344 984 398 Vergilium
1012 359 1107 386 cum
1139 345 1276 387 simile
1306 346 1546 399 exemplum
1569 360 1652 387 non
1674 347 1788 388 inve-

273 411 451 461 niretur,
492 413 593 453 Aen.
626 412 662 462 I,
696 415 747 453 72
796 413 856 454 ita
895 413 1069 454 invertit
1101 413 1262 455 Marius
1294 413 1458 455 Plotius
1499 414 1578 468 [gr.
1613 414 1685 456 lat.
1719 415 1787 463 VI,

276 480 398 533 506]:

585 548 676 580 quae
705 549 859 581 quarum
885 539 977 572 facie
1004 539 1251 583 pulcherrima
1276 538 1454 583 Deiopea.

276 609 427 646 contra
458 607 574 659 apud
607 606 866 648 christianos
896 607 1112 648 interdum
1142 607 1278 649 habes
1300 608 1482 660 figuram
1504 608 1633 649 illam.
1689 622 1787 649 nam

273 674 335 715 ita
368 674 626 716 Prudentius
658 674 898 729 [apotheos.
929 676 1025 730 86]:

550 765 616 788 nec
646 756 745 798 capit
769 754 936 788 humanis
962 756 1161 800 angoribus
1188 757 1413 799 excruciari;

274 826 364 864 tum
395 823 636 864 Martianus
669 821 757 877 [VL
792 825 885 872 574,
924 822 1017 875 31]:

550 914 570 936 o
598 914 702 937 sacra
728 902 922 936 doctarum
948 901 1146 945 prudentia
1170 901 1464 946 fontigenarum3

275 985 405 1025 porro
437 971 641 1013 Claudius
679 971 825 1012 Victor
856 969 1003 1025 [aleth.
1036 969 1086 1020 II,
1120 970 1212 1024 25]:

548 1054 584 1086 te
609 1051 724 1096 magis
751 1050 897 1097 extollit
923 1050 1083 1083 conlatio
1110 1049 1354 1093 deteriorum,

274 1120 458 1174 denique
485 1124 637 1162 auctor
674 1120 864 1161 incertus
903 1119 946 1160 in
988 1119 1198 1173 principio
1241 1119 1564 1173 epigrammatis
1606 1119 1786 1174 [anthol.

276 1193 356 1231 749
386 1189 476 1244 R.]:

549 1245 661 1289 Mars,
690 1249 795 1290 pater
821 1256 1016 1287 armorum,
1043 1245 1240 1279 fortissime
1266 1245 1513 1289 belligerator.

275 1318 406 1368 atque
439 1314 588 1356 eadem
621 1314 946 1368 compositumst
981 1317 1074 1355 arte
1117 1327 1291 1355 carmen
1322 1313 1538 1367 quoddam
1570 1314 1787 1367 paschale,

274 1384 494 1425 indoctum
518 1384 623 1425 satis
646 1397 696 1424 ac
724 1383 1027 1433 subrusticum,
1056 1382 1171 1435 quod
1194 1383 1381 1424 Ausonio
1404 1382 1515 1423 male
1538 1382 1791 1423 adscribunt

278 1452 491 1506 plerique,
536 1466 632 1494 cum
674 1451 768 1493 aliis
808 1456 926 1493 recte
969 1451 1190 1493 abiudicat
1223 1451 1512 1494 SchenkeliuS.
1575 1451 1788 1505 adponam

274 1535 443 1562 versum
469 1521 676 1575 primum:

549 1613 633 1646 spes
658 1600 748 1636 deus
774 1604 944 1636 aeternae
972 1602 1139 1636 stationis
1169 1601 1396 1636 conciliator.

389 1670 539 1724 Neque
582 1670 848 1724 indignumst
889 1670 1105 1711 mentione
1145 1670 1322 1711 Ausonii
1363 1670 1449 1725 [pg.
1487 1672 1563 1710 132
1598 1683 1689 1723 sqq.
1724 1669 1789 1711 ed.

275 1738 476 1794 Schenk]
509 1738 897 1793 Technopaegnion
931 1739 1011 1792 (ita
1034 1739 1352 1792 Erotopaegnia
1383 1738 1555 1792 scripsit
1576 1738 1789 1792 Laevius),

273 1808 316 1848 in
347 1821 431 1861 quo
463 1807 733 1849 scholasticis
771 1807 940 1849 facetiis
979 1822 1081 1849 usus
1123 1822 1269 1849 omnes
1301 1822 1449 1849 versus
1479 1806 1789 1861 monosyllabis

274 1876 417 1918 verbis
460 1876 596 1918 clusit.
658 1890 735 1918 nec
777 1877 916 1918 alieno
948 1877 1044 1918 lusu
1074 1877 1116 1917 in
1151 1876 1346 1930 opusculi
1375 1877 1501 1918 huius
1533 1875 1784 1930 prohoemio

274 1945 478 1996 instituit,
526 1949 574 1986 ut
615 1949 658 1987 et
697 1945 862 1999 primae
904 1949 1051 1999 partes
1092 1959 1293 1987 versuum
1338 1949 1381 1987 et
1423 1945 1600 1987 ultimae
1642 1958 1787 1986 mono-

275 2013 450 2068 syllabis
492 2017 757 2064 constarent,
808 2028 829 2055 e
876 2014 1032 2067 quibus
1074 2014 1199 2056 nullis
1236 2014 1396 2056 interse
1444 2013 1605 2055 divisae
1648 2013 1790 2055 verbis

274 2086 417 2123 essent
462 2096 607 2136 pares,
658 2085 887 2136 praeterea
935 2083 1209 2136 perspicuam
1263 2082 1316 2124 ob
1368 2096 1541 2124 causam
1588 2082 1788 2136 princeps

276 2151 465 2193 omnium
498 2165 548 2192 ac
578 2155 808 2205 postrema.

356 2270 359 2273 ¹
389 2220 452 2261 De
483 2220 716 2274 reciprocis
748 2219 1033 2271 carminibus,
1066 2234 1247 2274 quorum
1278 2221 1365 2261 iam
1397 2220 1589 2262 meminit
1623 2220 1788 2271 Quinti-

272 2287 412 2330 lianus
445 2288 536 2342 Hx,
559 2293 597 2339 4,
621 2289 707 2342 90],
740 2289 843 2330 item
866 2288 1091 2340 Martialis,
1124 2290 1197 2343 qui
1220 2290 1373 2343 supina
1394 2293 1520 2330 vocat
1549 2289 1618 2343 [IL
1642 2292 1708 2339 86,
1736 2288 1788 2342 1],

273 2356 382 2398 haec
404 2357 537 2398 habet
561 2357 760 2398 Sidonius
792 2357 884 2412 [1X,
921 2358 1014 2411 14]:
1047 2361 1088 2398 1ιὶ
1110 2362 1295 2399 'einch-mn
1317 2363 1511 2407 (versus)
1530 2365 1624 2398 semet
1646 2371 1788 2398 recur-

273 2433 424 2473 rentes,
457 2429 525 2476 qul
554 2433 680 2467 metro
710 2433 843 2467 scanie
873 2440 1003 2477 neque
1025 2430 1170 2467 littere's
1192 2431 1277 2467 loco
1308 2430 1435 2475 motis,
1466 2432 1510 2467 ut
1537 2429 1586 2467 ab
1620 2429 1789 2467 exordio

274 2499 330 2535 ad
361 2497 591 2543 terminum,
629 2498 688 2535 sic
722 2509 746 2535 α
769 2500 852 2543 fine
885 2499 1125 2546 releyantm·
1157 2500 1214 2536 ad
1246 2509 1448 2536 sumnum.
1510 2498 1570 2535 sic
1601 2502 1659 2535 es!
1689 2497 1791 2535 illud

274 2566 486 2613 amiquum
531 2558 677 2603 ‘Roma
711 2565 780 2603 libi
810 2566 939 2604 subito
970 2567 1138 2605 motibus
1173 2566 1242 2605 ibit
1274 2561 1426 2604 amor-⁷.
1488 2566 1530 2604 et
1554 2562 1664 2603 tales
1697 2563 1787 2616 qui-

277 2630 374 2672 dem
421 2630 603 2672 facetias
649 2631 843 2685 exemplo
889 2645 1025 2685 paene
1072 2646 1221 2673 carere
1267 2645 1350 2673 non
1397 2632 1563 2673 mirum.
1631 2631 1788 2684 legitur

278 2703 422 2740 tamen
462 2699 504 2740 in
536 2697 796 2752 Anthologia
824 2713 982 2753 graeca
1024 2700 1098 2754 [IL
1129 2714 1197 2755 pg.
1231 2704 1312 2742 608
1346 2700 1409 2741 ed.
1443 2699 1625 2754 Duebn.]
1658 2699 1787 2740 versi-

275 2767 395 2809 culus
444 2767 634 2809 eiusdem
681 2768 923 2822 praestigii,
976 2782 1101 2822 quem
1149 2769 1373 2822 antiquum
1419 2768 1649 2809 admodum
1696 2780 1787 2808 esse

275 2835 430 2876 docent
478 2836 717 2889 parietinae
748 2836 1037 2890 Pompeianae
1079 2837 1149 2891 [cf.
1183 2837 1315 2891 epigr.
1350 2837 1421 2879 Gr.
1454 2837 1517 2878 ed.
1551 2837 1598 2878 G.
1634 2836 1787 2877 Kaibel

274 2905 448 2958 [1124]:

555 2958 621 3006 ἤδη
649 2973 709 3004 μοι
738 2960 829 3001 Διὸς
855 2954 912 3005 ἆρ’
942 2957 1069 2995 ἀπάτα
1095 2960 1197 3006 παρὰ
1224 2964 1291 3005 σοί,
1321 2957 1500 3008 Διομήδη.
