1898 3292
219 190 272 228 34
837 198 1112 224 PROHOEMIVM.

213 307 327 351 peto,
367 305 456 352 leyo
496 314 579 341 11011
625 301 857 354 corripitur
902 301 976 342 illa
1019 301 1209 354 exceptis
1246 301 1311 341 his
1343 315 1453 354 quae
1486 305 1585 342 sunt
1616 316 1727 343 uemo

217 369 302 423 [68,
336 369 407 423 33]
441 373 483 410 et
514 372 653 411 lenebo
686 370 743 424 [6,
768 371 822 424 3].
877 384 974 410 nam
1008 370 1121 423 quod
1154 369 1257 411 alibi
1290 370 1427 411 fertur
1459 370 1544 411 tale
1577 370 1633 424 [9‚
1663 370 1728 424 1]:

492 460 557 482 cur
583 449 765 483 obscaena
791 449 877 482 mihi
906 461 990 493 pars
1019 450 1066 483 sit
1091 450 1167 483 sine
1193 452 1304 492 veste,
1333 449 1513 493 requiris?

562 517 707 549 quaero,
736 509 839 550 tegat
864 507 982 540 nullus
1009 518 1075 540 cur
1099 519 1163 540 sua
1189 507 1292 551 signa
1317 507 1416 540 deus.

218 573 387 615 omnino
421 573 620 615 falsumst
648 574 753 615 illud
797 589 968 625 quaero,
1012 575 1214 628 quoniam
1256 589 1333 616 nec
1365 575 1507 628 Priapi
1548 575 1729 616 interest

217 642 446 693 sciscitari,
492 642 668 683 deorum
718 657 793 683 cur
835 647 1006 684 statuae
1049 644 1237 684 habeant
1281 647 1433 697 aperta
1475 644 1612 696 signa,
1654 643 1726 684 sed

217 711 325 761 eius,
368 725 490 764 quem
526 710 705 751 offendit
734 711 908 753 habitus
936 712 1070 762 illius,
1111 726 1190 752 nec
1221 713 1464 766 cuiquamst
1499 712 1727 753 obscurum

218 794 293 820 cur
322 779 403 820 hoc
433 778 527 830 fiat,
573 783 621 820 ut
662 784 873 833 appareat
904 794 1014 833 quae
1045 784 1315 834 pentametro
1348 781 1621 821 continentur
1652 794 1728 834 per

216 848 457 889 irrisionem
489 862 538 888 ac
569 848 801 889 ludibrium
836 848 930 889 dici.
984 863 1118 902 quare
1149 863 1232 889 11011
1261 853 1405 902 potest
1428 849 1619 890 dubitari
1651 863 1727 902 pro

216 917 300 968 illo,
324 916 437 970 quod
459 916 585 971 vulgo
609 917 759 968 fertur,
793 917 1065 958 scribendum
1089 931 1180 958 esse
1213 908 1377 968 quaere.
1426 918 1511 958 iam
1537 917 1608 970 qui
1642 921 1728 957 tam

218 988 372 1028 modici
404 987 523 1029 fuere
555 986 792 1027 brevianda
824 1000 858 1035 o,
891 986 1227 1039 haudquaquam
1251 986 1430 1027 eandem
1453 986 1730 1040 producenda

217 1056 454 1097 adhibuere
488 1056 741 1097 cautionem.
793 1069 891 1096 nam
914 1055 1151 1096 intenditur
1175 1055 1379 1108 exemplis
1414 1055 1507 1096 XIV
1541 1055 1583 1095 in
1605 1068 1729 1095 voca-

218 1125 328 1165 bulis
372 1138 482 1177 quae
524 1128 623 1165 sunt
666 1138 778 1165 nemo
811 1124 896 1178 [32,
925 1123 986 1177 8],
1026 1127 1139 1174 viryo
1175 1124 1230 1178 [3,
1266 1124 1326 1178 7]‚
1360 1138 1493 1174 eayJuo
1526 1123 1611 1177 [26,
1649 1123 1728 1177 12],

216 1196 416 1234 mandabo
460 1193 551 1248 [5ss,
585 1193 644 1246 5],
689 1196 778 1233 dico
815 1193 878 1247 [7,
911 1192 972 1246 2],
1007 1199 1108 1243 pulo
1149 1193 1238 1246 [12,
1269 1192 1329 1246 2],
1377 1206 1527 1242 quaeso
1566 1192 1650 1246 [30,
1685 1196 1729 1243 23

218 1265 283 1313 77,
303 1262 387 1315 20],
421 1265 504 1302 volo
523 1260 608 1315 [38,
628 1260 683 1315 3],
717 1264 928 1311 ecquando
951 1261 1036 1314 [19,
1058 1260 1111 1314 l],
1145 1274 1242 1311 erqo
1267 1260 1322 1314 [2,
1343 1265 1384 1312 93
1412 1265 1474 1311 14,
1494 1264 1534 1312 93
1559 1264 1624 1311 77,
1646 1261 1730 1315 12],

213 1344 341 1383 porro
374 1330 460 1384 [26,
487 1330 540 1384 1]‚
572 1333 620 1370 ut
651 1330 845 1370 omittam
882 1342 992 1382 quae
1023 1328 1149 1382 plane
1180 1342 1263 1369 11011
1299 1333 1472 1382 potuere
1496 1328 1579 1369 alio
1603 1333 1729 1382 pacto

219 1398 306 1439 suis
337 1398 467 1439 inseri
492 1397 652 1439 metris.

331 1468 472 1520 Atque
514 1466 622 1507 haec
662 1467 706 1507 in
749 1465 936 1507 editione
979 1466 1288 1519 scripseramus
1320 1465 1474 1518 priore.
1537 1466 1611 1507 sed
1644 1466 1730 1506 iam

216 1535 259 1576 in
312 1534 563 1588 prohoemio
614 1535 892 1588 Priapeorurn
944 1535 1204 1575 recensionis
1257 1534 1575 1575 demonstrasse
1626 1534 1730 1575 mihi

218 1603 365 1644 videor
399 1603 591 1644 carmina
621 1603 696 1644 illa
728 1603 891 1657 pariter
923 1617 1019 1644 cum
1051 1603 1212 1654 Culice,
1246 1603 1349 1653 Ciri,
1384 1602 1567 1654 Moreto,
1602 1603 1730 1657 Copa,

216 1671 363 1713 libello
406 1670 516 1714 κατὰ
547 1671 722 1723 λεπτόν,
755 1671 881 1722 Diris,
915 1671 1029 1724 quod
1062 1671 1204 1712 omnia
1233 1671 1517 1712 imitationem
1553 1685 1655 1725 prae
1687 1685 1730 1712 se

218 1740 381 1781 ferrent
412 1740 569 1781 Catulli
605 1744 647 1781 et
692 1743 916 1781 cantorum
950 1740 1254 1794 Euphorionis,
1299 1743 1526 1792 essentque
1561 1754 1728 1794 compo-

217 1809 300 1850 sita
341 1808 396 1850 ab
439 1809 587 1850 amicis
631 1808 685 1849 M.
721 1808 882 1850 Valerii
923 1809 1171 1859 Messallae,
1207 1808 1286 1849 viri
1330 1807 1615 1860 celeberrimi,
1659 1809 1731 1861 qui

217 1878 423 1929 Horatio,
456 1877 665 1930 Vergilio,
696 1877 865 1918 Tibullo
898 1877 1079 1930 aliisque
1111 1877 1238 1918 huius
1273 1877 1429 1918 aetatis
1472 1878 1609 1930 poetis
1650 1877 1731 1918 fuit

217 1945 466 1996 familiaris,
517 1945 680 1987 ultimis
722 1946 904 1999 Augusti
955 1945 1244 1999 temporibus,
1298 1945 1351 1986 ad
1399 1959 1509 1998 quae
1551 1945 1729 1987 durasse

218 2013 464 2055 Messallam
496 2014 602 2056 satis
635 2013 822 2063 constat,
861 2014 1044 2056 collecta
1076 2018 1118 2055 et
1150 2013 1267 2055 edita
1299 2028 1324 2055 a
1359 2014 1485 2055 docto
1518 2014 1728 2067 quodam3

218 2083 404 2136 Priapea
436 2086 580 2124 autem
601 2083 787 2124 maxime
811 2097 862 2124 ex
884 2082 1022 2124 hortis
1044 2082 1272 2124 Messallae
1296 2083 1472 2136 eiusque
1495 2083 1730 2124 amicorum

216 2151 353 2202 videri
382 2151 598 2205 decerpta.

331 2220 675 2261 Consolationem
727 2219 782 2261 ad
833 2219 998 2261 Liviam
1051 2233 1147 2261 cum
1195 2219 1250 2260 M.
1302 2219 1518 2273 Hauptius
1583 2219 1729 2261 libello

214 2288 385 2341 Lipsiae
430 2302 466 2329 a.
503 2292 608 2330 1849
653 2289 806 2330 emisso
847 2288 1143 2330 demonstrare
1176 2291 1356 2329 conatus
1388 2292 1502 2329 esset
1533 2288 1587 2329 ab
1619 2288 1729 2329 Italo

216 2356 402 2409 quodam
435 2370 545 2397 saec.
579 2356 656 2397 XV
699 2356 943 2408 confictam,
987 2370 1073 2410 qua
1113 2357 1157 2397 in
1202 2369 1248 2397 re
1290 2360 1485 2397 versatus
1527 2360 1592 2398 est
1634 2371 1729 2401 cum

214 2438 371 2478 magna
403 2424 601 2466 doctrina
633 2427 675 2466 et
703 2425 957 2476 subtilitate,
995 2439 1072 2479 ego
1105 2439 1130 2466 a
1151 2425 1295 2478 priore
1319 2425 1505 2466 editione
1530 2438 1728 2479 segrega-

213 2506 372 2534 veram.

330 2561 414 2602 Sed
444 2561 614 2602 Aemilii
645 2560 865 2602 Huebneri
902 2561 1193 2615 disputatione
1233 2562 1576 2613 accuratissima,
1618 2576 1728 2615 quae

215 2629 377 2682 prodiit
409 2642 448 2670 a.
476 2632 583 2670 1878
617 2629 659 2669 111
682 2629 868 2670 Hermae
890 2629 1181 2672 Berolinensis
1203 2646 1241 2685 p.
1261 2631 1363 2671 XIII
1395 2631 1452 2685 [p.
1475 2631 1728 2684 145—244],

214 2697 486 2750 aliorumque
511 2697 713 2750 deinceps
749 2697 907 2738 additis
940 2697 1054 2738 curis
1087 2697 1341 2750 effectumst,
1373 2702 1421 2739 ut
1441 2698 1621 2739 mulium
1644 2699 1728 2739 iam

214 2765 520 2806 detraheretur
554 2765 792 2819 opinationi
822 2765 954 2816 illius,
990 2766 1069 2806 etsi
1101 2781 1169 2808 res
1202 2770 1267 2808 est
1296 2767 1484 2807 nondum
1515 2766 1726 2807 absoluta.

211 2834 358 2886 itaque
391 2847 439 2873 eo
471 2833 651 2874 inclinat
682 2834 866 2884 animus,
899 2837 946 2874 ut
979 2847 1151 2875 carmen
1184 2835 1290 2875 illud
1324 2835 1561 2875 existimem
1594 2835 1726 2888 scrip-

212 2906 302 2942 tum
337 2906 437 2955 post
468 2903 653 2955 Augusti
689 2906 893 2953 aetatem,
935 2902 1009 2943 sed
1041 2907 1139 2943 ante
1172 2903 1352 2954 Neronis
1386 2908 1589 2953 mortem,
1622 2908 1727 2943 tem-
