1898 3292
172 223 253 260 278.
772 228 891 252 LIBER
911 227 1082 251 TERTIVS.

172 333 454 385 posteriorum
503 331 708 384 plerique.
787 335 831 371 at
877 329 1081 370 Horatius
1131 329 1172 369 in
1222 328 1483 368 hexametris
1534 341 1675 380 saepe,

171 401 302 442 semel
330 402 373 441 in
404 400 567 441 melicis
600 399 825 440 collocavit
857 412 1004 439 versus
1037 397 1155 438 exitu
1187 397 1258 451 [IL
1283 400 1347 446 10,
1370 400 1443 448 21;
1475 410 1573 437 nam
1604 396 1676 447 ΙΙΙ,

176 473 237 515 11,
272 473 322 511 18
355 472 421 510 est
452 468 654 522 spurius}
715 470 905 508 ceterum
938 465 1153 507 contrario
1186 465 1326 507 evenit
1355 465 1475 515 vitio,
1516 464 1676 518 ponde-

171 552 269 578 rosa
301 541 344 578 et
374 537 522 590 gravia
552 536 684 577 verba
725 535 824 577 exili
865 535 901 576 si
940 535 984 575 in
1023 534 1116 575 loco
1149 533 1426 583 delitescunt,
1465 533 1595 574 veluti
1634 533 1676 573 in

170 606 237 647 his
269 607 380 661 [aen.
413 605 460 656 V,
490 608 594 656 4813
627 604 738 655 VIII,
769 604 864 658 43]:

354 685 531 719 sternitur
557 684 806 727 exanimisque
831 686 990 716 tremens
1016 682 1229 726 procumbit
1256 682 1356 715 humi
1384 682 1461 715 bos.

353 742 494 776 litoreis
523 742 650 785 ingens
678 741 826 774 inventa
850 740 917 773 sub
943 739 1087 773 ilicibus
1117 751 1187 772 sus.

173 827 197 852 a
226 811 401 852 Marone
432 814 577 851 tamen
606 810 726 859 haec,
759 822 869 861 quae
901 808 1041 861 posui,
1075 807 1283 861 exempla,
1312 807 1422 848 sicut
1453 807 1540 848 alia
1571 807 1679 848 eius-

173 879 404 929 demmodi,
436 882 530 919 arte
562 877 760 931 quaesita
790 876 916 918 facile
945 880 1138 930 apparet.

287 947 532 988 Adiciemus
571 947 613 986 in
653 945 736 987 fine
780 945 903 998 quasi
939 958 1017 998 pro
1058 945 1267 985 mantissa
1308 944 1556 997 displicere,
1598 958 1682 984 non

174 1017 345 1070 quidem
378 1016 581 1057 metricas
611 1014 665 1056 ob
699 1027 870 1064 causas,
913 1013 988 1054 scd
1026 1016 1073 1054 ut
1109 1012 1297 1066 pedestri
1328 1012 1464 1065 magis
1497 1012 1682 1052 sermoni

174 1089 294 1139 apta,
339 1084 556 1125 cumulata
593 1083 766 1124 nomina
797 1096 871 1123 seu
902 1081 1045 1123 verba.
1117 1081 1262 1134 qualia
1292 1095 1386 1122 cum
1424 1080 1540 1122 haud
1582 1094 1681 1121 raro

174 1154 447 1195 admisissent
475 1151 762 1205 antiquissimi
796 1154 995 1191 auctores
1032 1150 1159 1190 metri
1200 1149 1399 1203 explendi
1437 1162 1586 1199 causa,
1627 1148 1682 1189 ab

173 1221 497 1275 insequentibus
536 1224 711 1274 praeter
755 1219 952 1260 satiricos
992 1223 1034 1259 et
1065 1218 1270 1259 Senecam
1300 1217 1414 1258 idem
1444 1217 1571 1271 plane
1603 1216 1684 1257 fuit

176 1291 378 1340 alienum,
412 1289 492 1330 nisi
523 1288 661 1330 ultimi
694 1287 900 1341 temporis
932 1290 1130 1328 auctores
1162 1286 1376 1339 pravitate
1407 1285 1567 1339 ingenii
1598 1286 1683 1326 sive

176 1358 463 1400 aemulatione
486 1357 872 1398 vetustissimorum
894 1355 1006 1396 idem
1030 1355 1286 1409 repetissent
1317 1354 1387 1408 [cf.
1407 1353 1525 1395 Beda
1543 1354 1684 1407 2367}

178 1431 367 1468 ceterum
401 1430 499 1480 apte
533 1440 583 1467 ea
614 1426 753 1478 figura
787 1438 887 1465 usus
918 1424 1144 1464 Lucretius
1176 1423 1237 1464 sic
1267 1423 1337 1478 [IL
1368 1422 1490 1476 553]:

405 1507 600 1540 disiectare
626 1505 721 1540 solet
746 1516 919 1549 magnum
944 1516 1044 1538 mare
1070 1506 1240 1547 transtra,
1267 1504 1442 1548 guberna,

405 1566 605 1606 antemnas,
633 1574 791 1607 Pl'Ol'alJl,
819 1562 933 1595 malos
961 1565 1156 1605 hOIlSstSqUG
1183 1563 1361 1594 [laballsssss.

296 1633 429 1673 l'orro
462 1632 741 1673 severissimis
764 1630 1014 1672 auctoribus
1037 1630 1142 1670 artis
1165 1643 1248 1669 non
1270 1628 1471 1682 placuere
1494 1628 1566 1669 uni
1588 1627 1685 1669 sub-

178 1702 363 1743 stantivo
392 1701 505 1751 bina,
538 1700 694 1741 nedum
714 1700 852 1753 plura,
883 1698 1031 1739 addita
1064 1698 1279 1739 adiectiva
1310 1697 1393 1739 nisi
1416 1697 1459 1737 in
1480 1696 1686 1747 formulis,

179 1770 327 1823 quales
356 1773 455 1810 sunt
497 1767 619 1820 ‘felir
648 1765 935 1820 f'azcstzcsque',
984 1765 1132 1808 ‘malus
1164 1763 1422 1817 meliusque'.

295 1838 488 1890 Denique
520 1836 637 1878 haud
669 1836 904 1878 absurdum
936 1836 1110 1889 cognitu
1141 1838 1310 1889 poetas,
1348 1847 1431 1887 quo
1464 1833 1559 1886 quis
1591 1847 1687 1886 per-

181 1906 333 1948 fectior
365 1906 602 1959 elegantia,
645 1919 694 1946 eo
735 1905 872 1958 magis
913 1918 1059 1945 amare
1099 1904 1309 1957 praeponi
1345 1902 1557 1943 adiectiva
1589 1901 1686 1942 sub-

181 1975 378 2016 stantivis
421 1974 519 2015 suis.
580 1987 765 2027 namque
804 1973 879 2014 illa
923 1987 1091 2026 semper
1133 1986 1315 2014 onerosa
1354 1971 1558 2022 sermoni,
1598 1970 1687 2024 ple-

179 2057 360 2096 rumque
392 2046 434 2083 et
466 2056 754 2095 supervacua,
795 2042 830 2082 si
862 2046 960 2095 post
992 2045 1178 2095 partem,
1217 2041 1272 2081 ad
1302 2055 1430 2094 quam
1458 2040 1687 2094 pertinent,

179 2115 305 2153 erunt
336 2112 515 2161 reiecta,
560 2110 665 2151 nulli
694 2111 780 2151 iam
812 2111 874 2151 rei
903 2110 984 2150 nisi
1016 2109 1227 2163 explendo
1259 2113 1396 2151 metro
1428 2109 1689 2150 videbuntur

180 2194 272 2221 esse
304 2179 437 2220 utilia.
499 2193 578 2220 nec
609 2193 709 2220 vero
743 2178 946 2220 cordatus
978 2182 1131 2219 auctor
1161 2178 1461 2219 necessitatem
1491 2190 1688 2218 numero-

180 2260 405 2301 rum,‘qua
435 2248 617 2301 probum
650 2251 823 2301 poetam
856 2261 939 2287 non
971 2260 1174 2300 umquam
1207 2244 1365 2286 debere
1397 2246 1491 2299 cogi
1522 2245 1688 2298 fingunt

178 2317 385 2370 imperiti,
429 2316 543 2357 ultro
587 2316 768 2357 curiosis
809 2315 1018 2356 lectorum
1059 2314 1272 2355 mentibus
1310 2318 1357 2355 ut
1397 2317 1566 2367 retegat
1614 2313 1687 2354 ad-

179 2384 370 2426 ducetur.

433 2451 506 2486 Sed
532 2464 599 2486 nos
626 2452 843 2486 immensum
869 2451 996 2496 spatiis
1025 2451 1250 2485 confecimus
1275 2462 1422 2494 aequor.
