1898 3292
174 210 255 252 382
766 220 883 244 menn
904 219 1083 249 Qv1x'Tvs.

174 322 256 372 hic,
284 325 331 362 ut
362 321 487 372 alias,
531 321 715 362 lectione
758 320 868 362 falsa
909 321 1056 374 lapsus
1094 324 1170 363 est.
1231 324 1348 362 recte
1381 321 1492 362 enim
1523 321 1583 362 ibi
1614 335 1680 363 re-

173 390 358 444 positum
392 403 418 431 a
449 389 586 430 doctis
618 396 655 430 et
684 403 792 441 yaza
822 392 967 430 stabat.

288 458 400 499 Sane
448 457 671 499 fatendum
716 457 1016 498 vetustissimis
1046 457 1297 498 Latinorum
1340 458 1505 511 pariter
1551 462 1680 511 atque

175 527 480 568 recentissimis
512 526 582 567 vix
622 515 740 567 aliud
780 526 973 567 sonuisse
1009 525 1142 567 videri
1171 526 1362 567 litteram
1392 526 1519 567 istam
1552 540 1680 580 quam

174 595 343 637 sibilam
373 594 498 636 valde
540 598 724 636 acutam.
784 594 897 635 unde
937 598 979 635 et
1010 594 1188 636 Plautus
1224 608 1302 648 pro
1338 598 1543 645 trapezita
1574 595 1682 636 dixit

175 667 426 714 trapesitam,
460 663 573 716 quod
604 667 755 717 postea
788 662 1011 716 duplicata
1042 663 1303 704 scriberetur
1334 678 1366 712 S,
1398 667 1440 704 et
1471 664 1681 705 Pacuvius

173 734 306 773 Setum
349 745 427 785 pro
469 734 615 780 Zetho,
659 745 788 785 porro
829 744 975 772 omnes
1013 735 1251 783 Saquntum.
1323 735 1368 773 at
1408 731 1575 773 diverso
1616 733 1682 773 usi

173 799 346 841 modulo
377 799 472 841 loco
504 800 594 841 eius
629 803 670 840 (ῖὶ
707 813 890 853 posuere
933 800 1026 850 alii,
1069 804 1117 841 ut
1149 803 1410 841 Medientium
1443 800 1682 842 scriberent

172 882 251 922 pro
276 871 487 909 Mezentio.
539 868 600 909 sic
622 871 664 908 et
686 867 802 921 apud
823 868 1090 909 Licinianum
1110 869 1325 910 invenitur
1346 871 1682 910 Ariobarclianem

173 937 264 991 [19,
295 940 348 978 20
380 936 444 977 ed.
476 935 558 990 P.],
601 935 715 990 apud
757 936 1107 977 Commodianum
1149 938 1236 991 [pg.
1274 937 1371 991 159]
1414 940 1680 979 iutlaeidiant.

172 1009 324 1046 contra
363 1004 476 1046 idem
516 1007 737 1046 zabolicam
767 1018 845 1058 pro
879 1007 1119 1046 diabolicam
1159 1005 1273 1059 [loa
1306 1005 1400 1058 23],
1442 1005 1553 1046 siout
1585 1005 1683 1047 Osci

171 1077 337 1115 zioolom
375 1087 454 1127 pro
499 1077 668 1115 clieeulo.
748 1077 878 1127 atque
917 1074 980 1114 ita
1021 1087 1046 1114 a
1089 1073 1333 1115 christianis
1373 1073 1569 1115 adhibita
1608 1074 1683 1115 illa

174 1144 352 1191 zabolus,
380 1155 572 1190 zaconus,
605 1141 865 1195 ubicumque
886 1143 1161 1183 inveniuntur
1182 1141 1408 1197 trisyllaba
1429 1141 1500 1196 [cf.
1519 1141 1681 1183 Paulin.

173 1214 239 1261 24,
274 1214 376 1261 5973
409 1209 574 1252 Paulin.
608 1210 761 1252 Petric.
790 1211 821 1261 I,
857 1214 958 1263 1873
990 1211 1042 1261 II,
1077 1214 1123 1251 71
1160 1210 1245 1264 al.].

286 1279 520 1321 Praeterea
553 1292 579 1320 a
621 1293 651 1320 s.
686 1279 742 1320 IV
773 1278 889 1320 haud
929 1279 1077 1333 pauci,
1117 1278 1394 1320 metricorum
1434 1279 1682 1333 praestigiis

174 1348 362 1402 decepti,
404 1347 647 1402 produxere
689 1346 904 1388 interdum
944 1347 1095 1389 breves
1125 1348 1167 1389 111
1201 1361 1432 1389 consonam
1465 1351 1681 1398 exeuntes,

172 1430 280 1470 quas
323 1420 577 1470 sequeretur
617 1420 666 1465 lt,
714 1419 762 1457 ut
803 1429 1008 1467 consona,
1041 1416 1216 1470 quidam
1247 1415 1417 1457 vocales
1461 1420 1683 1470 correptas

173 1484 428 1527 succedente
461 1499 526 1536 qu.
588 1485 708 1526 cuius
750 1484 890 1538 prima
927 1485 1225 1539 perversitatis
1257 1485 1453 1539 exempla
1482 1484 1684 1538 leguntur

173 1554 290 1608 apud
330 1552 573 1609 Porfyrium
615 1556 685 1604 20,
720 1556 773 1595 20
813 1560 984 1605 votaque
1023 1557 1100 1595 ‘iam
1140 1557 1311 1595 theatris
1323 1570 1336 1603 ;
1376 1557 1450 1605 21,
1486 1558 1503 1595 1
1542 1568 1684 1605 pauca

173 1626 332 1673 quidem
364 1625 494 1664 cecini
527 1627 621 1673 fors
656 1625 822 1673 frivola.
885 1625 946 1663 leis
980 1636 1136 1674 quoque
1172 1626 1347 1674 iungam.
1411 1636 1509 1664 nam
1540 1622 1684 1664 hiatus

172 1691 216 1732 in
240 1695 397 1742 frivola
429 1690 641 1732 admissus
670 1690 864 1732 declarat
895 1690 949 1732 ab
980 1704 1029 1732 eo
1065 1695 1090 1732 lt
1121 1705 1198 1745 pro
1223 1704 1410 1734 consona
1432 1691 1683 1733 adhibitam.

173 1759 322 1813 itaque
364 1759 535 1801 inversa
577 1759 821 1813 quantitate
865 1760 1140 1801 inveniuntur
1180 1759 1295 1814 apud
1340 1759 1595 1802 christianos
1637 1763 1685 1801 ut

174 1832 281 1883 puta
314 1828 444 1870 haec:
478 1832 614 1870 adhue
645 1829 843 1883 [Venant.
874 1828 920 1879 V,
956 1831 1018 1879 17,
1051 1842 1118 1882 pg.
1153 1829 1272 1883 20l],
1315 1831 1504 1870 inhabilis
1533 1829 1584 1883 [L
1619 1832 1684 1880 21,

174 1898 261 1951 86],
296 1900 528 1939 inhabitare
559 1897 745 1952 [Iuvenc.
777 1897 808 1948 I,
832 1900 935 1949 3363
969 1897 1144 1938 Venant.
1179 1897 1290 1948 VIII,
1315 1901 1350 1948 6,
1383 1897 1497 1952 268],
1528 1901 1686 1949 Ayatlie

175 1965 296 2020 [Ven.
329 1965 441 2016 VIII,
473 1969 509 2016 6,
534 1966 647 2020 267],
680 1969 902 2007 catholicus
934 1966 1014 2021 [ita
1044 1966 1199 2021 multi],
1230 1969 1480 2008 methodious
1511 1966 1684 2022 [Luxor.

176 2037 270 2086 313,
305 2034 369 2088 6],
411 2037 615 2085 sophisma
646 2034 770 2089 [Lux.
805 2038 899 2086 372,
932 2034 998 2089 3],
1035 2037 1267 2085 Stephanus
1297 2034 1519 2090 [Dracont.
1550 2034 1685 2076 satisf.

178 2106 279 2155 171;
321 2102 531 2157 Corippus
564 2102 647 2144 ioh.
681 2103 778 2154 VII,
821 2107 902 2145 435
943 2103 1006 2145 ed.
1038 2103 1250 2157 Petsch.],
1292 2107 1533 2155 alternaque
1572 2103 1685 2158 [Cor.

174 2171 258 2213 ioh.
282 2172 329 2223 V,
354 2174 405 2214 56
428 2171 512 2225 Ρ.],
547 2175 693 2223 Aquila
725 2172 863 2226 [Arat.
890 2185 927 2213 a.
951 2186 1018 2226 ap.
1051 2173 1103 2223 II,
1138 2171 1257 2226 511],
1291 2176 1489 2224 claraque
1520 2173 1687 2227 [Victor

176 2239 304 2281 aleth.
344 2240 424 2291 ΙΙΙ,
467 2240 590 2294 658],
627 2245 852 2292 fractaque
894 2240 1031 2295 [Paul.
1061 2240 1215 2282 Petric.
1250 2240 1322 2291 VI,
1357 2241 1451 2295 93],
1493 2244 1686 2292 iussaque

175 2308 307 2362 [auct.
338 2307 410 2350 lib.
439 2308 483 2349 in
513 2321 653 2361 genes.
688 2309 807 2363 549],
850 2313 1001 2360 loquax
1034 2309 1178 2364 [Mart.
1209 2309 1281 2360 IX,
1314 2312 1409 2360 997,
1442 2309 1506 2363 (3],
1538 2313 1686 2361 liteque

175 2375 356 2431 [Eugen.
397 2379 461 2427 18,
495 2376 556 2431 3],
586 2384 797 2428 menteque
828 2377 962 2432 [verb.
994 2377 1144 2419 Achill.
1176 2378 1217 2419 in
1254 2377 1396 2432 parth.
1430 2377 1522 2432 71],
1557 2391 1687 2429 neque

178 2445 299 2499 [Ven.
317 2444 348 2496 I,
374 2448 437 2496 19,
461 2448 504 2497 63
521 2444 585 2486 ed.
599 2444 668 2497 L.;
691 2445 805 2487 verb.
821 2445 924 2487 Ach.
946 2446 1029 2500 12],
1052 2450 1223 2497 nequire
1244 2447 1374 2501 [auct.
1391 2445 1462 2488 lib.
1480 2447 1524 2487 in
1546 2460 1685 2500 genes.

177 2514 295 2568 615],
329 2517 535 2565 piceaque
566 2513 746 2568 [Eugen.
781 2517 846 2565 30,
880 2515 969 2569 17],
998 2519 1203 2566 plenaque
1234 2515 1416 2570 [Paulin.
1438 2515 1591 2556 Petrio.
1614 2516 1685 2567 VI,

176 2582 291 2637 442]‚
324 2596 480 2634 quoque
512 2581 735 2637 [Dracont.
769 2586 806 2634 8,
841 2586 943 2636 6373
978 2587 1040 2635 10,
1073 2584 1186 2638 439]
1218 2587 1430 2636 sopitaque
1460 2584 1590 2639 [auct.
1612 2583 1684 2625 lib.

175 2650 219 2691 in
253 2663 393 2704 genes.
425 2650 538 2705 586]
598 2664 700 2693 sane
741 2651 867 2706 longe
907 2653 1095 2693 maxima
1134 2666 1235 2707 pars
1277 2654 1570 2707 exemplorum
1610 2666 1684 2707 ap-

175 2719 415 2773 positorum
460 2718 618 2761 accidit
655 2719 700 2761 in
740 2733 815 2770 que
853 2721 1081 2774 particula.
1141 2721 1288 2774 itaque
1319 2721 1463 2763 nescio
1495 2735 1551 2763 an
1578 2721 1686 2763 haec

176 2787 319 2841 potius
360 2788 580 2829 evenerint
618 2791 798 2842 propter
838 2803 1084 2842 perversam
1115 2790 1495 2844 grammaticorum
1527 2789 1685 2831 doctri—

177 2870 288 2905 nam,
321 2856 394 2909 qui
426 2860 525 2898 ante
557 2856 777 2898 encliticas
819 2872 908 2908 que,
941 2872 999 2907 ue,
1032 2873 1082 2899 ue
1115 2858 1352 2900 acuendam
1385 2859 1686 2902 existimarunt

177 2924 397 2979 syllabam.
472 2924 639 2967 dicetur
685 2925 737 2967 de
782 2925 848 2967 his
891 2926 916 2966 l.
957 2926 1035 2977 VI,
1081 2927 1154 2968 ubi
1202 2927 1331 2969 etiam
1376 2927 1598 2970 Prudentii
1643 2931 1686 2968 et
