1898 3292
674 264 792 289 LIBER
812 264 1021 289 SECVNDVS.
1528 256 1605 294 147

101 367 181 409 sibi
230 368 420 409 vindicat
465 367 722 409 libertatem.
794 367 1054 409 conferenda
1103 380 1213 420 quae
1259 367 1301 408 in
1347 367 1435 408 vita
1481 367 1607 408 Ennii

100 452 166 492 pg.
201 441 281 478 2¹24
319 436 435 478 dicta
467 450 663 489 quaeque
695 436 737 476 in
770 436 1077 477 commentario
1109 436 1308 477 editionis
1340 436 1394 476 ad
1429 436 1605 477 Satura-

100 521 192 547 rum
226 521 262 546 V.
287 509 337 547 53
372 505 604 558 adscripta.
657 518 707 545 ac
738 508 882 545 tamen
912 505 1165 558 plerumque
1199 504 1403 555 adducor,
1435 509 1482 545 ut
1515 519 1606 546 cor-

100 578 229 628 rupta
259 574 334 614 illa
366 574 617 615 existimem.
679 577 778 613 sunt
808 577 951 614 autem
989 587 1167 614 numero
1209 573 1310 623 tria,
1356 587 1406 614 ex
1451 573 1607 626 quihus

99 644 183 684 duo
225 643 499 683 inveniuntur
535 643 578 682 in
614 641 854 694 fragmento
901 641 1082 695 pessime
1131 644 1334 695 corrupto
1377 641 1607 696 Hedypha—

100 713 285 765 geticon,
319 711 432 764 quod
466 714 726 752 servatumst
757 710 955 764 Appuleii
986 710 1096 751 libro
1129 710 1180 751 de
1211 710 1354 763 magia
1386 710 1497 765 [cap.
1522 711 1606 765 39].

100 795 279 834 quorum
311 779 444 821 verba
475 779 672 821 feruntur
704 779 811 820 haec
839 780 936 834 [sat.
971 783 1041 830 533
1073 779 1165 833 59]:

144 860 381 905 Mytilenaest
409 860 585 903 (mitilene
612 863 665 893 est
692 859 791 901 libre)
818 862 951 903 pecten
979 858 1250 902 charadrusque
1277 858 1373 903 apud
1393 859 1606 893 Ambraciai

142 917 234 951 finis.

143 975 380 1016 melanurum,
407 973 554 1007 turdum
580 973 830 1016 merulamque
856 973 1093 1016 umbramque
1122 973 1309 1007 marinam.

101 1048 142 1085 et
172 1045 213 1084 in
244 1043 327 1084 hoc
358 1042 531 1096 quidem
568 1056 694 1083 versu
734 1042 1026 1096 reponendum
1071 1049 1150 1082 mm
1184 1046 1365 1090 turdum,
1397 1046 1605 1091 merulam,

98 1116 348 1154 melanurum
378 1126 417 1152 u.
441 1125 488 1152 m..
523 1111 705 1160 coniecit
736 1111 1016 1152 Schraderus.
1068 1111 1110 1151 in
1143 1110 1280 1151 altero
1311 1111 1605 1163 quaerendum

99 1195 153 1222 an
177 1183 395 1233 Mytilenae
427 1180 512 1221 alia
543 1179 682 1220 forma
713 1193 848 1232 eaque
880 1179 1053 1220 brevior
1085 1179 1277 1220 extiterit
1298 1179 1429 1220 veluti
1453 1193 1607 1232 graece

99 1250 256 1290 dicitur
286 1241 555 1305 μύτλοςᾪϊο
586 1252 764 1300 mytilus,
797 1252 972 1289 mutilus.
1034 1251 1171 1289 restat
1203 1248 1449 1298 Annalium,
1492 1248 1605 1301 quod

99 1317 279 1368 videtur,
311 1320 495 1358 metrum
526 1316 612 1357 tale
644 1317 787 1371 [267]:

374 1396 548 1441 capitibu'
575 1397 737 1430 nutantis
762 1397 867 1440 pinos
894 1400 1089 1440 rectosque
1117 1407 1321 1440 cupressos.

98 1466 141 1507 id
176 1480 201 1507 a
232 1466 369 1507 Gellio
402 1466 625 1519 Nonioque
658 1465 791 1520 [XIIL
828 1469 890 1515 21,
926 1469 997 1517 133
1034 1469 1125 1516 195,
1159 1466 1231 1519 22]
1274 1465 1450 1506 allatum
1490 1466 1608 1507 nulla

100 1535 188 1576 fere
220 1535 429 1575 varietate
460 1534 713 1588 scripturae,
745 1534 825 1575 nisi
853 1535 967 1587 quod
999 1535 1124 1575 huius
1153 1535 1195 1575 in
1226 1535 1348 1575 libris
1371 1538 1436 1575 est
1464 1542 1608 1576 nutan-

101 1606 222 1652 tibus,
263 1603 374 1644 sicut
413 1603 456 1643 111
489 1602 697 1643 Vossiano
738 1602 852 1643 illius
894 1617 919 1643 a
961 1617 1090 1644 manu
1135 1604 1285 1657 prima.
1347 1603 1432 1643 iam
1464 1607 1609 1644 utrum

99 1671 277 1713 sotadeo
309 1671 452 1724 potius
483 1684 661 1712 numero
696 1671 997 1712 contineantur
1024 1671 1158 1713 verba
1178 1672 1274 1722 ista,
1306 1672 1348 1712 id
1373 1672 1487 1725 quod
1509 1672 1608 1712 olim

101 1740 235 1781 visum
267 1739 404 1790 nobis,
438 1739 482 1780 in
512 1739 626 1780 hunc
654 1739 851 1780 modum:

374 1820 494 1863 capite
519 1818 681 1854 nutantis
707 1821 812 1863 pinos
838 1822 1034 1864 rectosque
1062 1822 1269 1864 cupressos,

101 1903 155 1930 an
187 1888 461 1930 scribendum
503 1889 558 1930 sit
599 1892 779 1930 nutantis
816 1893 980 1940 capitis,
1026 1903 1154 1942 quam
1186 1902 1323 1943 nuper
1354 1889 1609 1943 protulimus

102 1958 410 2008 coniecturam,
452 1971 505 1998 311
535 1971 614 2011 per
645 1971 859 2012 syncopen
893 1957 1157 1999 efferendum
1189 1961 1373 2009 captibus
1406 1971 1459 1998 an
1492 1957 1609 1998 deni-

101 2040 182 2079 que
218 2025 625 2080 proceleusmaticus
656 2026 919 2076 tolerandus,
960 2040 1089 2081 penes
1130 2026 1237 2067 alios
1279 2026 1361 2066 erit
1390 2026 1608 2069 iudicium.

101 2095 262 2135 erravit
291 2097 435 2135 autem
465 2094 509 2135 in
539 2094 605 2135 1113
637 2094 877 2135 tractandis
900 2094 1173 2145 Ritschelius,
1207 2094 1342 2147 quiin
1366 2094 1610 2135 trochaicos

101 2176 300 2204 numeros
341 2176 499 2216 eosque
541 2177 695 2217 parum
738 2163 955 2217 elegantes
1003 2163 1205 2204 distraxit
1251 2176 1301 2203 ea
1339 2163 1401 2204 ita
1447 2163 1610 2217 [opusc.

100 2231 169 2281 IV,
207 2231 323 2286 108]:

559 2288 740 2333 capitibus
766 2289 980 2323 nutantibus

373 2345 425 2379 ibi
454 2345 561 2389 pinos
589 2348 784 2389 rectosque
811 2357 1014 2389 cupressos,

102 2423 260 2465 oblitus
292 2438 317 2466 a
339 2424 477 2466 Gellio
507 2440 637 2466 unum
669 2425 753 2466 dici
784 2439 964 2467 versum.
1016 2438 1154 2478 neque
1186 2425 1318 2466 verba
1346 2424 1472 2466 huius
1501 2438 1611 2478 quae

103 2496 326 2535 secuntur:
368 2501 511 2535 contra
551 2508 645 2535 vero
686 2497 789 2535 idem
822 2497 979 2534 Ennius
1021 2497 1061 2534 in
1106 2497 1248 2534 annali
1294 2497 1611 2535 duodevicesimo

96 2558 212 2602 ‘aere
245 2559 385 2613 sulva’
435 2565 557 2611 dixit,
600 2576 679 2603 non
719 2559 868 2613 ‘fulvo’
913 2562 1224 2616 interpretatus
1263 2565 1327 2603 est
1360 2565 1496 2611 recte,
1537 2561 1611 2602 ubi

101 2628 207 2670 illud
239 2636 382 2671 contra
415 2643 500 2671 non
531 2630 586 2671 ad
620 2631 820 2671 carminis
862 2630 1155 2672 diversitatem
1193 2630 1399 2684 pertinet,
1442 2629 1516 2670 sed
1558 2629 1612 2669 ad

103 2698 281 2749 generis.

219 2766 417 2807 Ceterum
460 2779 720 2819 quamquam
762 2766 813 2807 de
858 2766 984 2807 Ennii
1028 2765 1268 2807 rationibus
1311 2778 1394 2806 non
1436 2778 1614 2818 prorsus

105 2837 285 2885 constat,
306 2848 390 2875 non
412 2838 557 2875 tamen
577 2834 752 2875 hercule
775 2834 992 2887 dignumst
1013 2834 1392 2888 grammaticorum
1415 2832 1613 2874 refellere

102 2900 303 2953 ludibria,
335 2903 407 2955 qui
430 2916 456 2943 a
478 2902 678 2955 Vergilio,
708 2906 756 2943 ut
778 2902 1009 2956 acephalos
1031 2915 1179 2943 versus
1202 2905 1245 2941 et
1266 2914 1450 2955 myuros,
1484 2901 1613 2941 etiam

103 2970 531 3022 proceleusmaticum
564 2970 716 3023 pedem
750 2971 815 3011 vel
845 2972 1169 3024 anapaesticum
1203 2969 1372 3010 admitti
1404 2982 1481 3022 pro
1515 2969 1614 3009 dac-—

1273 3036 1338 3071 10*
