1898 3292
209 204 261 241 88
813 210 932 234 LIBER
952 209 1107 235 Pvas.

208 313 446 366 vestigium.
527 312 600 353 sed
642 312 755 365 quod
798 311 913 365 apud
965 311 1042 352 hos
1092 310 1272 357 subinde
1324 315 1472 353 extant
1519 327 1716 353 versuum

210 396 385 435 genera,
431 395 540 434 quae
582 395 665 421 non
704 380 824 433 prius
867 379 982 433 apud
1015 379 1188 421 Latinos
1220 380 1510 431 inveniantur,
1548 381 1718 421 minime

209 450 291 491 hac
336 464 383 491 re
428 449 676 502 infringitur
717 448 991 489 observatum
1036 448 1164 489 istud.
1237 449 1393 489 etenim
1437 452 1485 490 ut
1524 449 1718 490 omittam

209 519 389 559 Laevios
432 521 474 558 et
514 518 731 559 Varrones
778 516 894 557 haud
936 515 1064 557 dubie
1105 530 1204 557 usos
1252 517 1399 558 metris
1449 517 1717 570 quibusdam,

211 600 394 640 quorum
422 600 535 627 nunc
565 586 734 639 quidem
769 585 897 626 tertio
930 584 1097 625 demum
1137 589 1346 638 quartove
1378 590 1474 639 post
1505 586 1719 627 Christum

210 659 358 696 natum
414 654 585 696 saeculo
637 654 914 708 reperiuntur
963 653 1181 707 exempla,
1240 658 1424 708 apparet
1473 654 1718 696 enchiridiis

211 723 515 778 grammaticis,
547 737 657 776 quae
690 726 851 772 extant,
882 721 1040 762 multas
1062 735 1337 763 numerorum
1361 723 1524 777 species
1548 723 1719 765 edoctos

209 793 253 833 in
276 792 432 834 scholis
453 805 622 846 pueros,
656 805 769 845 quae
802 793 877 832 aut
907 789 1024 831 nullo
1055 794 1130 831 aut
1156 792 1392 845 perexiguo
1425 792 1540 846 apud
1570 796 1720 845 poetas

211 864 377 902 veteres
420 861 602 902 fuissent
641 875 733 901 usu.
804 862 1034 913 praeterea
1082 859 1154 912 qui
1200 873 1277 913 per
1320 864 1488 901 tantum
1534 861 1718 914 spatium

213 930 419 983 temporis
466 929 651 983 primum
695 928 960 969 Graecorum
1006 927 1243 978 hominum,
1296 943 1394 969 mox
1440 943 1611 970 suorum
1655 930 1720 970 usi

214 1001 356 1039 essent
385 997 672 1047 institutione,
706 1011 777 1038 eos
808 995 1061 1037 abhorrebit
1093 1010 1118 1037 a
1148 996 1456 1050 probabilitate
1489 997 1720 1050 aliquando

211 1067 327 1120 ipsos
350 1080 459 1107 nova
489 1065 721 1119 protulisse
752 1065 921 1106 metra?
966 1078 1103 1118 neque
1137 1079 1236 1106 vero
1260 1066 1473 1119 Vergilius
1496 1066 1721 1108 Horatius-

215 1149 296 1188 que
344 1135 621 1176 metricorum
666 1133 802 1175 solum
844 1133 1103 1187 placitorum
1145 1133 1421 1176 similitudine
1464 1134 1640 1175 Homeri
1680 1139 1722 1176 et

214 1203 360 1244 Alcaei
403 1206 638 1244 noscuntur
675 1203 927 1243 imitatores.
990 1202 1239 1244 abstinuere
1270 1206 1414 1244 autem
1445 1203 1498 1244 ab
1532 1203 1720 1245 aemula-

212 1272 327 1313 tione
351 1271 617 1313 Graecorum
649 1271 854 1325 principis
888 1286 927 1324 p.
952 1271 1047 1313 Chr.
1070 1286 1108 1311 n.
1133 1272 1293 1312 saeculi
1324 1276 1478 1325 poetae
1510 1272 1722 1313 modestia

215 1340 514 1393 elegantiaque
545 1340 722 1393 ingenii,
761 1340 1037 1393 insequentes
1070 1341 1464 1394 antiquissimorum
1497 1345 1721 1382 auctorum

214 1409 467 1450 Latinorum
499 1408 658 1459 studio,
692 1408 759 1449 cui
792 1408 899 1450 adeo
932 1408 1064 1450 effuse
1096 1412 1467 1463 optemperarunt,
1505 1423 1557 1451 ne
1587 1424 1722 1464 popu-

210 1477 367 1518 larium
390 1476 563 1530 quidem
593 1477 728 1527 libris,
761 1480 859 1531 post
882 1478 1063 1530 Augusti
1092 1481 1274 1519 mortem
1305 1478 1378 1530 qui
1409 1479 1720 1531 provenissent,

213 1549 261 1587 ut
291 1546 377 1587 iam
406 1549 622 1587 vacarent.
675 1545 788 1587 idem
817 1545 1064 1587 ultimorum
1087 1546 1256 1600 imperii
1278 1547 1457 1587 Romani
1481 1550 1722 1601 temporum

215 1615 449 1668 scriptores
492 1628 632 1665 amor,
676 1617 903 1668 praeterea
947 1615 1150 1668 ingruens
1197 1615 1385 1668 undique
1428 1614 1653 1657 barbaries
1698 1632 1723 1658 a

212 1682 518 1738 pernoscendis
543 1683 720 1724 Graecis
742 1683 975 1737 prohibuit.
1014 1684 1161 1737 itaque
1185 1698 1279 1724 cum
1301 1684 1344 1724 in
1367 1697 1416 1724 eo
1439 1684 1724 1726 subsisterent

213 1767 238 1793 a
276 1751 438 1793 Tiberii
476 1755 669 1805 tempore
709 1755 931 1802 auctores,
972 1755 1021 1793 ut
1059 1753 1225 1806 paratis
1264 1753 1456 1806 priorum
1497 1757 1723 1795 uterentur

217 1820 368 1874 copiis,
411 1820 585 1873 dignum
630 1823 774 1861 tamen
817 1820 1024 1861 memoria
1054 1821 1187 1872 istud,
1231 1821 1344 1874 quod
1374 1821 1480 1862 miro
1514 1835 1724 1864 consensu

214 1889 389 1930 Aeolica
430 1903 631 1930 versuum
683 1892 918 1943 systemata
968 1889 1262 1943 repudiarunt.
1333 1890 1452 1930 cuius
1501 1891 1563 1932 rei
1614 1892 1722 1932 anti-

215 1958 466 2011 quissimum
510 1957 751 2011 exemplum
791 1957 974 2011 praebet
1013 1958 1187 1999 Seneca.
1251 1959 1323 2011 qui
1364 1972 1458 1999 cun]
1498 1959 1541 1999 in
1570 1959 1724 2001 Medea

214 2026 479 2081 [579—606]
512 2026 670 2080 septies
702 2026 916 2079 posuisset
947 2026 1168 2080 stropham
1200 2026 1463 2080 sapphicam,
1497 2028 1635 2081 qualis
1660 2032 1725 2070 est

215 2094 330 2148 apud
362 2094 608 2145 Horatium,
644 2094 773 2135 toties
807 2095 1071 2136 continuavit
1102 2095 1281 2136 alteram
1317 2096 1603 2151 [607—669],
1639 2111 1724 2150 qua

214 2176 363 2208 versus
414 2162 592 2204 adonios
644 2163 834 2216 singulos
886 2163 1087 2204 subnexit
1136 2163 1301 2204 octonis
1351 2164 1723 2219 hendecasyllabis

218 2231 447 2284 sapphicis.
522 2231 636 2272 idem
685 2231 939 2284 plerumque
995 2232 1173 2285 singulis
1227 2233 1420 2274 versibus
1472 2233 1723 2276 Horatianis

214 2299 346 2340 veluti
378 2299 586 2353 sapphico
619 2300 707 2341 sive
740 2300 1012 2354 asclepiadeo
1050 2315 1152 2342 usus
1189 2304 1254 2342 est
1284 2301 1339 2342 ad
1367 2301 1557 2343 taedium
1588 2317 1723 2356 usque

215 2368 411 2421 repetitis
455 2371 497 2410 et
541 2368 725 2409 exclusis
769 2369 1078 2422 supplementis
1120 2369 1274 2410 horum
1320 2370 1520 2424 legitimis
1568 2371 1722 2413 adonio

214 2440 346 2489 atque
388 2436 604 2491 glyconeo.
673 2440 802 2489 atque
844 2437 1034 2478 eiusdem
1082 2439 1380 2491 perversitatis
1427 2440 1562 2480 multa
1608 2440 1723 2493 apud

216 2504 473 2546 christianos
514 2508 666 2558 poetas
701 2505 974 2547 inveniuntur
1012 2506 1218 2560 exempla.
1281 2507 1383 2560 quid
1416 2507 1530 2561 quod
1568 2509 1723 2549 veteris

215 2573 322 2614 artis
353 2572 461 2614 adeo
493 2587 569 2614 seu
608 2587 693 2614 non
730 2574 853 2626 gnari
892 2574 1012 2616 suere
1055 2575 1141 2615 sive
1183 2575 1406 2627 incuriosi,
1448 2580 1497 2617 ut
1536 2590 1588 2617 ne
1632 2580 1723 2617 tum

216 2641 388 2694 quidem
411 2642 582 2683 Horatii
612 2642 836 2696 placerent
864 2643 967 2696 ipsis
1000 2646 1246 2697 systemata,
1281 2658 1375 2685 cum
1405 2658 1552 2686 versus
1576 2659 1722 2686 eorum

216 2710 378 2761 eodem,
410 2724 493 2764 quo
516 2709 599 2762 ille,
622 2711 791 2764 iugatos
815 2711 1071 2752 adhiberent
1092 2711 1251 2753 ordine.
1306 2712 1422 2753 velut
1444 2726 1468 2753 a
1490 2713 1722 2754 Prudentio

216 2778 307 2832 peri
338 2779 579 2832 stephanon
611 2793 644 2820 c.
680 2783 729 2819 12
763 2782 805 2820 et
837 2779 1004 2833 epilogo
1037 2780 1293 2833 scriptorum
1329 2781 1478 2822 eadem
1511 2785 1722 2835 usurpata

216 2849 371 2898 metra,
415 2861 525 2900 quae
569 2846 623 2888 ab
664 2847 738 2888 illo
778 2848 814 2896 Ι,
845 2852 892 2899 4;
928 2848 984 2898 II,
1019 2852 1086 2898 18,
1129 2849 1203 2889 sed
1250 2863 1323 2902 per
1361 2849 1555 2890 disticha.
1621 2863 1722 2890 sane

215 2928 342 2956 verae
377 2915 548 2957 Horatii
587 2919 821 2957 metrorum
865 2916 1053 2958 rationes
1090 2920 1137 2957 ut
1177 2918 1314 2970 primo
1352 2921 1621 2970 contemptu,
1660 2918 1722 2958 ita
