1898 3292
283 211 364 250 614
950 220 1076 244 INDEX
1096 220 1119 245 1.

399 322 608 376 Syuizesis
633 326 726 371 546,
751 326 772 361 7
797 322 1052 375 (111111131-υ313
1077 326 1189 374 546).
1224 321 1343 363 elisio
1368 326 1562 364 547—-49
1586 323 1791 376 (Phaedri

284 396 383 443 547,
422 393 478 445 ὅ).
540 391 684 432 hiatus
732 394 824 432 549.
887 390 1046 432 vocalis
1093 391 1234 432 brevis
1281 405 1380 432 num
1426 390 1682 433 admittatur
1727 405 1791 433 se-

283 459 514 515 quentibus
556 459 598 501 in
645 459 785 501 medio
827 460 958 501 verbo
1002 460 1199 501 consonis
1244 459 1374 510 binis,
1422 473 1532 513 quae
1578 473 1662 501 non
1707 460 1793 501 sint

282 533 402 571 muta
443 539 539 570 cum
580 528 746 582 liquida
789 532 883 579 549,
917 532 982 571 50.
1042 528 1202 570 vocalis
1242 528 1384 570 brevis
1428 531 1632 581 sequente
1673 531 1793 570 muta

283 612 378 640 cum
429 597 594 651 liquida
643 599 817 651 praeter
866 610 922 650 gn
974 600 1190 638 550—52
1244 597 1526 651 (tragicorum
1577 600 1619 638 et
1665 597 1793 638 comi-

282 681 428 708 corum
458 665 703 719 fragmenta
744 668 842 707 ante
885 665 948 707 ed.
979 666 1168 719 priorem
1205 665 1332 707 huius
1372 665 1472 707 libri
1513 665 1659 719 ignota
1699 669 1792 716 550,

284 736 366 790 51).
410 735 553 776 brevis
584 734 627 775 in
658 734 741 775 fine
772 734 916 788 posita
946 734 1225 788 sequentibus
1256 734 1426 776 duabus
1449 734 1659 785 consonis,
1683 748 1792 787 quae

282 818 365 845 non
388 805 472 845 sint
501 806 621 844 muta
654 816 749 844 cum
770 802 935 856 liquida
968 807 1060 845 552.
1112 803 1338 857 productio
1360 802 1552 844 finalium
1575 802 1662 844 sive
1684 803 1794 844 arsis

282 887 356 914 seu
400 886 605 913 caesurae
647 872 685 912 vi
727 871 793 913 vel
832 876 1037 925 sequente
1079 872 1248 913 nomine
1289 872 1464 926 proprio
1507 871 1594 912 sive
1627 871 1793 912 Graeco

283 941 435 983 effecta
466 940 583 982 nulla
617 944 710 990 552,
747 944 782 981 3.

1012 1078 1061 1119 X.

774 1159 816 1207 O
825 1159 913 1207 PV
922 1158 955 1207 S
965 1159 1141 1208 CVLV
1150 1160 1199 1206 M
1237 1160 1302 1207 Π.

717 1259 791 1297 DE
822 1258 1000 1297 PoESl
1033 1258 1361 1297 RYTHMIGA.

939 1333 1142 1371 554-559.

398 1410 701 1452 Prohoemium
722 1414 814 1452 554.
864 1410 982 1463 origo
1005 1410 1147 1463 poesis
1180 1409 1419 1463 rythmicae
1451 1409 1631 1450 Latinae
1664 1413 1795 1463 atque

283 1481 478 1522 Graecae
523 1482 733 1521 554—56.
793 1479 984 1520 rat-iones
1028 1479 1229 1520 carminis
1271 1478 1469 1533 rythmici
1511 1478 1566 1519 ad
1605 1478 1795 1520 rationes

282 1553 521 1603 poetarum,
552 1548 625 1602 qui
657 1548 913 1602 quantitatis
934 1547 1050 1601 leges
1073 1547 1421 1598 observaverunt,
1445 1547 1796 1589 accommodatae

284 1622 378 1660 557.
424 1617 542 1671 leges
573 1617 840 1672 rythmorum
875 1620 1069 1659 557——59
1104 1616 1431 1670 (dactylicorum
1465 1620 1559 1667 557,
1591 1620 1628 1658 8.
1690 1616 1795 1657 iam-

283 1687 475 1728 bicorum
528 1700 579 1726 ac
630 1685 950 1727 trochaicorum
1005 1689 1097 1727 558.
1175 1684 1294 1726 elisio
1338 1698 1388 1725 ac
1436 1684 1635 1739 synizesis
1683 1685 1795 1739 559).

281 1754 447 1797 utilitas
479 1754 716 1796 carminum
747 1754 1055 1808 rythmicorum
1089 1757 1181 1795 559.

1003 1902 1074 1944 XI.

766 1983 938 2033 OPVS
949 1983 1184 2033 GVLVM
1221 1984 1322 2031 ΙΙΙ.

570 2085 639 2123 DE
670 2083 894 2123 LITTERIS
926 2084 988 2122 AC
1019 2084 1236 2123 VOCIBVS
1268 2084 1521 2123 VERSVVM.

942 2160 1145 2196 560—575.

353 2274 356 2277 .
399 2235 702 2277 Prohoemium
726 2239 819 2278 560.
866 2235 998 2276 verba
1020 2234 1121 2276 solis
1150 2235 1348 2276 consonis
1381 2235 1625 2276 constantia
1656 2235 1797 2277 aliena

285 2320 311 2347 a
333 2305 556 2360 dactylicis
580 2308 671 2347 560.
716 2304 888 2346 litterae
910 2305 953 2345 in
985 2304 1135 2345 eodem
1157 2304 1223 2345 vel
1255 2318 1382 2345 versu
1414 2304 1480 2345 vel
1511 2303 1641 2345 verbo
1673 2304 1797 2345 nimis

286 2388 415 2428 saepe
461 2377 734 2416 recurrentes
782 2376 990 2415 560—62.
1061 2372 1252 2427 syllabae
1294 2373 1360 2414 vel
1400 2386 1525 2414 voces
1571 2373 1797 2426 contiguae

287 2442 423 2485 simile
466 2442 533 2484 vel
566 2442 679 2484 idem
721 2445 922 2484 sonantes
968 2444 1061 2492 562,
1096 2445 1129 2482 3.
1193 2441 1445 2482 allitteratio
1479 2445 1521 2482 et
1551 2441 1797 2483 homoeote-

284 2511 431 2553 leuton
476 2515 577 2562 563,
618 2515 654 2552 4.
717 2510 969 2551 allitteratio
1015 2513 1095 2552 564
1120 2513 1209 2551 367
1251 2511 1370 2563 (113113
1406 2509 1669 2551 Graecorum
1704 2512 1795 2551 564.

285 2594 388 2621 usus
430 2580 681 2621 Latinorum
722 2579 1117 2632 antiquissimorum
1159 2582 1264 2629 564,
1306 2583 1341 2621 5.
1416 2578 1571 2620 Catulli
1615 2582 1657 2620 et
1686 2579 1796 2620 inse-

286 2649 520 2702 quentium,
553 2649 626 2702 qui
649 2648 704 2689 ad
726 2648 810 2689 tria
832 2648 1102 2702 potissimum
1125 2662 1284 2701 genera
1305 2651 1564 2689 revocarunt
1587 2651 1795 2690 565-—267

286 2717 463 2771 Vergilii
508 2721 550 2758 et
582 2717 751 2758 Horatii
781 2716 943 2770 placita
976 2720 1076 2767 566,
1120 2721 1154 2757 7.
1217 2716 1468 2767 Quintiliani
1499 2719 1541 2757 et
1576 2716 1711 2757 Servii
1744 2715 1795 2756 de

287 2784 603 2844 ὀνοματοποιίᾳ
638 2789 680 2827 et
711 2785 1020 2826 allitteratione
1052 2785 1212 2826 iudicia
1250 2786 1361 2838 567).
1422 2784 1796 2825 homoeoteleuton

289 2857 483 2896 567-73
528 2854 647 2907 (usus
692 2853 957 2894 Graecorum
1002 2857 1044 2894 et
1088 2853 1338 2895 Latinorum
1385 2857 1488 2904 567,
1530 2856 1566 2894 8.
1640 2851 1795 2906 quibus

287 2937 434 2965 versus
465 2923 663 2978 partibus
697 2922 923 2964 conveniat
952 2923 1136 2964 maxime
1159 2926 1253 2973 568,
1286 2926 1323 2964 9.
1369 2921 1632 2975 singularum
1664 2921 1794 2975 potis-
