1898 3292
711 215 829 240 mez
847 214 1022 240 TERTws.
1538 205 1559 241 2
1568 205 1589 241 7
1599 206 1614 242 1

230 318 461 360 Praeterea
500 319 540 358 in
587 317 727 358 medio
773 319 1043 370 pentametro
1089 329 1166 369 pro
1214 315 1376 356 relicua
1419 316 1619 356 carminis

115 388 344 428 severitate
393 401 445 428 ne
494 385 782 439 inaequalitas
833 398 1109 426 numerorum
1160 388 1202 425 et
1247 398 1445 426 sensuum
1489 385 1620 424 nimia

116 459 324 506 oreretur,
356 456 481 496 anxie
512 458 717 495 caverunt
746 453 1062 494 versificatores
1093 452 1159 493 vel
1190 452 1438 493 mediocres.
1488 453 1620 505 igitur

114 537 252 576 neque
283 524 579 565 coniunctione
613 521 857 576 copulativa
888 535 962 562 seu
995 520 1253 561 disiunctiva
1284 520 1371 561 sive
1400 522 1620 574 praeposi-

113 592 229 633 tione
260 592 433 633 tertiam
465 592 581 632 arsin
615 594 811 632 constare
851 594 949 631 sunt
990 590 1127 643 passi,
1169 597 1307 642 neque
1349 590 1484 641 magis
1524 593 1620 643 post

114 660 406 713 insequentem
442 659 647 714 syllabam
679 659 766 700 sive
788 658 1118 712 praecedentem
1141 658 1367 698 voluerunt
1388 657 1621 698 subsistere

116 729 365 770 orationem.
426 741 687 781 quamquam
720 727 930 768 Catullum
966 730 1008 767 et
1037 726 1342 780 pubescentem
1376 730 1510 766 artem
1537 740 1621 766 non

115 810 270 847 moror,
303 798 423 838 cuius
455 800 554 837 sunt
585 797 692 837 haec
724 797 809 851 [δᾷ
843 798 917 846 82;
951 798 1015 845 73,
1048 798 1092 846 6;
1124 797 1190 843 87,
1222 798 1267 846 43
1307 798 1398 845 111,
1433 795 1498 848 2]:

277 899 384 931 quam
407 888 555 921 veniens
583 899 653 920 una
679 889 788 930 atque
815 885 929 919 altera
955 897 1079 919 rursus
1103 885 1229 919 hiems.

277 955 383 988 quam
412 944 522 978 modo
546 944 606 987 qui
632 955 689 978 me
715 954 827 976 unum
854 946 962 986 atque
989 943 1138 976 unicum
1163 942 1320 975 amicum
1346 941 1484 986 habuit.

277 1004 412 1045 quanta
435 1001 469 1034 in
497 1013 619 1035 amore
648 1004 711 1035 tuo
744 1012 787 1034 ex
813 1003 917 1045 parte
946 1002 1093 1044 reperta
1116 1002 1243 1033 meast.

278 1061 477 1102 nuptarum
498 1058 576 1092 laus
603 1070 620 1092 e
646 1058 814 1092 laudibus
841 1057 994 1092 eximiis.

116 1154 263 1182 verum
306 1138 463 1180 similia
502 1138 699 1192 exempla
735 1139 805 1179 vix
847 1137 961 1191 apud
1004 1137 1260 1179 deterrimos
1293 1135 1624 1177 christianorum

116 1208 339 1250 inveneris.
404 1220 502 1248 nam
532 1220 611 1248 nec
641 1207 855 1248 Lactantii
897 1207 941 1247 in
971 1205 1159 1247 carmine
1193 1204 1243 1246 de
1276 1204 1487 1245 Phoenice
1517 1204 1626 1245 bene

117 1277 249 1318 habet
287 1275 401 1329 quod
446 1275 581 1316 edidit
611 1274 822 1316 Martinus
859 1274 951 1329 [62]
995 1273 1225 1315 ‘adsuetum
1259 1287 1397 1314 aeneus
1428 1281 1465 1313 et
1510 1277 1627 1314 dulce

118 1348 247 1387 cubile
276 1340 427 1396 βαθεῖ’.

231 1415 287 1454 At
315 1412 490 1454 heroico
518 1412 561 1453 in
592 1425 720 1454 versu
751 1412 876 1465 longe
908 1411 1035 1453 aliter
1064 1410 1198 1452 habet
1228 1424 1308 1452 res.
1360 1423 1459 1451 nam
1490 1411 1625 1452 secuti

117 1483 312 1537 plerique
334 1480 584 1535 Vergilium,
617 1481 684 1522 cui
714 1481 964 1534 praeierant
992 1479 1099 1521 illud
1132 1479 1294 1521 Ennius
1324 1483 1366 1520 et
1388 1479 1625 1529 Lucretius,

116 1552 228 1593 hanc
248 1554 426 1592 tenuere
454 1563 659 1601 normam,
695 1553 742 1590 ut
768 1550 811 1590 in
842 1550 972 1590 tertia
993 1549 1079 1590 arsi
1101 1548 1417 1603 monosyllabas
1440 1551 1483 1589 et
1503 1561 1626 1601 prae-

103 1620 351 1676 -positiones
383 1622 425 1660 et
455 1618 775 1660 coniunctiones
805 1621 1060 1670 paterentur
1087 1617 1334 1659 subsistere.
1386 1616 1506 1657 cuius
1537 1620 1623 1656 tam

117 1687 363 1742 frequentia
383 1701 486 1728 usus
509 1690 658 1728 extant
686 1686 894 1740 exempla,
927 1690 975 1727 ut
1006 1685 1176 1727 adferre
1205 1686 1363 1739 pigeat.
1413 1685 1494 1726 nisi
1515 1684 1626 1725 forte

117 1756 223 1798 illud
254 1756 484 1806 obicietur,
525 1755 775 1796 condicione
818 1755 895 1796 tali
936 1755 1195 1808 ubicumque
1225 1755 1354 1796 etiam
1385 1753 1627 1794 inveniatur

117 1826 161 1867 in
195 1828 353 1878 quarta
385 1824 471 1866 arsi
500 1824 668 1865 finitum
698 1823 889 1874 verbum,
920 1823 1309 1877 hephthemimerin
1341 1822 1485 1877 potius
1517 1822 1626 1875 opti-

117 1907 230 1935 nere.
290 1893 373 1934 hoc
404 1897 548 1934 tamen
579 1906 631 1934 ne
663 1892 907 1946 probemus,
939 1896 981 1933 et
1013 1891 1183 1933 Horatii
1216 1891 1422 1944 exemplis
1455 1890 1626 1931 cohibe-

117 1977 236 2014 mur,
284 1962 357 2015 qui
396 1961 603 2015 pleraque
648 1961 849 2002 licentiae
890 1960 1004 2002 illius
1050 1960 1094 2001 in
1136 1959 1387 2001 melicorum
1428 1972 1625 2000 versuum

118 2044 299 2073 caesura
329 2033 405 2071 aut
434 2028 509 2070 fini
539 2029 713 2071 admisit
744 2029 910 2080 similia,
942 2043 1020 2070 nec
1051 2028 1190 2069 minus
1220 2028 1411 2081 ipsorum
1442 2027 1625 2077 illorum,

116 2099 229 2141 unde
262 2098 398 2140 oritur
430 2097 680 2152 disputatio,
715 2097 873 2151 quippe
906 2097 978 2150 qui
1009 2096 1264 2151 plerumque
1296 2096 1452 2137 tertiae
1475 2096 1561 2137 arsi
1583 2095 1625 2136 in

115 2168 278 2218 metris,
307 2180 418 2220 quae
449 2180 501 2207 ne
532 2169 714 2220 possunt
746 2165 919 2219 quidem
951 2166 1080 2207 aliam
1113 2178 1241 2218 quam
1273 2164 1624 2217 semiquinariam

114 2236 276 2277 habere
325 2235 594 2285 incisionem,
645 2234 758 2276 idem
800 2233 1079 2275 adhibuerint
1122 2233 1424 2286 inelegantiae.
1486 2232 1625 2273 cuius-

116 2304 232 2346 modi
264 2303 460 2357 exempla
490 2303 544 2344 ab
576 2303 689 2344 omni
722 2302 987 2344 obscuritate
1027 2301 1168 2343 aliena
1197 2301 1333 2343 habes
1364 2301 1406 2341 in
1438 2299 1625 2342 secundo

117 2372 428 2426 Georgicorum
469 2371 530 2412 XI
567 2372 664 2426 [693
699 2374 801 2422 1493
839 2374 938 2423 1803
975 2374 1078 2422 1963
1111 2373 1215 2422 2233
1250 2373 1354 2421 3243
1388 2372 1489 2420 3483
1522 2371 1625 2419 3513

117 2443 221 2492 4023
255 2443 357 2493 5063
390 2439 508 2495 517],
538 2439 581 2480 in
611 2440 749 2493 primo
781 2439 1048 2493 septimoque
1081 2437 1283 2480 aeneidos
1315 2437 1417 2478 XIII
1448 2437 1497 2491 [1,
1522 2439 1624 2486 3293

117 2512 222 2561 4143
263 2512 367 2560 4383
409 2510 511 2560 5423
554 2510 655 2559 6623
703 2507 798 2558 VII,
835 2511 935 2559 1193
970 2510 1070 2558 1623
1103 2509 1206 2557 4233
1237 2509 1340 2557 4493
1374 2508 1476 2556 5153
1520 2507 1624 2555 7513

119 2581 222 2629 7643
255 2577 369 2631 804]
429 2579 659 2630 praeterea
701 2575 802 2628 quid
841 2575 1049 2616 faciemus
1095 2574 1155 2616 eis
1192 2573 1404 2624 versibus,
1445 2573 1488 2613 in
1532 2573 1623 2625 qui-

117 2645 197 2686 bus
237 2648 395 2698 quarta
435 2645 522 2685 arsi
559 2643 790 2685 terminata
820 2657 900 2684 vox
945 2647 1020 2684 aut
1058 2656 1333 2684 numerorum
1373 2641 1535 2682 habeat
1561 2641 1623 2680 in-

116 2713 384 2754 commodum
423 2711 664 2753 rationibus
704 2711 855 2765 logicis
894 2712 1019 2764 longe
1060 2711 1201 2765 potius
1246 2713 1322 2751 aut
1362 2709 1492 2750 etiam
1524 2721 1623 2749 con-

117 2785 201 2823 stet
229 2780 550 2835 praepositione
582 2780 669 2820 sive
705 2780 1003 2821 coniunctione
1017 2782 1035 2819 ἱ)
1078 2778 1227 2832 quales
1258 2777 1394 2818 habes
1424 2776 1528 2817 hos:

324 2871 488 2906 molirive
513 2881 653 2904 moram
677 2873 740 2904 aut
764 2870 901 2904 orando
926 2869 1116 2904 inflectere
1141 2872 1294 2903 mentes.

322 2929 437 2963 maior
465 2929 542 2973 agit
565 2928 654 2962 deus
681 2931 789 2971 atque
816 2939 927 2971 opera
954 2927 998 2960 ad
1024 2927 1162 2960 maiora
1188 2925 1351 2959 remittit.
