1898 3292
782 223 901 248 LIBER
923 223 1111 255 QVARTVS.
1618 213 1697 254 349

192 327 344 368 deinde
375 326 488 368 idem
520 329 718 368 auctores
739 325 992 379 plerumque
1014 326 1251 367 timuerunt
1272 325 1556 379 pyrrichiaca,
1588 339 1698 379 quae

191 396 234 436 in
266 410 291 437 a
321 395 494 437 brevem
526 399 702 446 exeunt,
736 398 889 436 acutae
921 393 1113 448 syllabae
1145 393 1347 448 copulare
1379 397 1552 447 praeter
1583 395 1699 435 arsin

191 464 422 505 secundam
449 463 516 505 vel
546 462 721 504 vocibus
759 462 1078 503 infiexibilibus.
1138 462 1224 503 iam
1266 461 1480 515 dactylica
1520 466 1562 503 et
1601 477 1698 516 pyr-

191 532 382 573 richiaca
411 532 454 572 in
486 546 507 572 0
539 531 764 582 exeuntia,
809 544 919 584 quae
953 530 1008 571 ab
1040 531 1223 584 Augusti
1255 533 1399 571 aetate
1430 530 1698 584 potissimum

192 604 495 654 provenerunt,
528 599 670 641 varias
703 599 756 640 ob
790 613 942 640 causas
975 599 1103 640 etiam
1125 598 1278 640 haberi
1300 599 1488 640 severius
1511 602 1700 639 verumst

190 672 364 723 praeter
405 667 481 709 illa
520 668 759 721 antiquitus
797 670 996 721 correpta
1038 671 1079 708 et
1118 667 1303 721 plurimo
1345 681 1425 707 usu
1461 667 1567 708 trita
1607 671 1698 711 cito.

190 742 322 787 modo,
358 741 454 786 duo,
493 751 579 789 eqo.
651 736 725 778 sed
765 750 849 778 non
890 736 1034 790 placet
1070 735 1367 789 multiplicatis
1411 735 1616 788 exemplis
1658 739 1700 776 et

190 806 322 847 nimia
359 805 582 858 diligentia
622 805 965 858 intercipientem
1007 805 1130 857 quasi
1172 805 1215 845 in
1256 804 1385 857 spicis
1427 807 1699 857 posterorum

191 874 335 915 studia
385 874 565 915 metrica
616 874 952 927 ingratissimum
1000 872 1316 926 philologorum
1368 886 1500 925 genus
1552 872 1698 913 iuvare

192 943 304 984 curis
336 942 488 983 nimiis.
551 942 652 995 quin
694 942 837 995 potius
876 955 955 995 pro
994 954 1038 982 se
1069 941 1250 994 quisque
1281 940 1467 994 propriis
1499 940 1700 993 anquiret

191 1011 317 1062 curis,
350 1014 562 1064 quatenus
593 1009 709 1064 leges
740 1009 851 1059 illae,
884 1024 992 1063 quas
1022 1009 1207 1063 plurimo
1239 1023 1319 1050 usu
1352 1009 1586 1050 carminum
1619 1009 1700 1049 La·

189 1080 376 1121 tinorum
408 1078 562 1120 imbuti
592 1078 852 1129 invenimus,
895 1078 950 1119 ad
989 1077 1178 1131 singulos
1210 1081 1408 1118 auctores
1440 1077 1698 1131 pertineant.

189 1147 346 1189 addam
377 1151 523 1189 tamen
545 1147 715 1188 omnino
738 1147 895 1188 vitasse
928 1146 1147 1188 elisionem
1178 1145 1521 1199 qualemcunque
1552 1145 1698 1200 dacty-

188 1216 367 1258 licorum
399 1219 442 1257 et
471 1214 840 1270 pyrrichiacorum
872 1215 914 1256 in
945 1230 993 1264 m,
1028 1229 1064 1263 a,
1099 1229 1119 1255 ο
1151 1214 1396 1256 exeuntium
1431 1213 1504 1267 qui
1536 1214 1697 1255 Nucem

190 1288 233 1326 et
271 1284 540 1339 pervigilium
573 1283 750 1325 Veneris
783 1284 1012 1338 scripsere,
1052 1286 1280 1337 praeterea
1312 1282 1572 1333 Palladium,
1605 1282 1698 1323 Cal-

188 1353 414 1407 purnium,
463 1352 734 1394 laudatorem
787 1351 976 1403 Pisonis,
1025 1351 1351 1402 Nemesianum,
1403 1350 1697 1402 Tiberianum,

187 1421 428 1473 Boethium,
457 1422 709 1476 Eugenium.

300 1490 494 1544 Denique
533 1491 577 1532 in
617 1490 935 1532 trochaicorum
976 1489 1205 1530 verborum
1243 1488 1344 1539 fine,
1385 1488 1473 1530 sive
1515 1488 1698 1542 simplici

188 1558 325 1600 vocali
356 1559 444 1601 sive
477 1559 646 1601 adiecta
676 1574 725 1608 m,
756 1558 906 1600 eadem
937 1557 1202 1612 plerumque,
1235 1570 1345 1610 quae
1376 1557 1420 1597 in
1442 1556 1698 1610 spondiacis,

188 1627 462 1669 observantia
492 1628 669 1682 optinet,
701 1627 775 1669 sed
806 1640 890 1668 non
923 1626 1072 1668 eadem
1103 1625 1277 1667 firmata
1308 1626 1549 1667 severitate.

303 1696 369 1737 At
409 1695 648 1738 alterum
696 1710 871 1750 genus
915 1695 1179 1737 elisionis
1222 1694 1402 1748 legum
1447 1693 1633 1735 oritur
1673 1707 1699 1735 a

189 1763 434 1806 diversis
472 1764 731 1818 partibus
772 1768 1088 1814 metrorum,
1127 1776 1283 1817 quae,
1327 1776 1419 1804 seu
1457 1761 1695 1804 liberius

187 1831 462 1874 habentur
499 1833 613 1875 sive
660 1833 1028 1883 adstrictius,
1085 1832 1261 1885 magis
1306 1831 1555 1872 minusve
1602 1833 1696 1872 ad-

187 1901 414 1943 mittunt
450 1901 615 1944 illam.
677 1917 794 1944 nam
827 1916 887 1944 ea
921 1915 1032 1943 cum
1066 1899 1212 1942 haud
1243 1899 1409 1941 dubie
1442 1899 1695 1954 rythmus

186 1969 650 2024 interrumpatur,
696 1985 755 2012 eo
802 1970 979 2011 minus
1025 1972 1265 2024 apparet
1305 1967 1693 2018 adhibendam,

187 2037 514 2092 ubicumque
544 2039 758 2081 mollem
789 2038 942 2080 illum
983 2052 1078 2079 nec
1113 2037 1433 2091 impeditum
1473 2040 1695 2090 oportet

186 2106 375 2150 fluere.

300 2175 496 2229 Itaque
524 2180 581 2217 ut
611 2175 868 2218 convenit
897 2175 995 2226 eis,
1036 2188 1172 2228 quae
1215 2173 1453 2216 secundo
1494 2173 1695 2215 tertio-

186 2257 285 2297 que
325 2244 470 2286 libro
510 2244 735 2295 rettuli,
782 2244 942 2285 locus
983 2243 1094 2285 erit
1135 2242 1480 2284 elisionibus
1521 2242 1695 2295 magis

186 2312 335 2354 circa
367 2312 648 2367 principia
680 2312 892 2354 ordinis
924 2312 1142 2353 metrici
1176 2325 1330 2365 quam
1364 2312 1512 2352 circa
1541 2309 1694 2351 fines.

300 2381 446 2423 Haec
476 2385 654 2422 tamen
685 2382 770 2422 lex
802 2384 859 2422 ut
889 2384 1041 2422 recte
1081 2380 1454 2434 percipiatur,
1493 2378 1694 2432 duplex

185 2449 513 2491 subicienda
545 2449 917 2490 observantia.

300 2517 532 2559 Primum
573 2518 728 2568 enim,
772 2531 1094 2570 quamquam
1134 2515 1301 2558 initia
1342 2529 1593 2557 versuum
1635 2528 1694 2556 ac

183 2599 528 2627 numerorum
560 2585 789 2627 maxima
820 2586 931 2627 frui
960 2585 1196 2626 licentia
1224 2586 1484 2634 verumst,
1515 2586 1693 2624 tamen

184 2654 235 2694 in
276 2654 450 2707 prima
490 2654 718 2695 omnium
760 2653 984 2708 syllaba
1028 2653 1268 2694 elisione
1315 2652 1560 2693 admissa
1602 2650 1692 2691 ob-

185 2721 403 2763 scurari
435 2721 677 2775 rythmos
708 2721 1078 2775 simplicitate
1107 2720 1392 2762 iudicandi
1424 2723 1475 2760 et
1505 2722 1692 2772 poeta—

184 2803 296 2830 rum
329 2802 598 2831 consensu
628 2793 860 2831 vetatur.
920 2803 1084 2842 porro
1128 2803 1241 2831 cum
1280 2802 1374 2842 per
1406 2787 1691 2829 elisionem

184 2857 375 2910 iugata
406 2857 804 2911 quadamtenus
833 2857 1173 2909 coalescant,
1214 2870 1315 2898 non
1357 2856 1464 2898 erit
1503 2856 1691 2897 mirum

184 2939 295 2966 cam
339 2925 591 2966 adhiberi
634 2925 965 2979 plerumque
1009 2940 1033 2966 a
1075 2926 1262 2979 poetis
1312 2924 1692 2966 liberioribus
