1898 3292
217 115 294 154 144
793 124 911 149 LIBER
930 124 1140 149 sacvnovs.

212 241 295 280 quo
341 240 536 280 quaeque
581 230 694 268 esset
734 227 945 282 dactylico
988 241 1165 268 numero
1208 226 1588 277 accommodatior,
1637 241 1719 268 non

210 296 371 349 poterit
402 295 553 335 mirum
588 309 696 347 esse,
730 296 861 348 quod,
895 300 941 336 nt
971 295 1052 336 hoc
1082 300 1180 336 utar
1212 296 1418 349 exemplo,
1449 295 1491 336 in
1528 295 1719 336 versibus

212 363 376 404 Latinis
409 363 524 403 circa
561 362 686 404 finem
728 363 981 414 hexametri,
1023 364 1143 405 cuius
1180 363 1339 404 moduli
1372 363 1543 404 excluso
1576 363 1664 404 fere
1696 377 1720 404 a

212 432 362 484 quinta
393 431 493 472 sede
525 432 712 484 spondeo
745 432 1066 473 accuratissime
1111 436 1358 482 servantur,
1398 445 1525 485 saepe
1567 431 1722 472 similia

210 500 369 540 interse
401 504 644 548 occurrunt,
673 500 716 540 in
749 500 904 553 quibus
927 514 1009 541 non
1033 500 1088 541 sit
1111 500 1385 554 cogitandum
1409 499 1459 540 de
1482 500 1721 541 imitatione

215 568 322 618 ulla,
356 568 428 609 sed
460 568 510 608 de
544 568 721 609 fortuito
756 569 940 621 quodam
975 573 1194 610 concentu.
1256 569 1307 609 de
1340 583 1424 621 qua
1455 583 1500 609 re
1532 568 1721 609 luculen-

212 637 375 677 tissime
417 637 657 690 expositum
699 651 724 677 a
756 637 994 690 Zingerleio
1034 638 1077 678 in
1109 637 1409 678 dissertatione
1446 637 1497 678 de
1529 637 1723 690 repetitis

213 705 254 745 in
287 705 369 745 fine
411 705 650 746 hexametri
690 705 830 746 Latini
872 706 1081 747 similibus
1127 720 1359 759 eorumque
1392 706 1571 759 origine,
1613 720 1722 758 quae

215 774 370 826 legitur
400 773 442 813 in
474 774 618 814 libello
652 774 702 814 de
734 775 918 827 posteris
942 778 1084 815 aetate
1115 775 1254 828 poetis
1279 774 1535 827 quibusdam
1560 774 1723 814 Latinis

215 842 231 882 I
265 843 337 896 [44
371 842 493 895 sqq.].
556 842 668 883 idem
710 846 852 883 tamen
893 842 1255 896 disputationibus
1286 843 1338 897 de
1371 843 1551 884 Horatio
1592 843 1636 897 [l.
1671 857 1723 884 m.

214 912 242 957 I,
270 915 284 951 1
310 911 439 965 sqq.],
473 910 636 961 Ovidio,
667 911 866 952 Martiale
891 911 1015 952 editis
1046 911 1295 966 [Oeniponti
1321 916 1562 963 1869——713
1598 911 1724 965 1877]

215 980 546 1030 demonstravit,
591 983 797 1032 quantum
844 994 887 1021 se
930 980 1087 1034 prioris
1133 981 1338 1034 temporis
1380 980 1620 1021 illustribus
1650 994 1722 1034 po-

216 1049 295 1089 etis
326 1052 368 1088 et
397 1062 475 1101 pro
511 1048 705 1102 exemplo
738 1048 946 1089 adhibitis
979 1053 1156 1102 propter
1198 1049 1500 1090 auctoritatem
1544 1050 1725 1090 nominis

216 1117 507 1170 applicassent
550 1131 678 1170 saepe
720 1121 919 1158 auctores
962 1117 1026 1158 vel
1066 1117 1194 1167 tales,
1240 1132 1420 1171 quorum
1462 1118 1515 1159 ab
1555 1118 1725 1171 ingenio

216 1186 351 1226 omnis
384 1189 495 1226 esset
527 1185 668 1226 aliena
699 1186 854 1239 inopia.
917 1186 971 1226 ad
1015 1185 1091 1226 hos
1129 1185 1261 1238 igitur
1290 1186 1423 1227 libros
1454 1186 1725 1236 remittimus,

216 1254 327 1307 siqui
359 1253 603 1294 accuratius
635 1254 851 1294 voluerint
882 1253 1026 1294 doceri
1061 1253 1112 1294 de
1144 1268 1190 1294 re
1225 1254 1488 1307 gravissima.

336 1324 388 1362 At
439 1321 511 1362 ubi
563 1322 845 1362 corroborata
889 1326 988 1375 post
1032 1322 1219 1363 medium
1266 1337 1301 1363 a.
1343 1338 1381 1364 u.
1430 1337 1463 1364 c.
1508 1323 1726 1364 saeculum

218 1395 416 1432 octavum
447 1390 587 1431 Latini
620 1404 768 1431 versus
798 1394 890 1431 arte
922 1405 1007 1431 non
1039 1404 1148 1432 nova
1179 1391 1387 1445 reperire,
1428 1391 1502 1433 sed
1540 1392 1727 1433 retinere

217 1464 345 1513 parta
376 1459 573 1500 interfuit
607 1459 929 1512 plerorumque,
971 1463 1062 1502 tum
1104 1473 1202 1501 vero
1236 1461 1358 1513 quasi
1391 1461 1579 1501 tumultu
1612 1461 1727 1501 facto

217 1530 259 1568 in
293 1528 461 1568 diversa
492 1528 727 1568 discessere
758 1531 930 1581 poetae,
970 1542 1047 1582 pro
1081 1528 1289 1569 varietate
1321 1529 1588 1582 ingeniorum
1619 1529 1729 1570 alius

219 1596 335 1637 alind
368 1596 575 1649 Augustei
611 1596 700 1637 aevi
737 1596 977 1650 exemplum
1009 1597 1248 1638 imitatione
1280 1602 1534 1650 prementes.
1597 1601 1727 1650 atque

219 1665 405 1706 maxima
452 1664 566 1718 apud
612 1665 872 1706 recentiores
915 1665 1176 1706 auctoritate
1218 1666 1390 1719 viguere
1429 1666 1643 1719 Vergilius
1687 1669 1729 1707 et

220 1734 407 1774 Ovidius.
470 1733 628 1787 quippe
661 1733 739 1774 hos
770 1747 853 1774 non
887 1733 1036 1775 similis
1069 1734 1195 1775 modo
1239 1735 1447 1775 materiae
1484 1735 1728 1789 scriptores,

220 1803 293 1843 sed
326 1815 482 1853 omneS,
514 1805 727 1855 quotquot
759 1802 891 1853 fuere,
924 1816 1052 1856 quam
1086 1802 1403 1856 religiosissime
1433 1802 1728 1845 observarunt.

221 1885 354 1924 quare
386 1884 468 1911 non
501 1870 678 1924 perinde
711 1885 911 1924 magnum
946 1871 1085 1912 locum
1120 1872 1161 1912 in
1192 1870 1422 1926 lyricorum
1456 1885 1654 1913 versuum
1689 1876 1731 1912 et

221 1939 491 1980 satiricorum
525 1942 617 1980 arte
642 1938 942 1980 constituenda
972 1939 1157 1993 optinuit
1189 1940 1408 1991 Horatius,
1440 1954 1518 1981 nec
1549 1940 1730 1980 multum

220 2007 357 2048 valuit
389 2007 583 2061 exemplo
607 2007 812 2049 Tibullus.
862 2007 1131 2061 Propertium
1164 2008 1236 2061 qui
1270 2009 1354 2049 sint
1384 2009 1518 2050 secuti
1550 2022 1632 2049 non
1668 2008 1728 2049 111Γ

222 2076 342 2116 venio
373 2080 546 2130 praeter
578 2076 841 2117 Passennum
874 2075 1072 2127 Paulum,
1112 2090 1236 2129 quem
1268 2077 1557 2131 Propertium,
1592 2090 1617 2117 a
1647 2090 1730 2130 quo

223 2158 355 2197 genus
392 2144 579 2193 duceret,
607 2144 851 2186 felicissime
885 2145 1099 2186 imitatum
1132 2145 1236 2186 dicit
1266 2145 1428 2186 Plinius
1461 2145 1535 2199 Ep.
1569 2145 1641 2196 IX,
1665 2149 1729 2186 22.

222 2213 265 2253 id
313 2200 456 2253 tamen
504 2226 604 2253 num
651 2213 705 2253 ad
746 2213 967 2254 metricam
1010 2218 1146 2254 artem
1187 2214 1466 2268 pertinuerit,
1507 2214 1731 2255 incertum.

224 2284 340 2322 certe
371 2280 477 2321 nihil
508 2280 559 2321 de
591 2280 673 2322 hac
704 2295 749 2322 re
781 2281 946 2322 monuit
972 2281 1146 2333 Plinius,
1180 2282 1252 2335 qui
1285 2282 1464 2323 eandem
1498 2282 1541 2322 in
1576 2281 1732 2323 Catulli

223 2349 426 2402 Calvique
453 2349 670 2391 imitatore
693 2349 880 2403 quodam
902 2349 1111 2391 adnotare
1133 2364 1217 2391 non
1240 2350 1482 2404 supersedit
1514 2351 1562 2406 [I,
1590 2354 1651 2402 16,
1676 2351 1731 2405 5}

338 2417 422 2458 Sed
466 2417 765 2470 gravissimum
809 2417 908 2459 inde
954 2422 1096 2459 ortum
1143 2418 1370 2460 discrimen
1420 2419 1533 2460 inter
1580 2423 1732 2473 poetas

224 2486 419 2538 Augusto
450 2486 734 2539 posteriores,
781 2486 895 2539 quod
936 2486 1110 2539 quidam
1144 2487 1397 2540 Vergilium,
1430 2487 1626 2529 Ovidium
1659 2487 1733 2528 alii

223 2553 358 2607 magis
390 2553 627 2607 probavere
660 2553 822 2595 ducem.
884 2555 1040 2595 etenim
1080 2555 1207 2596 alieni
1233 2555 1358 2609 longe
1390 2555 1509 2597 fuere
1540 2555 1733 2609 plerique

225 2622 474 2663 Latinorum
510 2621 563 2662 ab
592 2621 666 2662 illa
696 2623 929 2676 pravitate,
967 2637 1053 2677 qua
1084 2637 1196 2664 nunc
1225 2623 1345 2664 illum
1377 2625 1513 2665 solum
1542 2624 1732 2664 unicum-

226 2704 307 2743 que
339 2690 574 2744 principem
608 2690 714 2731 artis
744 2690 934 2741 Latinae,
968 2691 1150 2732 alterum
1183 2692 1382 2746 suptilem
1415 2692 1609 2746 opificem
1643 2706 1731 2733 ver-

224 2773 347 2799 suum
388 2758 645 2800 existimant.
708 2762 750 2800 et
792 2772 1052 2812 quamquam
1093 2763 1273 2814 uterque
1314 2764 1548 2801 sectatores
1581 2759 1734 2801 habuit

226 2830 292 2867 sat
324 2827 497 2878 multos,
536 2831 680 2869 tamen
723 2828 912 2881 potiores
945 2828 1148 2869 aemulati
1181 2828 1395 2879 Ovidium,
1436 2832 1483 2869 ut
1528 2827 1593 2868 vel
1634 2827 1734 2868 hinc
