1898 3292
718 237 833 261 minen
853 238 1008 261 sExTvs.
1528 229 1547 264 4
1559 227 1602 263 51

104 345 284 392 perimas
315 341 439 396 [Dan.
466 341 496 390 Ι,
525 344 590 390 38,
622 344 707 394 12],
738 344 922 390 reperies
953 339 1134 393 [l'aulin.
1162 342 1223 381 18.
1249 338 1365 391 313}
1398 341 1610 387 reperiens

106 409 267 464 [Sedul.
309 423 341 449 c.
373 424 412 462 p.
447 410 494 459 V,
531 409 650 462 142]‚
699 411 914 458 reperiare
955 407 1134 461 [Orient.
1169 420 1373 446 common.
1407 406 1462 455 ΙΙ,
1501 406 1610 459 loo}

107 483 296 528 repertor
333 476 510 531 [anthol.
543 477 653 517 Ries.
688 479 753 525 82,
790 475 877 529 12],
915 478 1093 515 recolitis
1132 473 1349 527 [Martian.
1382 473 1412 520 Ι,
1437 476 1502 522 93,
1525 473 1611 527 49],

105 549 331 586 recondens
377 545 559 599 [Paulin.
592 544 643 585 de
675 558 710 584 v.
745 543 869 584 Mart.
902 543 970 593 IV,
1005 542 1116 595 344]
1180 541 1254 582 sed
1297 541 1410 594 apud
1444 541 1611 582 Venan—

105 614 211 655 tium
245 613 315 667 [11.
349 617 386 664 4,
411 613 481 666 35]
516 616 631 653 recte
661 612 783 653 libri:
816 614 855 651 in
889 624 1012 651 cruce
1043 624 1121 650 rex
1149 615 1273 659 fixus,
1305 623 1411 650 non:
1444 614 1609 658 resisum.

107 686 295 723 ceterum
329 681 444 734 quod
474 684 562 721 tam
596 693 723 733 saepe
756 682 993 729 reperiendi
1022 678 1065 718 in
1087 677 1217 719 verbo
1239 677 1475 718 intenditur
1497 677 1611 730 prin-

107 765 227 804 ceps,
257 750 438 803 perfecti
470 750 675 789 memoria
706 748 787 789 fuit
818 761 959 788 causa.

221 818 367 859 Tertia
408 821 549 858 autem
590 817 736 857 littera
772 817 813 856 in
845 815 1049 869 perfectis
1090 818 1251 865 reperi,
1286 819 1441 864 repuli.
1474 818 1610 859 resedi,

105 888 208 928 item
254 887 296 926 in
342 889 565 926 recidendo
612 885 864 938 plerumque
912 898 937 924 a
982 883 1170 923 librariis
1222 883 1393 936 ponitur
1444 882 1612 935 duplex.

106 955 235 1008 idque
267 968 292 994 a
324 953 618 1007 grammaticis
661 952 916 1005 quibusdam
958 952 1175 992 asseritur.
1237 951 1278 991 in
1312 952 1466 991 ceteris
1497 951 1612 991 miri-

106 1024 184 1063 fice
213 1023 417 1063 variatur.
479 1021 553 1061 sed
586 1034 706 1061 error
736 1035 819 1074 quo
850 1021 1020 1069 vitetur,
1053 1020 1196 1072 potius
1228 1019 1321 1069 erit.
1354 1019 1612 1071 ubicumque

106 1106 153 1133 re
184 1091 446 1145 producitur,
480 1090 687 1143 geminari
720 1103 949 1129 consonam
982 1089 1287 1141 insequentem.

220 1159 309 1200 Iam
342 1161 508 1199 ceteras
542 1158 833 1211 quantitatum
864 1157 907 1197 in
937 1157 1183 1210 compositis
1216 1156 1357 1197 verbis
1398 1159 1472 1196 aut
1502 1156 1612 1197 deri-

107 1228 217 1269 vatis
264 1226 562 1268 enarrabimus
612 1226 923 1279 proprietates.
977 1239 1074 1265 mox
1124 1225 1353 1265 flexionum
1405 1224 1613 1264 notabilia

107 1296 319 1349 quaedam
350 1294 631 1348 persecuturi.

222 1364 283 1404 Ac
314 1363 495 1417 primum
539 1362 711 1415 quidem
754 1362 920 1402 incerta
964 1361 1016 1402 de
1058 1374 1189 1401 causa
1233 1360 1492 1413 praepositio
1535 1374 1613 1410 pro

107 1446 189 1472 non
230 1445 306 1485 per
351 1445 395 1472 se
439 1434 556 1472 stans
596 1431 847 1484 plerumque
893 1430 1124 1470 breviatur.
1197 1428 1248 1469 de
1292 1442 1377 1481 qua
1416 1442 1460 1469 re
1505 1428 1612 1469 dixit

109 1500 280 1541 Servius
315 1500 359 1540 in
400 1499 544 1540 libello
577 1499 628 1540 de
659 1497 859 1539 finalibus
893 1499 971 1552 [gr.
1004 1498 1028 1538 l.
1063 1498 1130 1548 IV,
1163 1497 1275 1551 4230}
1334 1511 1358 1537 a
1391 1496 1613 1551 dactylicis

107 1569 375 1610 imminuitur
423 1567 513 1609 fere
565 1567 769 1620 exemplis
822 1566 961 1607 hisce:
1006 1570 1193 1616 procella
1243 1567 1442 1618 (excepto
1489 1579 1615 1606 versu

110 1637 266 1678 aetatis
288 1636 478 1686 ultimae,
511 1650 636 1689 quem
658 1635 792 1676 habes
815 1634 928 1688 apud
951 1635 1160 1675 Isidorum
1196 1634 1244 1689 [I.
1269 1638 1333 1678 35
1361 1634 1430 1687 13]
1464 1636 1614 1677 nubila,

109 1708 200 1753 nias,
229 1708 409 1756 yramIo,
443 1708 672 1755 procellae.
710 1707 906 1754 fulmina.
938 1704 1082 1756 renti),
1116 1706 1285 1753 profari
1315 1702 1448 1755 (apud
1482 1704 1614 1742 Auso-

108 1774 223 1814 nium
265 1773 386 1823 XIII⁷
430 1777 482 1814 54
523 1777 640 1813 recte
681 1786 783 1826 pars
824 1771 1031 1812 librorum
1075 1772 1348 1823 praefando),
1397 1773 1615 1821 proficisci.

106 1846 310 1893 profecto,
350 1846 579 1892 profugus,
624 1848 842 1891 protervus
892 1840 1129 1893 (antiquior
1171 1843 1314 1880 tamen
1356 1840 1494 1880 fornia
1535 1838 1616 1878 fuit

105 1917 367 1961 proplervus,
408 1923 519 1962 quae
559 1909 774 1950 invenitur
805 1908 918 1962 apud
950 1908 1198 1961 scaenicos).
1261 1907 1335 1948 sed
1375 1911 1614 1948 ceterorum

109 1977 317 2032 pleraque
356 1977 470 2030 apud
503 1977 704 2018 classicos
737 1980 938 2017 auctores
971 1980 1013 2017 et
1044 1976 1179 2029 magis
1211 1975 1325 2028 apud
1359 1975 1617 2016 christianos

111 2059 266 2099 magna
301 2045 513 2086 fluctuant
543 2045 803 2087 diversitate.

227 2113 365 2167 Igitur
407 2113 520 2167 apud
563 2113 658 2154 illos
707 2126 875 2167 semper
918 2113 1208 2166 corripiuntur
1250 2116 1474 2163 profanae,
1517 2126 1616 2161 pro-

104 2187 276 2235 fundus,
319 2185 537 2233 propitius,
573 2187 822 2234 profanare,
864 2185 1067 2232 profiteri,
1107 2181 1227 2222 cuius
1262 2184 1405 2221 tamen
1436 2181 1614 2234 primani

109 2252 152 2292 in
193 2250 419 2304 tragoedia
459 2250 663 2304 produxit
703 2251 863 2291 Ennius
912 2251 964 2304 [v.
999 2250 1092 2304 SG]‚
1136 2254 1380 2301 prosayere.
1441 2262 1550 2301 quae
1593 2262 1617 2288 a

112 2319 357 2360 christianis
389 2319 621 2372 aliquando
652 2319 931 2373 porriguntur
963 2319 1218 2372 [profanare
1248 2318 1416 2359 Iuvenc.
1440 2317 1491 2366 ΙΙ,
1516 2320 1617 2367 578,

107 2391 296 2438 profiteri
326 2387 412 2428 Iuv.
435 2387 486 2438 ΙΙ,
511 2390 613 2439 351,
642 2390 850 2438 professis)
873 2388 990 2427 Arat.
1015 2399 1051 2426 a.
1075 2399 1140 2439 ap.
1170 2386 1220 2435 ΙΙ,
1246 2389 1348 2437 386,
1387 2390 1619 2436 μνοβηῃενρ

112 2455 198 2496 Iuv.
231 2455 290 2506 ΙΙ,
327 2458 430 2507 473,
473 2459 712 2506 profundas
752 2455 924 2496 Damas.
969 2458 1005 2505 7,
1050 2458 1121 2505 17,
1165 2457 1372 2504 propitias
1414 2454 1617 2493 Dracont.

52 2540 59 2543 ·
112 2522 247 2564 satisf.
289 2527 360 2575 14,
404 2527 639 2574 propitiare
681 2523 808 2564 Prud.
854 2538 890 2576 p.
932 2522 1067 2576 steph.
1114 2526 1158 2573 3,
1200 2525 1300 2573 215,
1340 2523 1618 2572 propinabilis

112 2591 213 2632 ibid.
249 2595 313 2642 14,
342 2591 453 2645 13Ο].

226 2659 390 2700 Deinde
422 2659 638 2701 adnotabo
677 2660 890 2700 communi
931 2659 1035 2700 ferri
1076 2659 1215 2712 prima
1257 2672 1326 2709 ea,
1367 2671 1477 2710 quae
1521 2660 1619 2697 sunt

109 2741 358 2778 procurare,
397 2741 653 2779 propagsare,
694 2731 979 2779 propayinem,
1020 2730 1067 2767 ut
1106 2731 1251 2767 tamen
1284 2726 1454 2779 saepius
1486 2725 1619 2765 multo

113 2795 343 2836 brevietur.
416 2800 461 2836 at
506 2796 611 2836 illud
657 2800 916 2846 profundere
966 2809 1058 2836 cum
1112 2795 1251 2835 tribus
1302 2808 1384 2834 non
1437 2794 1619 2847 amplius

115 2864 320 2918 exemplis
352 2864 393 2904 in
427 2864 700 2905 classicorum
734 2863 854 2904 libris
891 2864 1052 2904 habeat
1093 2880 1114 2903 ο
1155 2863 1405 2916 productam
1448 2861 1619 2916 [Catull.

116 2936 181 2983 64,
210 2936 313 2984 202,
346 2933 502 2973 Lucan.
531 2932 620 2982 VH,
648 2936 750 2983 1593
782 2932 855 2972 ubi
885 2932 976 2972 cdd.
1009 2932 1201 2985 plerique
1229 2935 1442 2982 perfudi&
1473 2930 1619 2971 Claud.

1276 2998 1346 3032 29*
