1898 3292
779 256 899 280 LIBER
917 255 1090 280 TERTIVS.
1458 244 1460 247 ’
1606 249 1653 286 21
1665 250 1685 285 7

183 356 375 397 versibus
411 357 507 410 plus
547 356 750 398 MDLXX
790 371 873 398 non
916 357 1099 411 amplius
1140 358 1298 399 viciens
1339 362 1502 411 quater.
1569 359 1686 400 vides

183 438 311 478 quani
343 439 441 466 raro
473 440 574 466 usus
605 425 661 466 sit
690 425 896 466 incisione
939 439 989 466 ea
1028 426 1071 466 in
1115 426 1310 479 graviore
1354 427 1559 477 carmine,
1602 442 1687 480 qua

181 493 225 533 in
255 508 300 534 re
333 494 530 534 convenit
561 494 599 534 ei
631 507 725 534 cum
757 494 969 534 Lucretio.
1032 497 1077 534 at
1108 494 1292 535 alienam
1325 509 1517 536 normam
1550 495 1686 536 Theo-

183 561 279 602 criti
308 562 593 603 aemulatione
626 565 818 603 secutum
848 575 930 602 non
963 576 1122 612 moror,
1162 562 1288 603 modo
1328 576 1379 604 ne
1407 563 1521 604 hunc
1552 564 1688 617 magis

182 644 310 682 quam
343 634 508 671 ceteros
542 629 766 671 credamus
799 644 1021 671 caesuram
1053 630 1308 685 rythmicam
1333 631 1566 673 collocasse
1588 636 1688 686 post

181 701 383 751 quartum
429 698 659 753 dactylum.
729 712 829 739 nam
875 702 917 739 et
962 699 1154 740 modicus
1200 713 1402 741 numerus
1443 704 1508 741 est
1547 714 1685 741 exem-

179 766 347 820 plorum
378 767 571 817 istorum,
605 767 639 807 si
672 780 722 807 ea
754 781 848 807 cum
871 766 1099 808 Theocrito
1133 768 1410 821 compararis,
1443 772 1485 810 et
1516 769 1686 810 disertis

179 835 223 876 id
252 838 516 876 vetustorum
540 835 920 888 grammaticorum
942 836 1199 877 testimoniis
1222 836 1445 878 refellitur.
1496 841 1685 878 ceterum

179 902 438 956 ubicumque
459 903 533 953 illi,
561 917 667 957 quos
690 905 947 954 enumeravi,
981 918 1055 945 seu
1079 905 1210 946 ceteri
1233 909 1432 958 quartum
1456 906 1609 959 pedem
1632 906 1686 946 ab

178 972 503 1025 insequentibus
536 972 791 1022 distinxere,
830 976 873 1013 et
901 972 1006 1014 illud
1038 973 1290 1027 plerumque
1323 978 1601 1025 curaverunt,
1635 989 1687 1016 ne

182 1040 354 1093 gravius
385 1040 509 1082 fieret
542 1041 780 1082 sententiae
821 1041 1121 1092 interstitium,
1164 1046 1206 1083 et
1245 1047 1444 1084 amarunt
1483 1057 1686 1097 separare

182 1109 298 1150 arsin
330 1123 355 1149 a
386 1109 519 1160 thesi,
563 1109 727 1150 scilicet
766 1109 827 1150 ita
866 1110 1048 1163 primam
1080 1110 1214 1164 legem
1246 1110 1357 1152 finiti
1389 1125 1569 1152 caesura
1601 1125 1686 1152 me-

179 1177 289 1217 trica
339 1177 500 1218 ordinis
552 1177 827 1218 declinantes.
903 1182 1132 1232 praeterea
1190 1179 1376 1233 plurima
1427 1183 1687 1221 excusantur

181 1245 525 1296 necessitatibus,
558 1260 665 1299 quas
697 1247 874 1287 secundi
904 1247 1004 1288 libri
1035 1248 1157 1289 initio
1190 1248 1379 1302 exposui.

294 1315 348 1354 At
391 1313 518 1355 aliter
561 1315 689 1355 etiam
730 1314 855 1368 longe
900 1330 969 1356 res
1009 1315 1143 1357 habet
1185 1317 1227 1357 in
1274 1321 1428 1370 quarto
1468 1317 1684 1358 trochaeo.

177 1396 275 1423 nam
308 1382 348 1423 in
381 1382 462 1423 hoc
494 1396 588 1424 cum
621 1384 726 1424 satis
757 1384 900 1438 inepte
929 1399 1078 1426 sensus
1109 1385 1185 1426 fiat
1218 1385 1411 1427 clausula
1432 1386 1499 1427 vel
1527 1386 1685 1426 medio—

178 1450 261 1492 cris
293 1454 335 1492 et
365 1455 542 1505 propter
576 1465 797 1493 caesuram
829 1454 1022 1506 proxime
1054 1454 1384 1507 praecedentem
1419 1458 1461 1496 et
1492 1455 1593 1508 quia
1624 1454 1686 1495 sic

176 1518 297 1572 pedis
338 1520 481 1572 quarti
525 1534 627 1573 pars
667 1521 820 1562 ultima
861 1521 916 1562 ad
955 1521 1082 1563 finem
1127 1523 1287 1564 ordinis
1332 1523 1386 1565 ab
1427 1524 1521 1577 ipso
1558 1523 1685 1564 alieni

177 1586 411 1639 diducitur,
444 1588 510 1630 vel
541 1589 704 1630 minore
737 1589 1000 1643 distinguere
1032 1605 1127 1632 eum
1158 1592 1504 1646 interpunctione
1537 1592 1684 1634 sedulo

177 1661 392 1698 caverunt.
461 1657 561 1698 hinc
602 1657 763 1699 factum
805 1659 921 1712 quod
961 1660 1159 1702 Lucanus
1202 1665 1244 1702 et
1284 1661 1544 1703 Claudianus
1589 1675 1684 1702 cum

175 1725 363 1766 Homero
395 1725 548 1767 Latino
578 1740 631 1767 ne
662 1727 793 1768 semel
825 1728 996 1781 quidem
1029 1729 1130 1780 isto,
1173 1729 1225 1771 de
1264 1743 1348 1783 quo
1388 1730 1547 1783 agitur,
1590 1729 1683 1771 loco

176 1807 324 1835 sensus
365 1795 639 1847 quantumvis
681 1796 834 1849 exiguo
880 1796 1112 1838 interstitio
1154 1812 1354 1840 numeros
1394 1798 1684 1839 retardarunt.

176 1862 325 1912 ceteri,
366 1865 414 1903 ut
445 1863 540 1916 quis
571 1863 805 1917 perfectior
837 1869 948 1917 arte,
989 1880 1037 1907 eo
1069 1866 1181 1907 idem
1214 1870 1391 1908 tenuere
1424 1867 1682 1908 accuratius.

290 1931 442 1972 Restat
471 1935 519 1972 ut
559 1934 938 1985 grammaticorum
970 1938 1163 1975 veterum
1203 1936 1450 1976 testimonia
1491 1935 1681 1976 afferam.

175 2012 197 2039 e
225 1998 381 2051 quibus
414 2014 510 2042 cum
542 2001 615 2042 alii
646 2002 912 2042 trochaicam
937 2006 1137 2055 quartam
1162 2003 1412 2044 incisionem
1434 2007 1683 2055 memorent,

180 2067 368 2121 [Terent.
404 2072 510 2112 1695
535 2070 668 2124 sqq.],
695 2070 768 2110 alii
800 2070 968 2111 silentio
1000 2075 1278 2124 praetereant
1309 2073 1388 2126 [gr.
1420 2072 1445 2113 l.
1478 2073 1547 2122 VI,
1581 2077 1684 2125 6453

178 2136 334 2177 Auson.
362 2137 494 2190 praef.
529 2152 561 2179 c.
594 2142 711 2192 nupt.
744 2152 810 2192 pg.
837 2143 917 2180 140
949 2139 1067 2191 Sch.;
1100 2139 1151 2180 cf.
1174 2140 1310 2181 Diom.
1334 2156 1372 2194 p.
1395 2141 1517 2195 497],
1549 2155 1683 2194 quan-

174 2206 265 2244 tum
297 2204 352 2246 ad
382 2205 622 2247 bucolicam
653 2207 930 2260 gravissimus
963 2208 1144 2261 quisque
1167 2208 1443 2250 metricorum
1466 2223 1586 2251 meae
1609 2210 1682 2250 ad-

176 2272 409 2325 stipulatur
426 2275 675 2316 sententiae.
698 2275 830 2316 veluti
842 2276 1124 2318 Terentianus
1141 2276 1274 2318 habet
1290 2277 1398 2318 haec
1413 2278 1541 2332 [2123
1552 2279 1681 2333 sqq.]:

401 2349 585 2392 pastorale
609 2349 711 2383 volet
736 2360 819 2383 cum
848 2350 927 2393 quis
956 2361 1179 2394 componere
1210 2362 1369 2395 carmen¹

402 2407 660 2439 tetrametrum
685 2406 859 2450 absolvat,
886 2407 944 2440 cui
969 2407 1091 2451 portio
1118 2408 1278 2442 demitur
1302 2408 1383 2452 ima,

404 2473 496 2504 quae
522 2462 638 2497 solido
665 2475 685 2496 a
710 2464 822 2497 verbo
849 2464 989 2508 poterit
1014 2467 1211 2499 conectere
1235 2476 1392 2509 versum,

400 2519 598 2553 bucolicon
626 2520 805 2563 siquidem
836 2521 947 2554 talem
972 2521 1120 2555 voluere
1144 2522 1280 2555 vocari.

402 2575 581 2619 plurimus
607 2577 677 2610 hoc
704 2577 820 2621 pollet
846 2576 992 2611 Siculae
1018 2578 1159 2611 telluris
1185 2578 1351 2613 alumnus
1378 2600 1420 2604 —-

404 2635 531 2666 noster
556 2645 658 2667 rarus
685 2645 727 2667 eo
754 2637 881 2678 pastor
907 2633 1023 2678 Maro,
1050 2635 1115 2668 sed
1140 2638 1262 2669 tamen
1288 2636 1406 2680 inquit

401 2686 477 2723 ‘dic
503 2690 602 2733 mihi,
630 2689 821 2734 Damoeta,
849 2692 971 2724 cuium
996 2692 1135 2736 pecus?
1170 2704 1215 2725 an
1242 2690 1459 2727 Meliboei?'

174 2749 239 2791 his
271 2750 486 2792 simillima
507 2752 641 2793 tradit
663 2753 908 2794 Victorinus
940 2755 1019 2808 [gr.
1041 2755 1114 2795 lat.
1139 2755 1207 2805 VI,
1234 2756 1344 2809 114}
1396 2756 1471 2796 sed
1503 2756 1681 2797 meliora

174 2818 329 2860 Atilius
359 2820 520 2874 [2696]
554 2821 673 2862 cuius
706 2825 804 2862 sunt
835 2822 964 2863 haec:
995 2827 1158 2872 herous,
1190 2827 1225 2864 si
1258 2830 1403 2874 quarto
1436 2828 1545 2874 pede
1576 2839 1677 2875 par-

175 2892 248 2926 tem
291 2891 488 2928 orationis
523 2892 658 2937 finiat,
703 2892 923 2931 bucolicum
958 2894 1067 2943 j'aeit
1107 2898 1151 2931 ut
1193 2890 1262 2931 ‘ab
1300 2894 1393 2931 Iove
1425 2895 1678 2942 principium

174 2958 329 2997 Musae.
400 2959 506 2998 Iovis
553 2961 684 2999 omnia
717 2956 884 3009 plena’.
962 2962 1197 3000 Theocritus
1243 2963 1350 3001 hanc
1395 2963 1511 3001 metri
1552 2964 1679 3012 leqem
