1898 3292
761 161 881 185 mmm
900 161 1109 187 SECVNDVS.
1616 152 1688 188 141

188 263 402 305 libertatis
434 277 458 305 a
486 262 748 313 nominibus,
794 277 904 316 quae
949 263 1165 315 dicuntur,
1210 262 1407 317 propriis.
1469 276 1566 302 nam
1598 276 1691 303 cum

186 333 346 387 optimo
385 346 554 386 quoque
595 335 787 385 tempore
820 345 965 372 eorum
999 331 1063 372 vel
1094 332 1378 385 quantitatem
1410 330 1475 370 vel
1511 331 1689 371 formam

184 402 412 442 immutare
444 400 679 441 haberetur
721 399 841 441 nefas
885 425 939 429 —-
982 400 1094 441 unde
1127 399 1289 440 Tullius
1326 400 1366 439 in
1401 402 1571 439 oratore
1607 399 1691 453 [442

189 469 287 524 153]
318 469 424 510 nihil
462 468 566 509 dicit
599 468 875 509 immutandis
907 467 1127 509 vocabulis
1162 468 1360 509 licentius
1393 480 1484 507 esse
1518 467 1691 516 factum,

186 551 312 591 quam
355 537 469 591 quod
508 537 726 578 hominum
768 537 894 577 etiam
930 537 1103 577 nomina
1136 536 1451 577 contraxissent
1488 534 1556 589 [cf.
1590 535 1691 575 item

187 605 368 647 Meinek.
400 606 443 646 in
475 605 538 646 ed.
570 604 719 646 Babrii
749 620 787 659 p.
815 605 913 659 139]
954 632 1016 656 —,
1049 609 1091 646 et
1122 619 1217 646 cum
1250 604 1518 645 laetarentur
1550 607 1692 643 tamen

185 675 244 715 eis
276 673 505 715 admodum
538 677 691 728 poetae
719 677 899 724 veteres,
932 674 1101 728 saepius
1125 672 1295 727 quidem
1319 672 1453 713 multo
1477 672 1541 712 usi
1565 685 1692 724 quam

184 745 377 784 recentes
423 742 553 796 (unde
597 742 692 795 quis
734 742 904 795 ignorat
950 743 1129 783 inveniri
1172 740 1404 795 aliquando
1451 755 1597 781 versus
1642 754 1692 780 ox

184 811 284 852 solis
317 814 562 852 constantes
594 810 836 851 nominibus
867 811 1101 864 propriis?)
1143 814 1271 863 atque
1306 810 1370 850 dis
1401 809 1691 861 heroibusque
1728 820 1733 824 ’

185 883 227 920 et
256 878 502 920 hominibus
535 879 728 932 adeoque
759 879 863 920 locis
895 882 1062 932 gratam
1105 893 1197 920 esse
1234 878 1318 919 rati
1362 880 1693 933 πολυωυυμιάν,

184 962 311 1002 quam
350 952 505 989 vocant
538 947 716 998 Graeci,
760 948 881 988 varia
926 947 1111 988 artificia
1152 961 1203 988 ac
1242 946 1480 1000 praestigia
1512 946 1691 999 reperiri

184 1016 429 1071 oportebat,
472 1016 716 1058 difficiliora
756 1020 803 1057 ut
845 1020 1100 1070 aptarentur
1137 1020 1285 1057 metro.
1349 1015 1403 1056 ab
1442 1015 1508 1056 his
1541 1016 1694 1068 exiguo

183 1085 389 1140 temporis
431 1086 570 1140 spatio
611 1085 776 1139 pariter
817 1085 871 1126 ad
904 1085 1046 1126 omnia
1078 1088 1301 1138 evagatast
1332 1084 1517 1125 licentia.
1583 1088 1694 1124 cete-

184 1168 278 1195 rum
322 1154 437 1207 quod
477 1157 566 1195 tam
612 1153 740 1194 anxia
780 1167 876 1194 cum
918 1167 1021 1194 cura
1054 1153 1245 1194 habuere
1277 1152 1486 1194 vocabula
1518 1152 1695 1206 propria

182 1226 369 1273 veteres,
400 1236 483 1263 non
516 1221 675 1276 poterit
706 1221 857 1262 mirum
891 1235 982 1263 esse
1006 1221 1310 1275 reputantibus
1343 1220 1441 1261 inde
1467 1234 1492 1261 a
1523 1220 1694 1261 saeculo

184 1290 304 1332 XVII
324 1290 577 1345 philologos,
611 1290 682 1344 qui
705 1289 854 1331 Latine
878 1304 956 1331 sua
985 1293 1255 1344 componunt,
1287 1293 1408 1330 tanto
1432 1302 1527 1330 cum
1550 1302 1695 1329 amore

183 1359 356 1400 nomina
399 1373 476 1400 sua
523 1358 715 1400 barbara
754 1359 1005 1417 plerumque
1050 1359 1112 1399 ori
1146 1359 1338 1399 Romano
1381 1361 1422 1398 et
1460 1358 1694 1410 incongrua

186 1428 492 1479 servare,iam
524 1431 573 1468 ut
603 1426 835 1469 verendum
868 1428 939 1479 sit,
972 1442 1024 1468 ne
1058 1427 1231 1480 ineptus
1263 1426 1477 1467 habeatur
1508 1425 1598 1476 ille,
1631 1426 1694 1466 in—

185 1496 294 1550 eptis
326 1496 399 1550 qui
430 1496 600 1550 placitis
634 1496 805 1537 obviam
835 1496 943 1538 ierit.
1005 1496 1137 1549 igitur
1179 1495 1363 1549 primum
1408 1494 1579 1548 quidem
1611 1508 1694 1535 non

185 1565 266 1605 erit
303 1564 458 1605 mirum
498 1564 593 1619 ipsa
635 1565 808 1606 nomina
850 1579 923 1616 ea,
969 1578 1096 1619 quam
1140 1563 1252 1614 dixi,
1297 1564 1430 1604 levari
1480 1562 1693 1604 libertate.

185 1632 312 1674 simili
352 1636 496 1674 tamen
539 1646 590 1674 ac
625 1634 720 1687 pari
752 1633 953 1675 fruuntur
984 1633 1117 1674 verba
1148 1632 1343 1686 proxime
1376 1631 1693 1686 praecedentia.

185 1704 227 1742 et
255 1700 382 1742 huius
415 1701 587 1755 quidem
622 1716 725 1743 usus
756 1702 981 1743 innumera
1012 1705 1213 1756 prostant
1244 1700 1451 1755 exempla.
1511 1700 1585 1742 sed
1617 1714 1696 1742 nec

184 1769 291 1812 illud
332 1769 598 1824 infrequens,
645 1771 977 1824 subsequentem
1017 1784 1163 1812 vocem
1206 1770 1260 1811 ob
1302 1769 1478 1811 eandem
1519 1783 1693 1810 causam

183 1838 335 1880 haberi
376 1838 593 1890 licentius,
635 1853 774 1893 neque
815 1839 969 1880 desunt
1011 1852 1175 1891 versus,
1217 1838 1289 1892 qui
1329 1852 1404 1879 cur
1433 1837 1639 1879 recedant
1669 1851 1694 1878 a

184 1907 313 1948 solita
360 1911 454 1949 arte
504 1907 631 1962 plane
682 1921 766 1949 non
818 1911 1022 1962 apparet,
1078 1907 1160 1948 nisi
1211 1906 1327 1960 quod
1378 1906 1489 1947 inest
1538 1906 1581 1947 in
1635 1906 1694 1946 eis

186 1989 458 2030 quocumque
497 1976 592 2017 loco
624 1977 810 2030 positum
842 1989 996 2017 nomen
1025 1976 1258 2030 proprium.
1321 1979 1510 2016 ceterum
1545 1974 1693 2015 eodem

184 2043 317 2085 ferme
360 2043 415 2086 ob
460 2044 780 2086 similitudinem
823 2044 1036 2085 rationum
1080 2044 1282 2085 fruuntur
1328 2044 1420 2084 iure
1468 2043 1695 2084 cuiuslibet

183 2112 351 2166 generis
380 2125 505 2154 voces
536 2113 801 2167 peregrinae,
834 2127 963 2167 porro
995 2113 1037 2153 in
1073 2112 1286 2153 didactico
1311 2112 1499 2153 carmine
1522 2112 1694 2152 nomina

183 2180 358 2235 proprie
401 2180 455 2222 ad
495 2185 792 2235 argumentum
838 2181 1080 2235 spectantia
1123 2181 1247 2235 quasi
1288 2180 1504 2231 technica‚
1548 2180 1694 2233 qualia

184 2248 318 2290 habes
359 2249 474 2304 apud
519 2249 741 2291 Manilium
788 2253 831 2291 et
876 2249 1179 2291 Germanicum
1227 2252 1463 2300 astrorum,
1509 2248 1693 2290 medica-

184 2317 342 2358 minum
385 2317 499 2372 apud
531 2318 748 2360 Serenum.
808 2318 870 2359 ita
899 2318 1117 2359 licentiam
1147 2331 1275 2371 saepe
1306 2317 1431 2358 metri
1462 2316 1695 2358 admittunt

186 2385 409 2426 christiani
441 2400 585 2427 rerum
617 2399 839 2427 sacrarum
871 2386 1091 2428 vocabulis
1123 2385 1293 2427 additis,

297 2454 369 2495 III.
424 2453 550 2495 Aliud
592 2468 725 2508 genus
769 2454 984 2496 libertatis
1030 2455 1147 2495 venit
1188 2453 1367 2494 carmini
1407 2453 1461 2494 ab
1502 2452 1694 2493 oratoria

186 2522 394 2564 sermonis
427 2523 713 2564 concitatione
753 2523 957 2577 gravique
990 2522 1218 2564 affectione
1250 2521 1392 2563 animi.
1454 2535 1479 2561 a
1512 2534 1598 2575 qua
1628 2535 1692 2561 re-

184 2590 355 2631 missior
387 2604 458 2632 ars
489 2594 532 2631 et
561 2591 726 2631 numeri
761 2591 1103 2645 neglegentiores
1144 2590 1251 2631 adeo
1291 2603 1375 2631 non
1417 2593 1516 2630 sunt
1554 2589 1693 2639 alieni,

184 2658 399 2699 interdum
430 2662 479 2699 ut
508 2658 739 2713 plurimum
772 2659 935 2700 faciant
966 2659 1020 2701 ad
1043 2659 1300 2712 elegantiam
1323 2671 1483 2699 versus.
1535 2658 1693 2711 quippe

186 2726 373 2767 devincit
413 2740 490 2767 nos
520 2727 755 2780 nescioqua
785 2727 1053 2768 iucunditate
1085 2728 1224 2768 forma
1254 2727 1343 2767 sinc
1376 2726 1492 2766 cultu
1525 2725 1692 2776 decens,

186 2808 281 2835 cum
318 2795 574 2848 praesertim
618 2795 790 2835 minime
847 2795 972 2836 fallat
1016 2795 1271 2850 prudentem
1325 2808 1467 2835 rerum
1508 2794 1551 2834 in
1595 2794 1694 2835 sim-

185 2862 286 2916 plici
324 2863 406 2904 isto
446 2862 598 2903 habitu
639 2862 764 2916 longe
809 2864 1013 2905 maiorem
1056 2864 1194 2905 inesse
1241 2866 1376 2904 artem
1419 2875 1545 2916 quam
1591 2861 1694 2903 alibi
