1898 3292
293 238 375 276 610
959 243 1086 267 INDEX
1104 243 1127 267 1.

998 413 1089 454 VH.

774 495 1001 542 LIBER
1038 493 1327 542 SEXTVS.

372 596 437 634 1OE
468 594 684 633 MVTATIS
715 594 920 640 ALWQVI
956 593 1353 640 QVANTI‘PATHWS
1386 592 1726 631 SYLLABARVM

555 664 616 701 ET
647 663 716 701 DE
748 662 1031 701 VERBoRVM
1061 662 1212 700 'FMESI
1245 661 1306 699 ET
1337 661 1548 700 ENCLISI.

950 743 1151 779 430-—469.

408 821 652 861 Mutatae
684 818 895 872 alioqui
930 819 1280 871 quantitates
1313 821 1522 859 430—55.

409 889 710 929 prohoemium
743 890 941 928 430—34
974 887 1178 940 (nondum
1214 886 1355 927 onmia
1384 887 1426 926 in
1449 886 1652 940 prosodia
1678 900 1804 940 expe-

293 958 394 999 dita.
455 957 634 1010 gabalus
667 960 761 997 430.
822 956 936 996 laser
968 958 1062 996 431.
1125 955 1311 1005 diutius,
1332 955 1582 1005 diutissime,
1615 955 1805 996 diutinus

293 1031 388 1075 431,
423 1032 458 1067 2.
519 1040 629 1079 quae
665 1039 689 1066 a
721 1024 962 1078 participiis
1002 1024 1224 1077 praeteriti
1258 1023 1479 1077 disyllabis
1509 1023 1629 1064 brevi
1660 1024 1805 1077 priore

294 1095 558 1137 descendunt
587 1098 681 1144 432,
714 1098 748 1135 3.
806 1093 948 1134 subus.
993 1092 1130 1133 bobus
1162 1096 1256 1142 433,
1290 1093 1345 1146 4).
1400 1092 1731 1133 christianorum
1763 1093 1806 1132 in

297 1163 613 1218 quantitatibus
657 1162 874 1204 mutandis
922 1162 1065 1203 cautio
1113 1164 1214 1211 434,
1261 1165 1295 1201 5.
1367 1175 1522 1202 causae
1565 1161 1807 1202 invertendi

295 1247 386 1283 eas,
419 1233 578 1286 partim
610 1232 725 1285 vulgi
758 1231 990 1285 pravitate,
1030 1231 1186 1284 partim
1230 1231 1492 1271 necessitate
1524 1244 1671 1271 versus
1701 1233 1806 1270 tem-

294 1305 473 1355 peratae
497 1304 591 1351 435,
616 1305 651 1341 6.
714 1300 886 1341 nomina
913 1300 1086 1352 propria
1109 1298 1337 1352 ambiguae
1362 1299 1617 1352 quantitatis
1650 1301 1746 1345 436,
1772 1302 1806 1339 7.

294 1371 396 1411 item
440 1370 547 1410 haec
590 1370 676 1410 sive
707 1369 816 1409 aliae
850 1368 1057 1409 orationis
1088 1371 1236 1421 partes
1267 1370 1448 1409 437—9.
1509 1368 1680 1408 inversa
1711 1380 1808 1420 pro·

295 1439 416 1479 sodia
438 1442 616 1492 propter
640 1437 942 1492 etymologiam
966 1436 1118 1477 falsam
1142 1440 1235 1477 439.
1292 1436 1624 1476 christianorum
1646 1435 1808 1489 placita

295 1512 390 1557 439,
424 1510 488 1548 40.
549 1507 788 1560 productae
823 1506 936 1559 apud
969 1519 1040 1546 eos
1071 1509 1222 1546 contra
1251 1505 1316 1545 ius
1349 1505 1499 1557 fasque
1529 1505 1694 1558 primae
1727 1504 1807 1558 syl—

294 1576 420 1617 labae
452 1576 647 1629 exempla
680 1579 773 1617 440.
826 1574 1039 1616 secundae
1072 1578 1166 1615 440.
1220 1574 1376 1614 tertiae
1412 1574 1478 1614 vel
1508 1578 1689 1626 quartae
1713 1577 1807 1614 440.

296 1648 522 1698 correptae
565 1644 619 1685 ab
663 1644 795 1685 isdem
841 1643 1031 1698 syllabae
1071 1647 1251 1683 accentu
1284 1643 1511 1696 insignitae
1544 1647 1638 1683 441.
1699 1641 1808 1683 tales

297 1716 524 1766 correptae
571 1713 735 1766 pariter
776 1716 818 1753 et
860 1712 1097 1765 productae
1130 1715 1312 1752 accentu
1343 1715 1538 1752 carentes
1570 1714 1664 1752 441.
1727 1710 1808 1765 syl·

294 1781 420 1822 labae
462 1782 613 1822 breves
650 1795 884 1835 numquam
931 1780 1168 1834 productae
1210 1794 1235 1820 a
1273 1780 1466 1821 classicis
1507 1782 1686 1833 propter
1725 1779 1809 1819 vim

295 1854 497 1891 accentus
529 1854 624 1897 441,
658 1854 694 1891 2.
757 1853 982 1903 correptae
1023 1850 1108 1890 sive
1151 1849 1312 1890 eiectae
1345 1849 1515 1890 vocales
1559 1862 1656 1899 eae,
1699 1862 1808 1902 quae

297 1923 519 1960 accentum
562 1919 774 1960 haberent
805 1923 898 1960 442.
961 1922 1141 1960 accentu
1185 1918 1420 1959 destitutae
1463 1917 1612 1959 finales
1656 1917 1809 1971 longae

298 1992 523 2041 correptae
567 1991 660 2029 442.
724 1992 881 2041 partes,
923 2001 1032 2040 quae
1075 1987 1340 2041 praecedunt
1381 1986 1591 2042 syllabam
1630 1990 1809 2028 accentu

296 2060 510 2107 notatam,
558 2060 783 2110 correptae
834 2070 858 2096 a
909 2056 1155 2097 christianis
1202 2059 1296 2096 442.
1360 2055 1410 2096 cf.
1449 2060 1543 2097 443.
1607 2059 1810 2097 accentus

296 2128 475 2179 propter
506 2125 588 2166 vim
628 2125 865 2179 productae
908 2124 1023 2178 apud
1064 2124 1321 2166 christianos
1361 2124 1530 2166 vocales
1571 2125 1614 2165 in
1646 2124 1810 2165 Latinis

298 2197 392 2242 442,
417 2198 452 2235 3.
505 2194 590 2235 alia
623 2198 804 2235 accentu
835 2194 1040 2247 insignita
1070 2197 1248 2247 propter
1276 2193 1383 2235 alias
1416 2207 1567 2235 causas
1599 2193 1811 2246 producta

298 2262 363 2303 ab'
386 2263 445 2303 eis
476 2266 569 2304 443.
631 2264 733 2304 item
768 2263 937 2303 Graeca
980 2266 1159 2316 propter
1191 2266 1415 2304 accentum
1446 2263 1658 2316 producta
1688 2277 1806 2317 pere-

298 2332 465 2384 grinum
500 2334 594 2381 443,
626 2336 663 2372 4.
725 2331 891 2385 syllaba
925 2331 1189 2384 praecedens
1229 2332 1425 2372 accentui
1456 2332 1684 2385 peregrino
1718 2346 1810 2373 cor-

297 2403 422 2453 repta
463 2404 556 2440 444.
626 2404 868 2453 correptae,
901 2400 943 2440 in
974 2399 1151 2441 Graecis
1194 2401 1397 2450 maxime,
1439 2400 1591 2454 longae
1632 2404 1811 2454 propter

299 2468 579 2521 depravatam
613 2469 729 2522 vulgi
761 2482 833 2510 ore
864 2469 1260 2521 pronuntiationem
1293 2473 1387 2519 445,
1412 2472 1446 2509 6.
1497 2469 1599 2510 item
1631 2473 1810 2523 propter

297 2537 311 2576 i
356 2536 623 2589 subsequens
672 2551 765 2577 cum
808 2537 946 2578 vocali
987 2541 1087 2588 446,
1123 2541 1157 2577 7.
1220 2541 1420 2590 correpta
1465 2537 1623 2578 vocalis
1666 2538 1809 2591 priore

299 2618 350 2644 ex
390 2605 616 2657 geminatis
660 2606 858 2646 consonis
904 2605 1130 2646 subtracta
1176 2609 1270 2656 447,
1304 2610 1340 2647 8.
1395 2603 1507 2646 ‘red'
1544 2606 1809 2660 praepositio

298 2676 508 2714 448—51.
563 2671 680 2726 ‘pro'
726 2674 769 2713 in
800 2673 964 2714 Latinis
996 2678 1097 2724 451,
1131 2677 1195 2715 52.
1256 2675 1298 2714 in
1332 2674 1510 2715 Graecis
1543 2677 1637 2726 452,
1671 2678 1706 2716 3.
1766 2676 1809 2715 in

299 2742 546 2794 compositis
569 2741 826 2794 quibusdam
853 2742 1046 2795 legitima
1076 2743 1407 2796 praepositionis
1440 2744 1660 2796 quantitas
1691 2744 1809 2797 igno-

298 2810 442 2850 rantia
481 2810 728 2851 ultimorum
767 2814 1008 2864 temporum
1054 2811 1287 2852 obscurata
1319 2815 1413 2853 453.
1475 2812 1808 2866 compositorum

299 2892 323 2918 a
368 2875 516 2919 ‘facio’
564 2878 930 2929 descendentium,
979 2893 1159 2932 quorum
1206 2880 1325 2933 prior
1370 2893 1472 2934 pars
1516 2886 1580 2921 est
1618 2880 1808 2928 verbum,

299 2946 464 3001 syllaba
505 2961 529 2987 a
570 2948 651 2988 fine
694 2952 851 3001 quarta
884 2953 979 2999 453,
1013 2953 1048 2989 4.
1112 2948 1401 2990 derivatorum
1442 2953 1619 3003 propter
1655 2949 1808 2990 falsum
