1898 3292
214 273 294 310 298
802 280 921 304 LIBER
941 279 1127 310 QVARTvs.

212 396 295 423 non
328 381 436 422 bene
468 381 582 422 docti
612 381 654 421 in
687 396 721 421 v.
754 381 940 434 quodam
973 381 1195 422 Claudiani
1231 381 1311 437 [lb‘⁷
1345 381 1463 437 llll:

488 467 575 490 ecce
601 467 730 490 recens
757 456 878 490 clades
904 457 949 490 ab
977 455 1113 489 eisdem
1139 456 1305 499 partibus
1334 456 1419 489 exit.

213 523 256 560 et
295 520 337 560 in
379 518 599 572 Calpurnii
641 519 830 560 carmine
874 519 950 559 VII
992 519 1115 559 unice
1156 522 1362 569 verumst,
1403 519 1514 571 quod
1559 520 1719 572 optimo

214 587 359 628 codice
390 587 588 628 firmatur
624 586 729 643 [71]:
764 594 801 627 el
832 591 872 627 ιή
905 590 1030 628 isdem
1061 587 1143 640 (cd.
1166 588 1349 640 hysdem)
1379 601 1502 637 saepe
1533 592 1720 628 cavernis

212 670 343 697 (turea
375 670 461 697 cum
491 669 633 697 croceo
666 662 883 697 creverant
913 658 1061 696 arbuta
1093 658 1240 705 nimbo,
1285 659 1333 696 ut
1371 659 1436 697 est
1472 656 1587 710 apud
1617 656 1719 697 Pro-

212 725 398 779 pertium
433 724 480 781 [L
515 728 551 775 2,
588 723 679 780 11]:

487 801 615 842 surgat
640 801 676 832 et
700 798 736 831 in
763 798 849 832 solis
875 798 1070 832 formosius
1095 800 1247 833 arbutus
1273 800 1398 833 antris

212 862 338 915 vulgo
382 861 497 915 apud
538 861 659 902 illum
700 861 837 902 fertur
879 868 915 902 ec
947 865 1108 903 eisdem.
1170 861 1277 903 baec
1320 865 1464 903 autem
1500 863 1641 903 omnia
1674 866 1720 903 ut

214 933 390 985 possent
410 930 650 984 provenire,
682 930 801 983 prior
833 944 853 970 e
875 929 1072 982 sequenti
1094 930 1273 971 vocalist
1294 931 1544 977 assimilata.
1596 945 1718 984 prae-

212 1003 332 1041 terea
382 998 541 1040 notabo
589 998 655 1040 bis
701 998 835 1040 videri
877 998 1132 1052 produxisse
1177 999 1388 1040 Lucilium
1433 1003 1481 1041 ut
1526 1003 1718 1040 contrac-

208 1068 323 1108 tione
372 1070 518 1108 natam
566 1067 749 1120 primam
798 1066 1007 1121 syllabam
1045 1066 1164 1108 verbi
1212 1067 1549 1118 indeclinabilis,
1605 1068 1719 1121 quod

209 1139 274 1177 est
306 1140 520 1177 ducentum
557 1135 726 1192 [XVIIL
763 1139 802 1187 13
837 1135 971 1186 XXX,
994 1134 1099 1191 18],
1146 1150 1241 1176 cum
1288 1135 1391 1176 alibi
1430 1136 1522 1190 ipse
1555 1137 1720 1190 pariter

209 1219 303 1246 cum
341 1204 496 1245 ceteris
529 1209 724 1246 clucenlos
758 1207 800 1245 et
830 1207 1082 1254 dupunde‘wn
1124 1203 1228 1259 [XV⁷
1266 1208 1312 1255 13
1344 1204 1423 1245 inc.
1459 1204 1525 1260 73]
1568 1204 1719 1246 efferat

211 1276 413 1327 correpta
441 1272 603 1314 eadem.
655 1272 718 1313 ita
750 1272 909 1313 coactis
943 1287 970 1313 u
1002 1286 1023 1313 e
1050 1286 1179 1322 puros
1210 1272 1436 1313 Lucretius
1471 1272 1555 1329 [1v,
1582 1273 1718 1328 lom,

207 1344 398 1389 lmre‘liem
442 1341 551 1382 dixit
593 1341 807 1382 Ausonius
854 1339 975 1396 [prof.
1009 1340 1137 1381 Burd.
1172 1343 1240 1391 10,
1276 1340 1357 1396 17].
1431 1340 1614 1394 denique
1657 1345 1718 1383 {lis

209 1424 286 1464 pro
310 1423 358 1451 eo
391 1409 506 1463 quod
538 1412 603 1450 est
634 1413 746 1450 dives
776 1409 901 1459 binis,
935 1409 1015 1450 nisi
1039 1408 1142 1462 quid
1164 1423 1231 1450 me
1254 1409 1375 1462 fugit,
1409 1409 1717 1464 dactylicorum

210 1481 379 1519 constat
410 1477 629 1531 exemplis,
660 1491 842 1530 quorum
875 1477 1059 1518 alterum
1083 1477 1197 1531 apud
1220 1478 1535 1519 Sammonicum
1559 1479 1718 1532 reperi-

209 1550 280 1588 tur
314 1546 441 1603 [397],
473 1546 547 1588 ubi
578 1546 621 1587 in
651 1545 773 1587 libris
805 1548 870 1587 est
902 1549 1003 1596 quis,
1035 1545 1220 1587 alterum
1243 1546 1358 1599 apud
1383 1550 1604 1588 auctorem
1626 1561 1718 1588 ver-

209 1630 333 1656 suum
365 1615 416 1656 de
447 1614 596 1668 figuris
625 1615 729 1669 [87].
789 1613 904 1668 quod
946 1614 989 1654 in
1030 1618 1153 1655 tanta
1184 1614 1392 1656 librorum
1425 1616 1604 1668 penuria
1634 1630 1717 1656 nou

210 1687 275 1725 est
306 1683 480 1734 mirum,
515 1697 776 1736 quamquam
809 1682 934 1736 vulgo
968 1682 1205 1736 optinuisse
1236 1683 1418 1724 formam
1451 1687 1715 1725 contractam

211 1767 293 1793 non
324 1752 468 1806 inepte
502 1751 729 1793 concludes
760 1765 782 1793 e
813 1764 939 1792 versu
963 1752 1140 1793 Ausonii
1171 1752 1598 1807 [grammaticomast.
1627 1753 1717 1807 lss]:

485 1825 585 1859 dives
612 1837 723 1870 opum
749 1837 814 1859 cur
839 1837 972 1859 nomen
998 1826 1110 1860 habet
1135 1826 1224 1860 Iove
1251 1826 1295 1860 de
1322 1826 1451 1870 Stygio
1478 1826 1557 1860 dis?

324 1890 414 1930 Iam
437 1889 645 1943 pleraque
668 1889 753 1930 alia
776 1889 1110 1930 declinationum
1134 1893 1176 1930 et
1198 1889 1546 1942 coniugationum
1569 1889 1717 1930 eadem

209 1958 377 1999 ratione
409 1971 609 1999 sonorum
638 1957 864 1999 imminuta
902 1960 949 1999 ut
989 1958 1203 2009 omittam,
1247 1957 1298 1998 de
1342 1957 1496 2011 quibus
1536 1958 1717 2011 septimo

210 2029 448 2080 exponetur
478 2025 602 2076 libro,
635 2025 691 2067 ad
721 2025 905 2067 alterum
939 2026 1248 2067 contractionis
1271 2039 1403 2079 genus
1425 2026 1718 2077 transibimus,

210 2094 325 2149 quod
357 2097 528 2136 constat
558 2097 571 2134 ι’
600 2094 666 2135 vel
693 2109 720 2135 u
751 2094 917 2136 duratis
948 2095 991 2135 in
1024 2108 1266 2136 consonam.
1300 2123 1352 2127 —
1393 2108 1503 2148 quae
1539 2094 1718 2149 synhae-

209 2163 316 2204 resis
363 2163 526 2204 minore
571 2162 620 2203 fit
667 2162 794 2216 culpa
838 2162 881 2203 in
918 2162 1061 2204 verbis
1105 2163 1275 2204 omnino
1322 2162 1533 2217 dactylico
1580 2166 1718 2204 metro

209 2231 377 2284 ineptis.
439 2244 617 2284 prorsus
657 2234 801 2272 autem
842 2231 1106 2272 exclusumst
1144 2231 1227 2272 hoc
1269 2244 1401 2284 genus
1445 2231 1646 2285 synizesis
1693 2246 1719 2272 a

211 2299 520 2353 compositione
549 2298 803 2350 verborum,
845 2299 978 2340 veluti
1018 2313 1102 2341 non
1142 2303 1286 2353 potest
1317 2300 1360 2340 in
1392 2313 1458 2350 eo,
1502 2299 1617 2352 quod
1654 2303 1719 2340 est

208 2370 480 2417 semianimus,
512 2371 525 2407 ἱ
556 2367 847 2421 pinguescere.
909 2382 1048 2421 neque
1090 2368 1227 2421 magis
1260 2382 1353 2409 eam
1390 2367 1491 2408 licet
1521 2367 1717 2408 adhiberi

211 2435 560 2488 coniugationum
591 2435 848 2477 flexionibus
883 2436 1076 2490 exceptis
1107 2436 1257 2489 paucis
1290 2435 1496 2489 exemplis
1519 2435 1718 2477 vetustis-

211 2503 415 2544 simorum
446 2517 497 2544 ac
522 2504 915 2546 recentissimorum
941 2508 1179 2559 poetarum,
1213 2504 1344 2546 veluti
1373 2504 1488 2558 apud
1510 2504 1719 2545 Lucilium

210 2571 254 2626 [1.
276 2571 357 2613 inc.
382 2576 405 2613 9
428 2571 513 2626 bis]
545 2576 733 2622 maluisti,
766 2573 881 2626 apud
911 2573 1141 2627 Corippum
1174 2572 1274 2627 [ioh.
1298 2572 1366 2623 IV,
1391 2576 1494 2624 691;
1526 2573 1594 2623 VI,
1620 2572 1718 2626 177]

203 2654 393 2690 paruere
423 2643 466 2681 et
495 2644 741 2681 miscuissem
771 2640 912 2682 tribus
943 2641 1079 2682 habes
1101 2640 1287 2695 syllabis.
1340 2655 1473 2694 quare
1496 2655 1579 2682 non
1602 2644 1719 2681 recte

211 2708 403 2749 Iuvenali
434 2712 599 2750 condiat
630 2708 887 2762 disyllabum
920 2709 1075 2750 tribuit
1095 2709 1408 2760 Lachmannus,
1442 2709 1514 2762 qui
1546 2712 1589 2750 et
1610 2709 1718 2750 alias

211 2776 336 2816 nimis
368 2776 507 2817 facilis
540 2776 621 2818 fuit
652 2775 920 2818 admittenda
953 2777 1144 2831 synizesi.

328 2844 461 2885 Porro
503 2845 732 2886 alienumst
772 2858 797 2885 a
838 2845 921 2886 fide
959 2845 1135 2887 Latinos
1175 2849 1274 2899 post
1317 2845 1577 2897 geminatam
1621 2859 1718 2885 con-

212 2926 360 2953 sonam
398 2916 410 2952 i
441 2913 507 2953 vel
546 2927 572 2953 u
612 2912 816 2954 extulisse
856 2926 1098 2954 consonam.
1162 2913 1236 2954 sed
1275 2912 1421 2953 dixere
1460 2913 1604 2966 potius
1635 2912 1718 2953 Lu-

214 2980 336 3028 cilius
368 2981 459 3035 [HL
483 2986 525 3034 93
557 2981 647 3032 XV,
672 2982 715 3037 5]
749 2984 791 3023 et
818 2980 1031 3022 Martialis
1062 2982 1132 3036 [IL
1157 2986 1193 3032 5,
1217 2982 1260 3037 3]
1289 2995 1473 3032 passum,
1505 2981 1718 3034 Vergilius
