1898 3292
1012 859 1114 910 IV.

700 989 740 1040 L
760 990 781 1040 I
804 989 843 1039 B
865 989 903 1040 E
926 989 968 1039 R
1017 991 1059 1041 T
1083 990 1120 1040 F,
1142 988 1184 1039 R
1203 989 1245 1040 T
1270 990 1283 1039 l
1306 989 1352 1040 V
1369 988 1421 1039 S.

304 1219 632 1261 EXPONITVR
674 1219 748 1260 DE
792 1219 1059 1260 CAESVRA.
1121 1218 1446 1270 QVAERITVR
1483 1218 1605 1260 NVM
1638 1217 1818 1260 GRAM-

304 1288 497 1329 MATICI
532 1287 819 1330 ACCENTVS
860 1288 1029 1328 RATIO
1073 1287 1157 1329 SIT
1200 1287 1410 1328 HABITA
1447 1287 1503 1328 IN
1544 1286 1817 1328 VERSIBVS

305 1356 525 1398 LATINIS
566 1357 634 1397 ET
676 1356 839 1397 FINES
882 1356 1145 1397 SENSVVM
1174 1356 1243 1397 AC
1285 1355 1645 1397 NVMERORVM
1686 1356 1816 1405 QVA-

448 1425 629 1466 TENVS
661 1425 903 1466 INTERSE
935 1424 1254 1466 CONCINERE
1287 1424 1542 1466 SOLEANT
1576 1424 1684 1466 VEL

888 1493 1237 1535 DISSENTIRE.

418 1597 466 1637 In
498 1600 623 1650 parte
652 1596 780 1637 huius
813 1597 953 1650 operis
982 1597 1112 1637 liceat
1142 1596 1247 1637 mihi
1277 1595 1481 1650 praefari,
1516 1594 1629 1648 quod
1659 1595 1702 1635 in
1724 1595 1816 1636 uni-

305 1679 475 1707 versum
518 1665 621 1706 alibi
662 1665 828 1716 monui,
872 1664 979 1705 nihil
1019 1665 1155 1719 magis
1197 1664 1320 1706 nobis
1363 1664 1596 1705 cavendum
1641 1678 1734 1705 esse
1773 1665 1816 1705 in

304 1738 496 1775 veterum
541 1737 633 1775 arte
679 1734 860 1775 metrica
906 1734 1174 1775 aestimanda
1218 1747 1346 1787 quam
1396 1733 1522 1784 illud,
1570 1733 1815 1787 opinionum

306 1803 580 1856 quantumvis
611 1802 966 1856 pervulgatarum
998 1803 1213 1856 pravitate
1246 1803 1362 1856 capti
1391 1816 1444 1843 ne
1467 1802 1652 1856 speciem
1674 1802 1817 1855 potius

302 1872 487 1925 primam
528 1884 657 1923 quam
695 1884 805 1924 quae
848 1871 985 1912 latent
1021 1871 1136 1912 intus
1181 1871 1516 1921 consideremus,
1557 1884 1662 1912 neve
1707 1884 1817 1923 quae

304 1939 426 1993 pueri
459 1939 687 1981 didicimus
716 1953 766 1981 ea
799 1953 891 1981 esse
923 1939 1146 1993 perdenda
1178 1939 1340 1993 pudeat
1379 1953 1456 1981 nos
1498 1939 1627 1980 fateri
1672 1942 1816 1980 aetate

304 2008 464 2049 adulta.
527 2012 756 2062 praeterea
787 2022 882 2049 cum
916 2011 1026 2049 cura
1051 2008 1298 2059 videndum,
1339 2022 1391 2049 ne
1438 2008 1528 2049 eius
1559 2009 1694 2061 magis
1728 2022 1816 2049 ser-

304 2077 452 2128 monis,
484 2090 568 2129 quo
600 2078 742 2130 patrio
776 2077 948 2128 utimur⁷
983 2091 1111 2130 quam
1145 2077 1301 2118 Graeci
1322 2077 1516 2118 Latinive
1548 2077 1817 2131 proprietate

303 2145 458 2195 imbuti
500 2145 554 2186 ad
597 2159 687 2186 rem
732 2145 1024 2199 quaerendam
1071 2146 1338 2187 accedamus.
1399 2160 1499 2186 nam
1541 2149 1584 2187 et
1623 2149 1711 2187 tam
1756 2145 1817 2186 di-

303 2227 454 2255 versae
502 2217 601 2255 sunt
648 2215 839 2255 rationes
884 2214 1090 2255 metricae
1136 2214 1474 2265 neotericorum‚
1522 2218 1570 2255 ut
1616 2214 1816 2267 antiquas

304 2283 616 2336 recogniturus‚
650 2283 731 2323 nisi
753 2283 943 2323 vanitate
966 2286 1009 2324 et
1038 2282 1407 2336 magniloquentia
1439 2282 1571 2323 malet
1602 2282 1817 2324 devincire

304 2351 541 2404 imperitos,
572 2364 657 2391 non
686 2351 823 2404 possit
853 2365 937 2392 non
969 2352 1071 2392 oriri
1103 2351 1157 2392 ab
1182 2352 1405 2392 Socratica
1435 2350 1520 2401 illa,
1553 2345 1664 2404 quae
1685 2341 1817 2392 ¹facil-

306 2419 406 2460 lime
427 2419 565 2460 munit
586 2419 696 2460 viam
729 2419 784 2460 ad
806 2420 1045 2471 veritatem,
1078 2420 1345 2473 professione
1376 2420 1660 2472 ignorantiae.
1703 2419 1817 2472 quod

309 2488 381 2540 qui
413 2487 681 2541 neglexerint
708 2501 791 2528 non
821 2488 961 2529 minus
1004 2491 1129 2529 erunt
1169 2488 1303 2541 inepti
1345 2501 1473 2541 quam
1513 2487 1815 2528 historicorum

309 2557 360 2606 ei,
391 2556 463 2609 qui
494 2570 563 2596 res
596 2559 739 2608 gestas
768 2569 852 2597 non
873 2570 952 2610 pro
976 2560 1154 2597 aeterna
1175 2556 1363 2597 fatorum
1386 2555 1495 2597 serie
1517 2556 1815 2609 principioque.

305 2638 355 2665 ac
388 2638 500 2665 nexu
534 2637 782 2674 causarum,
822 2624 897 2665 sed
932 2625 973 2664 in
1001 2624 1126 2665 unius
1159 2625 1297 2677 gentis
1330 2627 1406 2665 aut
1436 2623 1596 2665 saeculi
1630 2624 1815 2676 gratiam

305 2693 593 2746 exposuerint.

420 2761 504 2801 Sed
536 2761 621 2801 iam
651 2763 700 2801 ut
731 2760 934 2813 accingar
965 2760 1019 2801 ad
1051 2761 1279 2802 materiam
1320 2761 1448 2802 huius
1479 2760 1579 2801 libri
1611 2773 1814 2801 enarran-

304 2829 420 2879 dam,
457 2829 518 2869 ita
551 2832 639 2869 stat
669 2829 884 2870 sententia
916 2829 1076 2879 animo7
1121 2843 1216 2870 cum
1260 2830 1472 2883 possimus
1514 2829 1658 2870 hiatus
1702 2829 1814 2881 leges

303 2897 549 2951 pedumque
582 2897 881 2938 observantias
915 2900 957 2937 et
988 2901 1133 2938 cetera
1164 2911 1320 2951 magna
1352 2911 1404 2938 ex
1435 2901 1560 2951 parte
1582 2910 1665 2938 non
1688 2896 1814 2937 modo
