1898 3292
675 278 793 302 LIBER
813 277 986 303 TERTIVS.
1504 269 1584 305 259

78 381 348 436 pyrrichiaco
382 380 511 421 verbo
542 380 768 422 voluerunt
797 380 911 420 finiri
942 382 1271 432 pentametrum.
1333 392 1411 420 nec
1442 382 1587 419 tamen

80 449 257 503 perinde
301 453 429 501 atque
474 449 517 489 in
556 448 797 490 hexametri
843 448 960 488 exitu
1005 447 1112 501 legis
1157 450 1328 488 servata
1366 447 1586 488 severitas.

81 517 194 571 quod
236 530 320 557 non
359 520 464 570 puto
506 516 605 558 inde
645 516 949 570 repetendum,
991 515 1114 569 quasi
1154 515 1377 556 timuerint
1418 518 1586 568 poetae,

79 585 263 640 repetito
295 598 430 638 usque
464 584 612 626 eodem
646 584 772 626 modo
808 583 1090 626 concludendi
1111 597 1282 625 versum
1303 597 1355 624 ne
1376 583 1588 624 lectorum

79 653 331 695 fatiscerent
375 653 504 694 animi
550 652 861 706 aequabilitate
908 666 1131 703 sonorum,
1183 651 1257 694 sed
1302 651 1447 706 potius
1493 651 1589 705 ipsa

81 722 336 763 difficultate
369 722 511 775 operis
543 725 586 763 et
617 722 797 775 penuria
828 735 979 763 vocum
1012 720 1334 775 disyllabarum.
1397 719 1473 761 sed
1502 719 1589 761 iam

81 791 248 844 singula
277 790 509 831 videamus.

194 859 330 912 Igitur
361 859 498 912 primo
530 858 625 899 1000
655 858 892 900 notandum
924 872 948 899 a
970 858 1196 912 Propertio
1227 858 1269 897 in
1303 860 1457 910 quarto
1478 856 1589 897 libro

80 941 179 968 raro
211 926 323 967 finiri
353 929 673 980 pentametrum
701 927 908 968 orationis
938 930 1064 980 parte
1094 926 1191 980 plus
1214 939 1343 978 quam
1365 924 1590 979 disyllaba.

81 996 215 1036 multo
244 996 374 1036 etiam
404 995 546 1036 rarius
577 995 621 1036 id
652 995 701 1036 fit
729 996 774 1036 in
805 996 977 1049 quinto;
1020 994 1152 1036 veluti
1181 994 1225 1035 in
1257 993 1395 1047 elegia
1426 993 1590 1043 ultima,

84 1064 204 1105 cuius
236 1077 383 1105 versus
417 1068 516 1105 sunt
547 1063 638 1115 CII,
677 1063 837 1118 ubique
869 1064 911 1104 in
943 1064 1059 1105 exitu
1090 1062 1346 1104 vocabulum
1377 1062 1592 1103 invenitur

82 1132 310 1174 iambicum
344 1133 430 1174 sive
461 1132 790 1187 pyrrichiacum.
853 1136 983 1186 atque
1016 1131 1320 1173 consolationis
1352 1130 1407 1172 ad
1428 1130 1591 1172 Liviam

83 1204 251 1251 auctor,
292 1201 364 1254 qui
407 1215 501 1242 eum
542 1201 585 1242 in
626 1215 673 1243 re
704 1201 884 1242 metrica
919 1200 1150 1254 aliquando
1191 1200 1407 1250 imitatur,
1449 1199 1591 1246 semel,

82 1283 165 1310 non
200 1269 393 1322 saepius,
436 1283 605 1311 versum
634 1269 768 1311 habet
797 1268 928 1310 talem
970 1269 1110 1323 [390]:
1152 1282 1384 1319 summaque
1417 1271 1594 1319 dispersi

46 1351 158 1388 ⁴per
198 1340 297 1389 ‘iuqa
329 1340 543 1379 Pannonii.
606 1341 650 1379 at
689 1337 884 1379 Tibullus
927 1351 1022 1378 cum
1064 1336 1283 1391 Lygdamo
1322 1340 1363 1378 et
1405 1335 1594 1390 Sulpicia

83 1419 167 1447 non
203 1406 328 1447 nimis
366 1405 664 1459 infrequenter
703 1406 894 1448 admittit
932 1406 1169 1456 licentiam,
1215 1405 1267 1446 de
1312 1419 1395 1458 qua
1438 1405 1592 1458 agitur.

85 1488 212 1528 quam
246 1473 423 1516 Ovidius
464 1475 508 1515 in
548 1474 670 1516 libris
715 1479 813 1516 ante
853 1474 1026 1515 exilium
1058 1474 1230 1528 scriptis
1262 1473 1370 1515 adeo
1403 1473 1593 1515 studiose

82 1543 244 1594 vitavit,
277 1547 325 1584 ut
355 1543 399 1584 in
420 1543 640 1597 Epistulis,
674 1557 857 1597 quarum
881 1543 1055 1584 dubiast
1077 1543 1328 1593 auctoritas,
1359 1542 1430 1582 vix
1460 1542 1593 1583 ullum

84 1612 141 1653 sit
171 1612 330 1653 certius
362 1612 528 1665 signum
561 1612 668 1653 artis
702 1612 756 1653 ab
788 1612 861 1653 illo
894 1612 1059 1653 alienae
1099 1625 1228 1664 quam
1267 1610 1383 1664 quod
1416 1610 1594 1664 singulis

82 1680 188 1722 locis
211 1681 448 1722 carminum
470 1680 804 1735 Hypermestrae
828 1694 878 1721 ac
900 1680 1068 1722 Paridis
1090 1680 1368 1733 Helenaeque
1391 1683 1433 1720 et
1454 1679 1595 1720 Herus

84 1762 135 1790 ea
155 1749 307 1802 regula
327 1749 539 1802 migratur
565 1749 693 1803 [XIV,
717 1752 792 1800 (523
823 1749 935 1799 XVI,
954 1752 1057 1800 2883
1090 1748 1222 1798 XVII,
1251 1751 1317 1799 163
1348 1747 1461 1798 XIX,
1481 1748 1594 1802 202]

83 1831 230 1858 verum
258 1817 373 1859 idem
395 1816 569 1858 Ovidius
601 1831 711 1871 quae
742 1821 841 1871 post
876 1817 1022 1870 fugam
1056 1817 1307 1871 composuit,
1339 1816 1486 1870 paullo
1519 1816 1594 1857 ha-

82 1885 177 1927 buit
204 1885 401 1937 liberius,
444 1886 488 1927 in
530 1885 687 1939 quibus
719 1900 821 1927 sane
854 1885 984 1926 verba
1018 1883 1369 1939 hyperdisyllaba
1399 1884 1595 1927 versibus

83 1954 221 1996 minus
250 1954 284 1995 L
314 1954 427 1996 idem
463 1954 671 1996 adhibuit.
734 1953 991 2007 quantillum
1033 1958 1178 1995 tamen
1221 1953 1303 1994 1100
1345 1957 1409 1994 est
1447 1954 1490 1994 111
1530 1956 1596 1995 tot

83 2022 301 2064 millibus?
361 2022 431 2064 hic
463 2037 591 2076 quam
623 2023 844 2064 amatoriis
877 2022 1140 2064 carminibus
1169 2035 1363 2063 normam
1398 2022 1595 2075 optinuit,

81 2090 284 2144 probavit
315 2091 388 2144 qui
410 2091 584 2145 scripsit
606 2091 764 2144 elegias
787 2090 838 2132 de
862 2090 1125 2141 Maecenate,
1158 2090 1200 2131 in
1234 2090 1389 2143 quibus
1411 2091 1595 2144 pessime

83 2159 216 2201 habet
255 2159 370 2213 quod
412 2159 531 2201 dedit
562 2159 748 2201 Meierus
787 2160 901 2214 [110,
938 2159 1008 2214 12]
1055 2157 1112 2200 ‘el
1142 2162 1312 2208 morior,
1346 2162 1467 2209 discit,
1505 2163 1595 2200 dum

83 2231 246 2269 morior.
307 2232 406 2269 satis
439 2226 537 2278 θεῖ’,
569 2242 648 2270 nec
677 2242 762 2270 non
795 2232 947 2270 auctor
969 2227 1114 2277 Nucis,
1147 2230 1289 2268 aetate
1317 2227 1388 2268 ille
1421 2241 1597 2281 compar

87 2295 260 2347 Ovidio,
302 2300 394 2338 tum
436 2297 625 2338 Avianus
670 2301 712 2338 et
753 2298 922 2338 Arator.
993 2296 1148 2350 quibus
1195 2296 1388 2349 proxime
1431 2296 1598 2337 accedit

86 2377 192 2405 cura
223 2365 372 2406 similis
404 2365 637 2416 Palladius,
671 2365 744 2418 qui
777 2365 906 2406 semel
937 2365 1058 2419 [100]
1090 2364 1266 2405 invertit
1295 2368 1434 2405 artem
1464 2364 1596 2406 verbo

83 2433 379 2487 tetrasyllabo.
451 2434 514 2474 ita
559 2437 602 2474 et
648 2433 779 2475 semel
819 2432 1026 2474 Boethius
1074 2432 1163 2487 [IV,
1195 2436 1240 2483 4,
1276 2432 1345 2487 10]
1397 2431 1497 2474 ‘non
1538 2440 1597 2474 est

84 2505 193 2544 iusta
234 2505 335 2543 satis
375 2505 570 2543 saevitiae
611 2500 758 2550 ratio',
811 2515 941 2556 porro
988 2502 1151 2543 octiens
1193 2501 1350 2542 similia
1394 2505 1597 2543 auctores

68 2568 364 2624 'Priapeorum
405 2570 449 2611 in
492 2571 775 2624 pentametris
813 2570 865 2620 C,
909 2574 954 2611 at
995 2571 1040 2611 in
1080 2568 1277 2611 CCCLVI
1320 2569 1598 2623 quindeciens

85 2638 390 2691 Namatianus,
430 2643 522 2680 tum
560 2638 786 2681 Petronius
830 2639 1097 2692 quinquiens.
1144 2664 1198 2668 —
1241 2638 1316 2679 sed
1359 2638 1437 2680 hos
1472 2638 1598 2692 longe

85 2707 307 2760 superavit
336 2706 590 2758 Venantius,
628 2711 676 2748 ut
716 2707 789 2760 qui
829 2707 873 2748 111
903 2706 1190 2748 voluminibus
1224 2705 1597 2748 Miscellaneorum

84 2775 224 2828 primo
253 2776 489 2829 quintoque
524 2775 704 2826 sexiens,
736 2776 780 2816 in
809 2775 932 2817 libris
963 2775 1014 2816 de
1047 2775 1214 2817 excidio
1237 2774 1500 2828 Thuringiae
1532 2778 1599 2816 ter

87 2843 346 2885 concluserit
387 2847 682 2897 pentametros
725 2857 828 2885 voce
871 2843 967 2898 plus
1010 2857 1139 2897 quam
1185 2842 1409 2896 disyllaba.
1479 2842 1599 2884 cuius

86 2925 138 2953 ne
170 2911 383 2953 Martialis
415 2912 587 2965 quidem
622 2913 824 2965 aequavit
863 2912 1139 2966 elegantiam,
1183 2911 1256 2964 qui
1295 2911 1339 2950 in
1371 2910 1519 2952 Xeniis
1557 2914 1600 2952 et

88 2980 386 3033 Apophoretis,
421 2994 601 3034 quorum
626 2985 725 3022 sunt
747 2981 1007 3034 pentametri
1039 2979 1244 3028 CCCLVI,
1278 2978 1482 3032 migravit
1512 2979 1597 3020 Na-

1254 3046 1322 3080 17*
