1898 3292
786 211 905 237 LIBER
925 212 1134 236 SECVNDVS.
1634 203 1711 240 155

207 330 405 356 versuum
444 315 772 369 spondiacorunl
819 315 1053 368 praecipuo
1098 314 1224 354 modo
1262 314 1423 354 honore
1467 314 1710 355 habitorum

208 384 350 426 subito
382 384 497 425 venit
529 386 814 437 contemptus,
854 383 939 423 iam
984 396 1066 423 non
1097 386 1144 423 ut
1175 382 1423 423 viderentur
1454 384 1544 436 apti
1577 383 1714 423 doctis

206 454 348 507 potius
380 452 608 506 gravisque
631 452 838 493 materiae
861 451 1122 492 carminibus
1146 465 1274 504 quam
1296 450 1460 492 levibus
1484 455 1525 492 et
1546 451 1711 492 iocosis.

206 522 353 574 itaque
390 521 583 562 Valerius
615 520 794 561 Flaccus
825 520 955 561 semel
986 519 1119 560 habet
1151 520 1299 572 quinto
1340 519 1580 561 hexametri
1619 519 1712 560 loco

208 589 441 643 spondeum
475 589 524 644 [Ι,
547 589 649 643 468]
680 602 759 629 1100
781 588 950 642 saepius
975 588 1269 629 Sammonicus
1292 588 1425 643 [752],
1458 588 1714 641 quinquiens

207 658 467 700 Claudianus
499 658 568 713 [X,
596 661 694 710 1753
726 658 878 707 XXVI,
902 660 1004 708 3373
1036 656 1229 707 XXVIII,
1259 661 1356 709 1783
1388 656 1585 707 XXXIII,
1612 660 1713 707 1043

207 727 311 778 LIV,
348 727 409 781 1],
456 727 622 767 sexiens
668 726 795 767 Silius
837 725 912 780 [IL
946 729 1050 777 3143
1083 725 1151 775 IV,
1188 729 1291 777 2253
1325 730 1428 777 7443
1459 725 1569 775 VIII,
1602 728 1710 775 4323

207 799 309 847 6233
343 795 431 846 XV,
455 794 567 848 77ss],
597 795 782 848 septiens
806 794 980 844 Statius,
1009 807 1240 847 numquam
1264 794 1306 834 in
1329 794 1554 835 achilleide
1577 793 1710 848 [theb.

206 864 274 915 lv,
311 870 356 915 53
388 867 492 915 2273
522 867 625 914 2933
659 863 705 912 v,
737 866 838 915 2383
869 863 941 913 IX,
968 866 1071 914 3053
1101 863 1320 915 X11‚0303
1354 864 1442 904 silv.
1467 862 1514 913 V,
1539 866 1574 912 3
1602 863 1712 917 165}

205 932 452 974 abstinuere
474 936 617 972 autem
641 931 757 972 exitu
779 931 1084 985 spondiazonte
1107 931 1711 986 Symphosius,Nemesianus,

205 1000 502 1051 Merobaudes,
534 1000 771 1051 Palladius,
800 1000 1002 1041 laudator
1033 999 1243 1051 Herculis,
1278 1000 1496 1051 Boethius,
1530 999 1713 1052 denique

205 1070 487 1111 Terentianus
520 1073 691 1122 praeter
722 1083 891 1110 versum
923 1082 1055 1122 supra
1092 1069 1319 1122 prolatum.
1382 1073 1427 1110 at
1459 1068 1622 1110 scilicet
1653 1068 1713 1108 di-

204 1153 328 1180 versa
373 1137 496 1191 longe
536 1138 725 1179 Martiali
767 1138 970 1192 placuere
1019 1151 1069 1178 ac
1107 1138 1320 1188 Iuvenali,
1368 1152 1389 1179 e
1439 1137 1595 1191 quibus
1641 1136 1712 1177 ille

205 1207 376 1249 deciens
426 1211 601 1260 quater,
648 1207 717 1248 hic
763 1207 938 1248 triciens
979 1206 1234 1260 quinquiens
1277 1220 1361 1247 non
1401 1207 1540 1247 minus
1582 1205 1715 1246 habet

204 1291 351 1318 versus
382 1275 648 1329 spondiacos.
709 1279 752 1317 et
779 1275 886 1316 haec
915 1275 1085 1329 quidem
1119 1276 1395 1317 classicorum
1427 1276 1550 1316 ratio.

320 1345 383 1385 Ex
407 1344 651 1385 christianis
674 1344 922 1385 abstinuere
944 1344 1131 1385 numeris
1152 1345 1245 1386 istis
1268 1345 1467 1395 Avianus,
1490 1343 1714 1392 Luxorius,

205 1414 441 1464 Orientius,
491 1413 788 1463 Maximianus,
835 1414 1012 1464 Arator,
1062 1414 1296 1467 Eugenius,
1344 1412 1499 1467 quibus
1546 1411 1714 1453 accedit

205 1482 414 1525 Sedulius.
478 1477 574 1523 nam
606 1481 720 1535 quod
752 1481 938 1523 alienum
970 1482 1210 1536 exemplum
1243 1485 1363 1523 extat
1393 1481 1479 1522 tale
1512 1482 1565 1535 [c.
1595 1494 1634 1533 p.
1665 1479 1713 1529 V,

208 1552 306 1606 196]
350 1550 563 1592 ‘scribitur
596 1557 633 1591 et
664 1554 823 1592 titulus:
854 1554 920 1592 laic:
952 1558 1011 1591 esc
1039 1565 1117 1592 rea*
1139 1548 1425 1601 Iudaeorum',
1465 1549 1565 1590 inde
1588 1562 1713 1589 excu-

205 1624 345 1670 satur,
378 1619 493 1673 quod
524 1618 754 1660 bibliorum
785 1619 925 1660 verbis
957 1619 1168 1672 migratur
1198 1619 1359 1672 regula.
1419 1619 1566 1672 itaque
1599 1616 1713 1671 quod

205 1688 449 1730 Priscianus
481 1688 612 1729 semel
643 1691 685 1729 et
714 1688 806 1741 ipse
836 1688 967 1729 talem
1000 1688 1174 1729 admisit
1204 1702 1371 1729 versum
1405 1687 1547 1743 [339]:

476 1785 591 1819 limite
618 1797 726 1829 quam
752 1788 854 1820 recto
882 1786 1039 1820 mediam
1065 1789 1167 1820 secat
1190 1786 1445 1831 Appenninus,

203 1872 370 1913 veniast
399 1875 555 1926 parata
587 1885 611 1912 a
642 1872 810 1913 nomine
842 1874 1029 1926 proprio.
1091 1887 1218 1926 porro
1261 1877 1327 1915 ter
1360 1872 1711 1927 spondiazontem

202 1941 335 1982 habet
366 1940 569 1982 Claudius
604 1941 752 1981 Victor
784 1941 832 1995 [I,
856 1945 959 1993 4283
989 1941 1061 1991 ΙΙΙ,
1094 1945 1195 1994 600;
1229 1942 1341 1997 603}
1399 1945 1444 1982 at
1475 1955 1526 1982 ex
1558 1940 1712 1982 ceteris

206 2009 496 2063 segregandus
543 2012 608 2050 est
650 2010 857 2060 Avienus,
905 2010 998 2063 qui,
1047 2013 1095 2050 ut
1135 2011 1305 2052 omnino
1348 2010 1541 2051 duriores
1582 2008 1715 2050 habet

206 2091 424 2129 numeros,
465 2078 507 2118 in
538 2077 649 2118 libro
685 2078 935 2131 periegesis,
975 2079 1048 2132 qui
1093 2082 1262 2120 constat
1302 2078 1565 2120 hexametris
1599 2078 1713 2118 circa

205 2146 402 2197 MCCCC,
440 2146 613 2187 admisit
639 2159 786 2187 versus
816 2147 1071 2200 spondiacos
1114 2148 1320 2198 XXVIII,
1360 2147 1497 2201 magis
1538 2147 1712 2188 hercule

203 2215 352 2256 similis
397 2214 553 2256 Catulli
599 2218 641 2256 et
686 2216 930 2268 aequalium
977 2216 1104 2257 huius
1151 2231 1279 2270 quam
1325 2217 1503 2258 ultimae
1544 2215 1713 2269 imperii

205 2283 361 2325 aetatis
400 2283 630 2324 hominum.
693 2284 848 2325 etenim
885 2299 1146 2339 quamquam
1187 2285 1241 2326 ab
1282 2285 1348 2326 his
1391 2284 1571 2326 subinde
1615 2287 1713 2325 sunt

207 2351 390 2393 adhibiti
422 2351 769 2405 spondiazontes,
809 2366 893 2394 non
924 2357 1067 2395 tamen
1096 2353 1294 2395 binorum
1324 2355 1589 2395 trinorumve
1621 2366 1711 2393 ver-

204 2434 326 2461 suum
370 2419 620 2473 exceptione
649 2420 906 2474 migrabitur
936 2425 1001 2463 tot
1030 2422 1194 2464 milium
1226 2422 1511 2464 observantia.
1573 2436 1711 2475 neque

203 2487 434 2539 dubiumst,
465 2489 579 2542 quin,
603 2489 716 2542 quod
739 2489 839 2530 olim
862 2490 1018 2532 eximia
1041 2491 1255 2544 elegantia
1277 2491 1526 2533 crederetur
1547 2490 1712 2541 florere,

203 2561 357 2610 quarto
389 2557 624 2610 quintoque
655 2562 753 2611 post
774 2558 989 2600 Christum
1021 2560 1191 2601 saeculo
1224 2560 1408 2601 alienum
1442 2560 1495 2601 ab
1529 2563 1622 2600 arte
1656 2560 1711 2601 sit

201 2626 409 2667 habitum.
470 2625 583 2667 unde
614 2626 733 2667 Beda
772 2629 994 2681 nugatoris
1037 2629 1181 2670 nescio
1223 2629 1342 2670 cuius
1386 2629 1566 2670 ridiculo
1608 2643 1710 2670 usus

201 2695 372 2736 invento
405 2695 509 2736 dicit
549 2696 678 2749 [2372
703 2696 784 2750 sq.]
826 2712 848 2736 ν
888 2696 1079 2738 litteram
1113 2698 1366 2739 solutionem
1411 2698 1621 2751 recipere,
1662 2701 1711 2739 ut

203 2764 326 2816 quasi
364 2763 579 2804 inculcata
618 2764 754 2805 vocali
797 2765 839 2805 in
879 2765 945 2806 his
985 2766 1178 2807 versibus
1219 2765 1412 2817 ‘palpitat
1444 2773 1563 2816 atque
1596 2769 1709 2807 adim

203 2835 437 2882 spiraminis
470 2831 732 2883 intercepto’,
783 2832 862 2874 ‘sic
900 2848 1054 2885 prope,
1096 2838 1154 2875 sic
1183 2839 1300 2885 Zonye
1331 2837 1411 2874 sila
1439 2838 1613 2875 culmina
1645 2848 1708 2875 re-

202 2897 443 2953 sperqebat’
489 2901 854 2955 pronuntiandum
877 2902 932 2943 sit
963 2906 1202 2954 interecepto
1235 2903 1322 2943 sive
1354 2906 1636 2956 resperigsebat
1668 2908 1710 2950 et
