1898 3292
797 163 917 188 nnana
937 161 1126 193 QVARTVS.
1634 152 1714 190 343

209 281 305 307 nain
338 265 451 319 apud
486 265 665 307 eundem
699 265 813 318 quod
841 265 978 306 fertur
1009 264 1136 318 [prof.
1162 268 1197 313 3,
1222 263 1264 317 G]
1309 261 1569 314 ‘linquentem
1599 271 1714 303 natos

207 337 326 375 sexui
371 341 544 385 utroque
591 331 731 383 ἅπας’,
778 332 1051 374 scribendum
1099 346 1192 372 cum
1241 330 1477 372 Pulmanno
1523 345 1625 371 sexu
1673 334 1713 371 in

207 410 391 453 ulroqzw.
452 416 580 456 porro
617 402 747 443 semel
778 401 975 443 Sedulius
1008 401 1155 455 [carm.
1187 399 1332 453 pasch.
1366 399 1413 449 V,
1445 399 1571 453 412]:

481 485 607 525 pastor
632 465 755 515 amans
781 492 915 525 augere
942 491 1083 525 greges
1124 480 1292 524 operario
1318 479 1354 512 in
1382 478 1490 512 omni.

205 550 352 603 itaque
384 550 628 591 Priscianus
660 549 837 604 [perieg.
873 550 972 604 541]
1006 549 1136 590 etiam
1167 548 1210 589 in
1240 561 1387 589 versus
1421 547 1539 588 exitu
1570 547 1714 601 posuit

199 617 377 660 ‘insulae
408 616 575 670 Abycli'.
638 618 822 671 denique
852 618 1035 659 Avienus
1077 616 1258 671 pedibus
1298 616 1437 669 primo
1481 618 1523 656 et
1564 615 1712 668 quinto

204 686 443 728 hexametri
480 686 592 727 elisit
626 687 797 727 cretica.

320 754 402 796 Sed
447 755 549 808 quid
595 755 748 796 mirum
792 755 951 795 veritos
1001 767 1093 795 esse
1138 757 1305 794 veteres
1350 752 1533 792 creticos
1581 751 1712 805 pedes

206 823 365 865 elidere
395 827 601 877 sequente
632 824 764 873 brevi,
799 837 892 864 cum
915 820 1088 876 plurimi
1121 835 1267 862 eorum
1301 834 1351 861 ne
1384 819 1713 874 spondiazontes

208 891 379 945 quidem
421 892 504 932 hae
546 892 624 933 sub
667 892 916 932 condicione
948 891 1211 932 sustinerent
1240 889 1523 929 imminuere?
1580 888 1713 941 igitur

205 974 299 1000 cum
332 960 521 1014 priorum
555 960 749 1014 plerique
781 960 920 1000 minus
952 960 1132 999 fuissent
1163 957 1279 998 anxii
1304 956 1492 998 cavendo
1516 956 1712 997 elisiones

203 1027 324 1079 tales,
356 1030 617 1082 posteriores
660 1028 714 1070 ab
747 1027 898 1069 Ovidio
929 1040 1065 1080 usque
1098 1040 1221 1068 raras
1254 1029 1296 1067 et
1328 1025 1456 1066 certis
1487 1025 1577 1066 fere
1608 1025 1712 1078 legi-

203 1095 282 1137 bus
334 1096 566 1138 adstrictas
618 1096 842 1138 admisere.
913 1096 987 1137 sed
1043 1095 1213 1136 omnino
1259 1094 1507 1136 abstinuere
1560 1097 1713 1134 auctor

204 1165 418 1216 Dirarum,
446 1164 659 1216 Manilius,
686 1165 954 1219 Calpurnius,
987 1164 1151 1206 Statius
1183 1164 1224 1204 in
1248 1161 1497 1212 Achilleide,
1528 1161 1714 1215 scriptor

207 1233 438 1286 elegiarum
473 1233 524 1275 de
555 1234 675 1275 obitu
707 1233 990 1282 Maecenatis,
1034 1237 1233 1274 auctores
1266 1231 1545 1284 Priapeorurn
1576 1230 1618 1270 in
1650 1229 1711 1270 di-

204 1301 366 1353 stichis,
396 1302 597 1356 Sulpicia,
631 1302 861 1352 Palladius,
886 1302 1159 1350 Claudianus,
1183 1300 1380 1349 Rutilius,
1412 1298 1711 1348 Merobaudes,

203 1369 478 1421 Tiberianus,
521 1372 593 1424 qui
626 1371 814 1413 Culicem
855 1374 897 1411 et
931 1370 1081 1411 laudes
1120 1368 1318 1410 Herculis
1361 1373 1403 1409 et
1443 1367 1709 1421 pervigilium

205 1439 381 1479 Veneris
415 1453 710 1493 composuere,
741 1442 970 1493 praeterea
1002 1452 1053 1479 ex
1084 1437 1330 1479 christianis
1363 1437 1564 1484 Avianus,
1596 1435 1710 1476 Mar-

203 1508 345 1548 tianus
378 1513 502 1548 extra
534 1508 764 1559 trimetros,
797 1507 1015 1557 Boethius,
1039 1507 1268 1560 Eugenius,
1302 1505 1487 1558 scriptor
1510 1503 1711 1545 carminis

203 1575 255 1617 de
286 1576 510 1617 Phoenice.
572 1576 727 1630 quibus
755 1576 939 1630 proximi
969 1589 1208 1626 accessere,
1253 1574 1325 1628 qui
1363 1587 1446 1614 non
1478 1573 1712 1614 admittunt

203 1644 420 1685 elisionem
442 1644 522 1685 nisi
555 1645 694 1698 prima
716 1658 863 1686 versus
886 1644 985 1685 sede
1009 1648 1095 1694 aut,
1127 1644 1170 1684 in
1203 1642 1359 1696 quibus
1389 1642 1470 1683 hoc
1501 1655 1582 1682 non
1611 1641 1712 1682 licet

202 1712 368 1763 metris,
409 1713 623 1766 proxima,
668 1727 849 1766 quorum
892 1726 1085 1754 normam
1130 1716 1308 1753 tenuere
1347 1709 1540 1751 Tibullus
1587 1713 1711 1751 extra

202 1781 528 1835 panegyricum,
571 1781 763 1823 Catullus
804 1782 847 1822 in
879 1781 1162 1831 hexametris,
1206 1779 1382 1821 Ovidius
1420 1780 1464 1820 in
1503 1778 1710 1828 distichis,

201 1849 414 1891 Homerus
437 1849 627 1901 Latinus,
659 1849 870 1899 Lucanus,
893 1849 1140 1899 Columella,
1170 1848 1372 1890 laudator
1394 1847 1572 1897 Pisonis,
1596 1847 1710 1887 Mar-

200 1918 335 1969 tialis,
368 1919 532 1959 Seneca
561 1919 604 1959 in
638 1918 837 1968 choricis,
879 1918 1065 1971 scriptor
1097 1919 1279 1967 Aetnae,
1311 1916 1612 1965 Nemesianus,
1642 1916 1709 1956 Iu-

202 2000 377 2036 vencus,
424 1988 599 2037 Arator,
638 1986 944 2036 Maximianus,
978 1986 1188 2039 Corippus
1231 1985 1275 2025 in
1311 1984 1513 2025 laudibus
1545 1984 1708 2033 Iustini,

202 2056 474 2097 Octavianus.
545 2058 590 2096 at
637 2054 929 2108 exemplorum
971 2067 1080 2107 quae
1127 2053 1258 2094 fuerit
1297 2053 1517 2106 paucitas,
1564 2052 1710 2093 statim

201 2123 517 2165 demonstrabo.
577 2123 709 2176 igitur
752 2136 835 2164 uno
874 2123 969 2164 loco
1009 2123 1179 2175 longam
1212 2136 1308 2163 cum
1339 2121 1460 2163 brevi
1493 2120 1711 2175 copulavit

200 2192 402 2233 laudator
434 2192 600 2232 Pisonis
637 2192 729 2246 [81]
771 2192 813 2232 in
845 2191 1032 2232 formula
1074 2190 1224 2242 ‘quare
1255 2188 1373 2242 αφ’,
1412 2190 1515 2231 item
1559 2193 1710 2231 auctor

200 2259 332 2301 Nucis
363 2261 454 2315 [25]
499 2259 630 2301 ‘certe
662 2258 757 2311 eqo'
794 2263 837 2301 et
866 2260 1031 2301 Aetnae
1063 2259 1184 2314 [194]
1228 2257 1306 2300 ‘ille'
1338 2255 1530 2310 operisl',
1581 2271 1709 2311 porro

203 2330 365 2369 Seneca
387 2328 572 2369 Hercule
595 2328 755 2370 Oetaeo
782 2327 924 2384 [1956]
972 2326 1103 2369 ‘certe
1127 2342 1199 2379 eqo
1224 2334 1260 2368 te
1283 2331 1364 2368 vidi
1390 2323 1705 2379 flaytmzlc'bzcs'.

201 2396 390 2438 notabile
433 2401 576 2437 autem
618 2396 726 2438 alias
766 2411 819 2438 ne
851 2397 894 2437 in
925 2397 1134 2438 trimetris
1169 2396 1341 2449 quidem
1373 2395 1547 2437 fabulae
1581 2395 1708 2436 huius

199 2466 378 2506 inveniri
402 2465 621 2506 elisionem
642 2465 782 2507 istam.
834 2479 931 2506 nam
962 2465 1076 2518 quod
1099 2465 1224 2518 vulgo
1260 2465 1397 2506 fertur
1428 2463 1509 2506 hoo
1540 2464 1708 2518 [127o]:

474 2546 541 2579 tibi
566 2545 627 2578 illa
650 2545 776 2589 virtus,
804 2556 896 2589 quae
920 2547 977 2579 tot
1003 2545 1099 2579 elisit
1123 2545 1226 2588 mala,

474 2602 541 2637 tibi
567 2602 678 2636 cessit
702 2602 774 2636 uni.
824 2602 942 2646 primo
973 2604 1010 2636 et
1038 2605 1122 2636 ante
1149 2612 1274 2636 omnes
1299 2601 1388 2635 mihi

474 2659 601 2693 fletum
630 2659 823 2703 abstulisti,

201 2743 296 2769 cum
328 2728 481 2768 merito
513 2731 804 2781 suspectetur,
845 2728 942 2769 vide
974 2742 1026 2767 an
1060 2727 1211 2768 melius
1247 2726 1437 2767 habeant
1465 2724 1617 2766 ultima
1648 2725 1708 2765 sic

193 2795 345 2846 ‘prima
373 2803 410 2836 et
441 2821 498 2825 —
529 2800 581 2836 (ch
618 2804 766 2836 lemnes
803 2821 858 2826 —-
897 2799 993 2836 mihi
1029 2801 1165 2847 fletum
1203 2797 1403 2835 abstulisti
1414 2791 1440 2835 ’.
1484 2819 1538 2824 —-
1578 2793 1707 2834 semel

201 2865 330 2905 etiam
372 2864 653 2906 Nemesianus
692 2864 845 2917 longae
888 2864 1053 2916 iugavit
1091 2868 1334 2916 correptam
1376 2862 1438 2903 ita
1477 2863 1530 2917 [c.
1567 2866 1599 2913 l,
1632 2862 1704 2916 21]
