1898 3292
262 212 343 250 416
860 221 976 245 LIBER
999 221 1181 251 QVIN¹1=vs

537 323 598 355 illa
623 323 679 356 vel
707 322 751 355 ad
780 322 888 356 flatus
918 322 1065 356 Helices
1093 322 1262 366 oppande
1289 334 1448 366 serenae,

535 380 591 413 vel
621 380 801 424 caligineo
827 379 983 413 laxanda
1009 380 1176 423 reponite
1202 380 1312 413 fumo.

260 449 302 489 in
335 447 491 501 quibus
533 448 647 501 quod
690 449 932 502 promiscue
975 448 1235 489 adhibentur
1275 453 1463 499 oppande
1498 452 1539 489 et
1573 453 1770 500 reponile.

260 517 399 558 minus
445 517 593 570 utique
634 516 832 557 durumst
872 517 979 558 illud
1012 531 1138 570 quam
1173 516 1286 570 quod
1315 517 1473 569 legitur
1502 518 1543 557 in
1578 517 1771 571 Priapeis

260 587 345 640 [487
381 590 415 635 1,
450 589 495 637 33
526 585 576 625 cf.
609 586 708 626 Hor.
737 600 800 639 ep.
833 586 863 636 Ι,
897 589 934 636 2,
965 590 1037 636 71;
1070 586 1194 639 Prop.
1226 586 1273 635 V,
1309 591 1343 635 5,
1378 589 1428 625 77
1463 600 1544 638 sq.;
1578 586 1650 627 ov.
1675 590 1771 627 met.

262 654 349 705 XV,
375 658 468 705 677,
492 655 535 708 8]
580 652 710 704 ‘quod
732 662 894 704 perlem
924 658 1129 695 madidam
1157 658 1233 694 mei
1264 657 1408 695 videsis
1430 679 1485 684 -—
1508 669 1584 695 non
1610 662 1668 695 ess
1690 671 1770 701 ros,

259 726 354 764 milei
385 727 521 771 crede,
556 737 630 763 nec
653 720 851 773 prm'na’.
914 736 1050 775 neque
1084 737 1182 763 vero
1216 736 1240 763 a
1273 723 1503 776 Calpurnio
1536 723 1770 776 quidquam

258 792 299 831 in
334 806 355 832 ο
381 791 499 832 finali
528 791 774 841 admissum,
809 791 923 844 quod
946 791 1134 843 Vergilio
1163 791 1493 845 improbaretur.
1541 806 1671 845 porro
1694 792 1771 833 Pe-

257 860 424 901 tronius
456 874 477 900 0
510 873 605 900 cum
635 873 762 912 saepe
801 860 1035 913 producat,
1075 874 1159 900 non
1202 860 1380 913 corripit
1422 864 1546 901 extra
1586 861 1771 901 iambica

259 929 339 969 nisi
369 929 411 968 in
442 928 508 969 his
543 941 654 981 quae
687 931 786 968 sunt
817 932 1027 969 homuncio
1065 929 1179 982 [153‚
1215 933 1231 969 1
1270 929 1417 983 ΜΘΗ,
1467 932 1587 970 Curis)
1628 929 1698 983 [de
1731 929 1769 970 b.

257 1012 290 1038 c.
325 997 437 1050 289}
498 1011 597 1038 nam
629 998 672 1037 in
705 998 893 1038 carmine
923 997 995 1037 illo
1028 997 1127 1051 [183
1164 997 1258 1051 M.]:

533 1077 689 1110 candida
715 1077 867 1111 sidereis
898 1078 1097 1111 ardescunt
1123 1078 1257 1111 lumina
1285 1078 1439 1111 flammis

259 1147 373 1200 quod
422 1147 623 1200 leguntur
665 1151 839 1198 lamque«)
882 1151 922 1187 et
965 1154 1103 1187 mamm
1152 1151 1353 1201 correpta
1397 1146 1514 1187 finali
1566 1148 1770 1200 exemplis

256 1216 415 1257 talibus
452 1216 525 1269 [20
557 1215 664 1269 sq.]:

531 1297 700 1340 langueo,
727 1296 870 1339 deficio,
898 1307 1098 1338 marcesco,
1129 1296 1271 1340 punior,
1303 1308 1398 1339 uror7

533 1357 671 1396 aestuo,
699 1354 853 1397 suspiro,
881 1365 1003 1397 pereo7
1032 1353 1196 1395 divellor7
1223 1353 1365 1395 anhelo³

258 1422 470 1463 verissimi
501 1422 633 1473 fuere,
667 1423 739 1476 qui
772 1436 918 1463 versus
951 1423 1057 1463 istos
1085 1423 1343 1475 incongruos
1366 1422 1549 1463 sanitati
1582 1422 1770 1462 Petronii

258 1494 300 1532 et
330 1491 466 1544 magis
499 1491 663 1532 Sidonii
692 1491 759 1532 vel
790 1491 991 1532 Venantii
1023 1491 1195 1544 aequali
1226 1505 1353 1544 quam
1385 1492 1547 1532 Lucani
1580 1492 1666 1531 sive
1697 1491 1768 1531 Se-

258 1573 388 1601 necae
431 1561 733 1602 existimarunt
772 1564 908 1614 aptos.
970 1563 1061 1601 tum
1105 1574 1129 1600 a
1167 1560 1314 1601 Persio
1355 1560 1528 1601 nomina
1572 1560 1769 1612 equidem

259 1629 421 1670 cretica
451 1633 526 1671 aut
558 1629 814 1683 spondiaca‚
859 1629 934 1669 sed
976 1642 1060 1669 non
1092 1629 1268 1682 perinde
1301 1628 1431 1669 verba
1465 1629 1769 1682 corripiuntur,

258 1698 331 1751 qui
362 1711 446 1739 non
477 1702 593 1739 recte
627 1698 899 1739 existimat-ur
942 1697 1100 1739 dixisse
1143 1699 1199 1752 [6,
1233 1696 1300 1753 55]
1346 1696 1516 1738 ‘accedo
1550 1695 1768 1741 BouNMxss

256 1781 335 1820 pro
367 1781 450 1820 quo
482 1781 581 1808 vere
612 1766 745 1808 habet
777 1766 890 1820 quod
924 1766 1048 1807 libris
1078 1766 1455 1819 illontepessulano
1487 1780 1537 1807 ac
1561 1766 1768 1806 Vaticano

256 1835 444 1877 traditur
485 1840 647 1877 accede.
714 1835 841 1877 huius
882 1835 1009 1889 plane
1050 1839 1222 1877 secutus
1264 1835 1453 1876 rationes
1486 1835 1702 1876 Lucanus.
1745 1848 1770 1874 a

257 1918 340 1957 quo
363 1908 592 1958 praeterea
624 1905 754 1946 semel
776 1904 998 1945 breviatur
1031 1918 1128 1955 erqo
1163 1904 1391 1959 [112256]
1445 1908 1489 1945 at
1522 1903 1637 1957 apud
1668 1917 1769 1944 eun-

257 1973 354 2014 dem
376 1973 491 2026 quod
521 1973 685 2027 placuit
719 1973 848 2028 [VIIL
874 1973 971 2026 183]
1004 1972 1221 2026 plerisque
1265 1971 1412 2023 ‘pergyo
1434 1969 1643 2018 sinistra’,
1676 1975 1772 2012 tuta

257 2046 484 2095 spernetur
525 2056 603 2096 pro
636 2055 703 2093 eo,
746 2042 860 2095 quod
896 2041 1092 2095 pluribus
1134 2042 1342 2082 asseritur
1382 2041 1585 2083 testibus:
1620 2054 1767 2091 [ην-μθ.

257 2110 439 2151 similem
471 2125 572 2152 vero
603 2124 839 2164 paremque
872 2111 1059 2164 optinuit
1092 2124 1285 2152 normam
1310 2109 1450 2151 Silius.
1503 2124 1528 2150 a
1558 2123 1642 2163 quo
1675 2124 1768 2150 cum

256 2194 384 2233 saepe
415 2181 589 2221 nomina
627 2180 814 2221 maxime
853 2180 1031 2234 propria
1070 2179 1337 2231 brevientur,
1380 2178 1512 2220 verba
1553 2192 1636 2219 non
1677 2192 1769 2219 cor—

256 2249 471 2302 ripiuntur
504 2252 679 2302 praeter
711 2252 850 2290 nuntio
885 2249 1014 2303 [VIIL
1039 2252 1144 2300 2393
1176 2248 1247 2299 XI,
1273 2249 1372 2302 507]
1407 2251 1449 2289 et
1479 2262 1629 2298 quaeso
1662 2247 1768 2301 [xil

259 2318 371 2371 747}
434 2331 455 2358 e
488 2317 644 2370 quibus
675 2317 782 2359 illud
817 2317 943 2358 metri
975 2317 1245 2367 necessitate,
1277 2317 1358 2358 hoc
1389 2316 1635 2369 frequentia
1668 2330 1770 2356 usus

257 2389 405 2438 aptum
447 2385 529 2426 fuit
569 2386 624 2427 ad
661 2386 1011 2427 imminuendum.
1073 2385 1147 2427 sed
1180 2399 1205 2426 a
1236 2385 1461 2439 particulis
1491 2384 1608 2425 haud
1641 2384 1769 2425 dubie

258 2454 368 2495 idem
411 2455 563 2507 procul
608 2454 818 2496 abstinuit
859 2454 1076 2496 licentiam
1117 2455 1261 2505 istam,
1301 2468 1380 2495 nec
1420 2468 1445 2495 a
1486 2457 1623 2494 metro
1665 2453 1769 2492 sutis

258 2526 306 2563 ut
338 2526 453 2564 recte
484 2523 646 2565 habeat
676 2523 815 2574 locus,
858 2524 930 2577 qui
966 2525 1007 2564 in
1039 2523 1258 2565 codicibus
1291 2522 1519 2564 exhibetur
1549 2522 1637 2563 fere
1671 2521 1769 2561 talis

258 2591 347 2645 Hx,
382 2592 501 2645 193]:
974 2606 977 2608 ·

793 2661 880 2694 mihi
907 2672 1040 2705 magna
1067 2661 1164 2704 satis,
1191 2663 1245 2694 sut
1270 2672 1357 2695 vero
1384 2671 1567 2704 superque

624 2717 784 2751 bellandi
809 2729 950 2752 merces
977 2718 1024 2752 sit
1049 2718 1175 2763 gloria.

258 2811 520 2851 quamquam
552 2811 604 2839 ne
635 2798 741 2838 illud
773 2799 945 2851 quidem
987 2798 1231 2852 prolmlnst,
1275 2798 1389 2851 quod
1421 2798 1546 2850 vulgo
1589 2799 1768 2839 circum-

257 2866 393 2907 fertur
437 2865 520 2907 ‘sm
559 2865 693 2908 vet-(1⁷.
760 2867 874 2908 venit
916 2882 940 2907 a
981 2867 1084 2907 Silio
1131 2866 1213 2907 ‘sal
1248 2865 1385 2907 elamz'
1430 2870 1472 2907 et
1515 2864 1613 2915 ‘W'-
1679 2866 1766 2907 Ma-

258 2935 383 2976 nilius
407 2949 501 2976 cum
534 2936 650 2977 haud
683 2935 809 2977 dubie
842 2937 1067 2976 imminuat
1100 2937 1283 2986 1101011111,
1316 2939 1544 2989 praeterea
1576 2935 1649 2975 illa
1683 2944 1768 2975 octo
