1898 3292
255 205 335 243 040
920 213 1041 237 mmm
1064 212 1101 236 11.

256 319 346 357 190.
380 315 489 370 (VH,
522 315 622 368 294)
658 317 749 365 190,
786 318 820 355 1.
854 314 988 367 (VIII,
1022 316 1114 354 300.
1147 313 1247 365 414)
1283 315 1374 353 191.
1408 312 1497 365 (IX,
1532 314 1631 365 193)
1663 316 1757 353 410.

253 385 322 440 (X,
354 387 446 425 332.
481 386 581 437 939)
624 386 716 424 191.
759 382 857 437 (XI,
891 386 955 423 53.
986 383 1086 435 313)
1118 384 1212 422 293.
1244 380 1317 434 (ib.
1351 384 1444 423 309.
1474 381 1562 435 fin.)
1599 385 1689 432 191,
1722 385 1759 422 2.

253 453 386 508 (xm,
417 455 510 493 712.
544 455 636 493 759.
669 451 769 504 323)
805 453 896 492 192.
929 450 1058 504 (XVI,
1088 449 1187 502 022)
1219 452 1310 494 192.
1345 452 1379 490 3.
1403 449 1554 503 (XVII,
1589 451 1631 502 5)
1663 453 1758 490 411.

369 520 514 561 simitu
545 523 627 561 499
660 533 721 573 sq.

367 589 470 630 sino.
502 588 581 629 sivi
613 590 707 630 508.
740 587 837 629 siris
870 590 964 629 507.

369 656 579 711 siquidem
614 659 706 698 518.
740 655 790 697 cf.
819 660 913 698 437.
946 660 1040 697 442.

369 726 548 767 Sisenna
580 725 887 778 grammaticus
920 728 1012 765 526.
1073 724 1304 765 historicus
1335 727 1429 764 471.

369 808 447 835 so-.
492 793 542 835 cf.
574 794 623 835 l.:
653 807 731 835 39-,

368 862 474 905 301Ιό
506 865 601 904 414.

370 932 486 973 solvo
520 933 612 973 308.
645 933 738 973 309.
772 929 822 972 cf.
857 933 949 972 306.

367 999 601 1055 Sophocles
636 1002 727 1042 143.

368 1068 523 1111 sorbeo
555 1068 721 1124 (sorbo)
755 1071 849 1110 510.

369 1141 517 1192 specto
548 1150 627 1191 pro
660 1141 862 1192 exspecto
896 1140 988 1178 351.

370 1219 516 1261 speres
547 1209 629 1247 477
663 1219 723 1259 sq.

370 1275 516 1317 statim
549 1277 644 1316 432.

372 1343 537 1385 Statius
582 1346 646 1384 90.
693 1346 784 1383 143.
829 1346 921 1384 337.
967 1345 1048 1383 560
1080 1356 1139 1395 sq.
1182 1344 1274 1383 567.
1308 1355 1385 1382 em.
1420 1340 1554 1395 (theb.
1588 1339 1635 1388 V,
1671 1341 1763 1379 140.

259 1413 356 1466 149)
390 1415 484 1454 254.
523 1411 597 1465 (ib.
632 1414 725 1452 350.
757 1413 858 1466 473)
893 1414 984 1452 309.
1012 1411 1085 1465 (ib.
1119 1412 1220 1464 450)
1255 1413 1347 1451 343.
1378 1409 1485 1463 (silv.
1520 1408 1590 1453 ΙΙΙ,
1624 1412 1658 1453 5
1692 1408 1764 1460 44)

257 1483 350 1523 369.

371 1552 540 1591 statura
570 1552 666 1590 432.

371 1621 511 1660 status
543 1620 637 1659 432.

371 1686 529 1728 suadeo
560 1688 654 1727 308.
688 1689 781 1728 309.

372 1758 524 1809 suapte
557 1753 693 1809 disyll.
732 1757 825 1795 322.

371 1823 643 1866 substantiva
675 1822 897 1865 abstracta
929 1826 1022 1865 516.

373 1892 526 1934 Sueius
557 1896 621 1935 63.

373 1974 534 2003 suesco.
576 1961 630 2003 ab
661 1961 744 2002 hoc
774 1974 884 2014 quae
907 1960 1172 2002 descendunt
1192 1959 1415 2001 transitive
1437 1959 1579 2013 posita
1611 1962 1704 2010 432,
1729 1962 1766 1999 3.

259 2029 409 2072 eadem
440 2029 655 2072 interdum
686 2029 850 2071 habent
879 2044 907 2071 11
938 2029 1128 2070 vocalem
1164 2031 1257 2079 308,
1290 2032 1326 2069 9.
1360 2027 1411 2069 cf.
1445 2031 1537 2069 546.

373 2098 563 2152 Sulpicia
596 2098 875 2152 elegidiorum
909 2101 1059 2139 auctor
1092 2101 1156 2139 24.
1190 2100 1255 2138 33.
1290 2099 1355 2137 37.

373 2167 563 2221 Sulpicia
593 2170 768 2208 saturae
800 2170 951 2208 auctor
983 2170 1076 2208 305.
1110 2180 1187 2207 em.
1220 2166 1281 2220 (5)
1314 2168 1406 2207 306.
1441 2166 1531 2220 (55)
1565 2168 1658 2207 387.

360 2250 477 2281 sum.
508 2249 647 2290 praes.
680 2235 806 2276 indic.
839 2238 881 2276 et
909 2235 1014 2276 coni.
1059 2235 1221 2276 formae
1252 2233 1573 2288 monosyllabae
1596 2234 1767 2287 quando

257 2303 515 2345 inclinentur
549 2307 643 2355 466,
673 2308 708 2344 7.
771 2307 833 2344 est
864 2303 929 2344 vel
962 2317 1006 2344 es
1038 2306 1284 2344 truncatum
1316 2302 1603 2356 praecedente
1633 2303 1769 2344 vocali

259 2371 325 2413 vel
356 2386 397 2413 m
430 2375 610 2413 364—6.
643 2372 694 2413 cf.
729 2375 822 2413 357.
865 2376 929 2413 est
959 2375 1205 2412 truncatum
1237 2370 1523 2424 praecedente
1556 2385 1574 2412 s
1605 2374 1700 2421 428,
1732 2375 1769 2412 9.

262 2444 328 2482 est
359 2441 432 2493 qui
465 2443 558 2481 268.
622 2445 687 2482 est
727 2445 775 2482 ut
816 2443 909 2481 273.
973 2444 1038 2481 est
1078 2439 1143 2480 vel
1185 2443 1284 2480 sunt
1325 2439 1527 2480 omissum
1570 2443 1662 2480 514.
1723 2443 1771 2480 ut

261 2512 326 2550 est
346 2522 424 2563 pro
447 2512 495 2550 ut
517 2508 566 2550 fit
589 2512 682 2551 234.
734 2509 825 2550 sim.
858 2509 974 2550 siem.
1007 2508 1123 2550 fuam
1147 2510 1240 2557 513,
1263 2512 1300 2548 4.
1332 2514 1501 2549 erimus.
1535 2509 1653 2549 eritis
1676 2511 1769 2549 455.

261 2578 380 2619 escit.
416 2577 519 2619 essit
552 2580 644 2619 514.
705 2577 766 2619 fui
797 2581 999 2631 porrecta
1030 2577 1170 2631 prima
1200 2578 1292 2618 286.
1342 2576 1445 2617 item
1476 2576 1646 2617 futurus
1675 2579 1770 2618 433.

377 2659 560 2700 superne
591 2648 686 2687 418.

377 2714 526 2769 suplex
558 2715 651 2756 594.
685 2713 737 2755 cf.
770 2718 865 2756 448.

376 2797 460 2825 sus.
494 2782 629 2824 subus
659 2786 741 2824 433
775 2796 835 2836 sq.

376 2865 488 2893 suus.
532 2865 620 2893 suo.
660 2865 769 2893 suos.
813 2864 946 2892 suam.
992 2864 1091 2891 suas
1123 2851 1342 2906 monosyll.
1376 2854 1469 2901 321,
1513 2854 1548 2891 2.
1593 2865 1672 2892 303.
1714 2852 1771 2892 313

264 2932 341 2974 pro
373 2933 482 2961 suos.
516 2920 603 2961 suis
640 2923 732 2961 322.
