1898 3292
198 192 277 229 358
790 201 909 224 LIBER
929 199 1122 230 ovam-vs.

313 302 396 341 lam
440 305 484 341 ut
527 306 669 341 cetera
713 316 1039 354 persequamur,
1082 316 1132 342 ea
1176 301 1243 341 lex
1281 306 1344 341 est
1377 301 1615 342 hexametri
1647 327 1699 330 ο

196 384 337 423 quam,
371 383 455 422 quo
487 371 668 423 quisque
691 370 744 410 ad
776 369 995 423 perfectae
1031 384 1224 410 normam
1256 369 1493 422 elegantiae
1525 370 1702 423 propius

197 437 389 487 accessit,
422 451 471 478 eo
506 451 729 479 servavere
753 437 943 478 curatius
974 462 1046 487 --,
1083 438 1287 478 incisione
1321 441 1368 478 ut
1398 438 1703 491 semiquinaria

197 506 416 559 optinente
450 505 629 558 quodvis
660 520 792 558 genus
824 505 1046 547 elisionum
1079 509 1121 546 et
1150 507 1290 558 prima
1317 506 1429 547 thesi
1451 510 1491 547 et
1514 506 1702 547 secunda

197 575 283 615 arsi
326 578 369 615 et
408 578 499 615 toto
540 573 648 627 pede
692 578 847 627 quarto
891 574 1093 627 usurpari
1132 574 1272 615 liceat.
1341 589 1471 627 quam
1510 574 1702 615 imminui

195 642 441 683 libertatem
473 646 680 692 verumst-,
719 642 1077 695 quandocumque
1111 657 1205 683 cum
1237 642 1538 683 trithemimeri
1568 642 1702 695 heph-

195 710 459 751 themimeris
491 724 659 751 versum
690 710 852 751 dividit.
914 714 1141 763 praeterea
1179 710 1503 751 memorandum
1536 709 1703 751 facilius

197 782 244 819 ut
275 778 384 819 thesi
408 778 597 819 secunda
628 793 757 831 quam
787 778 928 829 tertia,
957 780 1019 820 ita
1051 780 1136 819 arsi
1170 780 1300 820 tertia
1328 792 1455 832 quam
1479 782 1601 819 sexta
1630 778 1703 819 ad-

198 847 307 887 mitti
340 847 569 888 elisionem.
621 850 666 888 at
697 846 811 900 quod
843 850 942 888 ante
974 847 1110 900 quinti
1140 847 1263 901 pedis
1291 848 1471 900 primam
1495 847 1703 901 syllabam

197 915 263 955 vel
296 915 468 957 tertiam
503 929 630 968 saepe
663 915 893 956 adhibetur
932 915 1098 966 eadem,
1138 915 1181 956 id
1214 930 1313 956 vero
1346 931 1371 956 a
1402 920 1558 956 natura
1590 915 1704 956 illius

198 983 408 1037 dactylica
441 983 572 1030 venit,
616 984 683 1024 cui
715 988 763 1024 ut
793 984 1108 1035 satisfacerent,
1141 975 1302 1025 remitti
1334 983 1566 1037 aliquando
1601 983 1704 1024 alia-

198 1066 291 1092 rum
323 1051 462 1104 legum
494 1052 768 1092 severitatem
801 1066 986 1105 aequum
1015 1052 1106 1093 fuit.

312 1120 447 1173 igitur
479 1120 829 1172 diligentissimus
858 1121 1038 1174 quisque
1061 1126 1286 1174 poetarum
1310 1121 1526 1162 elisionem
1551 1121 1705 1174 longao

198 1192 273 1229 aut
301 1188 467 1229 mediae
499 1188 689 1243 syllabae
731 1189 845 1230 intra
884 1190 1067 1243 primum
1102 1189 1395 1231 choriambum
1430 1194 1471 1231 et
1504 1194 1703 1243 quartum

197 1257 370 1310 pedem,
411 1262 457 1298 ut
500 1261 697 1298 carerent
738 1261 881 1298 tamen
923 1258 1003 1299 hae
1043 1262 1189 1312 partes
1231 1272 1431 1308 caesura,
1471 1259 1704 1299 consistere

198 1325 434 1366 voluerunt.
487 1340 667 1378 quorum
691 1326 733 1366 in
756 1340 932 1367 numero
956 1327 1074 1368 fuere
1106 1327 1172 1368 hi:
1206 1326 1473 1380 Calpurnius,
1505 1327 1706 1368 laudator

198 1393 380 1443 Pisonis,
424 1397 622 1435 auctores
654 1394 784 1435 Nucis
828 1399 870 1436 et
911 1395 1146 1448 elegiarum
1177 1395 1228 1436 de
1261 1399 1398 1453 morte
1430 1395 1705 1443 Maecenatis,

197 1461 425 1503 Petronius
467 1466 590 1503 extra
628 1462 788 1504 bellum
830 1463 969 1514 civile,
1013 1464 1200 1514 Seneca,
1233 1463 1535 1513 Nemesianus,
1567 1463 1705 1504 Palla-

199 1530 305 1581 dius,
338 1530 633 1580 Namatianus,
665 1545 743 1573 nec
774 1532 912 1573 minus
944 1532 1176 1586 scriptores
1208 1532 1400 1573 laudium
1425 1532 1624 1573 Herculis
1657 1546 1707 1573 ac

199 1598 436 1650 Phoenicis,
469 1600 669 1649 Avianus,
702 1600 921 1651 Boethius,
956 1601 1182 1654 Eugenius.
1235 1601 1391 1642 etenim
1423 1600 1538 1654 quod
1570 1600 1708 1641 fertur

198 1667 241 1707 in
280 1668 467 1708 carmine
508 1668 650 1721 priore
697 1668 748 1709 de
787 1669 1036 1710 Maecenate
1082 1669 1167 1725 [81]
1215 1668 1324 1721 ‘quis
1364 1674 1461 1720 fore
1501 1672 1706 1717 credebas,

191 1744 402 1785 premeret
434 1750 521 1777 cum
553 1740 631 1777 lam
663 1741 835 1788 ebnpigser
867 1742 1005 1789 Infans
1035 1735 1229 1790 hyat-05²,
1271 1751 1355 1778 non
1394 1741 1482 1778 stat
1513 1737 1707 1778 codicum

199 1804 471 1845 auctoritate.
523 1804 596 1846 ubi
628 1806 865 1847 rectissime
898 1806 1105 1848 traditum
1138 1821 1225 1847 cum
1257 1810 1333 1847 iam
1359 1809 1512 1857 premit
1535 1809 1707 1857 impiam·

199 1875 350 1923 Infimis.
413 1887 642 1927 corrupere
675 1874 873 1926 editores,
906 1890 1001 1916 cum
1031 1876 1282 1928 ignorarent
1313 1889 1436 1915 usum
1467 1875 1708 1928 praesentis

199 1941 405 1993 temporis
434 1942 477 1982 in
509 1943 731 1983 enuntiato
764 1943 966 1993 relativo,
1013 1943 1086 1984 ubi
1127 1943 1170 1984 in
1211 1943 1332 1984 finito
1369 1943 1707 1996 praeteritumst,

200 2008 251 2049 de
285 2023 368 2062 quo
401 2010 585 2052 diximus
617 2011 672 2052 ad
707 2011 809 2052 Hor.
842 2012 929 2052 Sat.
962 2012 991 2062 I,
1027 2016 1063 2063 2,
1097 2016 1161 2053 56.
1222 2012 1356 2065 igitur
1394 2015 1532 2053 totum
1568 2011 1707 2052 locum

199 2077 494 2120 adscribemus
527 2079 822 2121 emendatum:

291 2159 371 2202 quis
398 2159 475 2192 fore
506 2159 691 2202 credebat,
719 2172 802 2193 cum
827 2160 896 2193 iam
923 2160 1058 2204 premit
1081 2161 1237 2205 impiger
1261 2160 1378 2194 infans

290 2215 426 2260 hydros
451 2216 619 2260 ingentes
644 2217 704 2249 vix
731 2217 899 2261 capiente
926 2229 1045 2259 manu,

292 2278 420 2307 cumve
447 2276 700 2307 renascentem
726 2276 844 2308 torret
870 2274 963 2317 (cdd.
992 2276 1121 2316 terret)
1148 2274 1305 2308 feliciter
1331 2274 1484 2318 hydram

291 2330 459 2374 frangere
486 2331 530 2372 (r.
556 2330 759 2374 frangeret)
787 2334 824 2364 et
848 2331 993 2365 inmites
1019 2332 1089 2365 seit
1120 2331 1208 2373 (sire
1233 2331 1282 2373 it3
1314 2330 1393 2364 cdd.
1419 2331 1490 2373 vel)
1517 2330 1708 2364 Diomedis

680 2398 803 2431 CQUOS,

291 2443 348 2476 vel
375 2443 493 2478 tribus
519 2443 679 2477 adversis
708 2455 939 2479 communem
966 2446 1139 2480 fratribus
1164 2457 1305 2478 armum
1331 2445 1465 2487 (alvum
1493 2443 1587 2485 cdd.)

292 2504 329 2534 et
359 2512 422 2534 sex
456 2512 630 2534 accensas
667 2501 868 2544 (adversas,
895 2501 993 2544 quod
1017 2512 1033 2535 e
1060 2513 1087 2535 v.
1111 2502 1237 2545 priore
1261 2502 1428 2545 irrepsit,
1459 2503 1502 2545 υ.)
1537 2502 1634 2535 solus
1672 2502 1707 2534 in

679 2570 779 2592 arlna
803 2570 941 2592 manus.
960 2606 963 2607 γ

198 2639 328 2679 porro
360 2626 403 2666 in
435 2625 624 2667 Petronii
659 2626 725 2667 vel
756 2627 1002 2668 scholastici
1044 2627 1186 2668 nescio
1231 2627 1372 2677 cuius,
1418 2626 1492 2668 sed
1535 2626 1707 2667 minime

199 2694 452 2747 inelegantis
498 2694 703 2747 opusculo
747 2695 953 2748 quodam,
998 2695 1111 2748 quod
1153 2696 1304 2749 incipit
1340 2698 1501 2746 primus
1539 2698 1578 2735 e'n
1612 2697 1707 2735 orbe

201 2766 296 2803 deos
334 2766 438 2813 fecit
481 2766 596 2803 timor
637 2761 768 2818 [anth.
800 2767 881 2804 466
914 2763 977 2804 ed.
1010 2763 1074 2819 R]
1116 2778 1211 2805 cum
1253 2764 1309 2805 sit
1351 2762 1558 2804 traditum
1597 2763 1706 2803 anti-

200 2830 345 2883 quitus
378 2829 570 2881 ‘proiecit
602 2834 737 2871 vitium
768 2838 889 2882 atque
921 2845 1040 2871 error
1073 2835 1188 2872 iussit
1218 2835 1353 2872 itzanis
1385 2834 1590 2882 afflv'colas
1615 2835 1705 2881 pri-

199 2912 280 2939 mos
319 2900 459 2939 Cereri
494 2903 596 2940 dare
626 2902 765 2939 messis
796 2896 1010 2948 honores',
1053 2899 1325 2941 scribendum
1356 2913 1448 2942 esse
1480 2899 1548 2940 aio
1594 2898 1704 2951 ‘por-
