1898 3292
743 207 863 233 LIBER
881 207 1037 233 Pamvs.
1592 201 1643 239 93

253 310 363 351 Vsus
387 313 529 351 autem
549 309 742 350 Anniano
766 312 864 350 ante
882 309 1186 351 Terentianum
1203 309 1310 351 Iuba
1327 311 1644 363 grammaticus⁷

137 382 186 420 ut
217 392 344 432 quem
378 392 411 419 c.
441 391 477 419 a.
507 377 571 419 CC
598 392 636 431 p.
665 377 759 419 Chr.
790 377 985 419 floruisse
1017 377 1144 418 facile
1175 377 1254 419 tibi
1284 379 1560 431 persuadeas.

252 447 343 487 Iam
375 445 543 487 Falisca
576 445 759 487 Anniani
791 446 983 487 carmina
1013 449 1205 487 secutum
1236 445 1489 500 Septimium
1523 448 1645 489 Sere-

138 529 239 556 num
283 515 362 556 etsi
404 528 488 556 non
535 517 762 565 certumst,
807 517 953 556 tamen
992 517 1170 568 propter
1213 516 1455 568 argumenti
1498 516 1644 557 simili-

137 583 329 624 tudinem
370 583 536 637 pariter
574 586 616 623 et
656 596 932 625 numerorum
971 582 1289 624 multitudinem
1321 584 1444 625 valde
1475 585 1644 626 videtur

137 651 373 706 probabile.
436 651 715 693 confirmatur
745 665 812 693 res
844 651 1159 705 quodammodo
1191 652 1413 703 versiculo,
1447 667 1571 706 quem
1604 655 1646 693 in

138 720 397 762 Centimetro
431 721 510 775 [gr.
542 720 566 760 l.
600 720 669 771 IV,
701 721 824 775 465],
866 724 913 761 ut
945 723 1089 762 cetera
1122 721 1318 774 exempla
1350 721 1509 773 omnia,
1549 736 1646 775 pro-

137 790 230 843 prio
262 789 431 843 ingenio
463 788 609 830 fictum
641 789 844 843 proponit
874 789 1068 830 Servius:

573 868 684 903 docta
710 868 864 912 Falisca,
894 868 1042 912 Serene,
1068 880 1227 913 reparas.

253 938 316 979 De
359 937 508 979 Sereni
549 941 693 979 aetate
737 951 832 979 cum
870 951 954 978 non
994 941 1162 978 constet
1199 937 1360 979 diserto
1393 939 1646 980 'testimonio

140 1033 193 1038 —
234 1020 332 1048 nam
375 1006 449 1059 qui
492 1006 582 1047 eius
622 1007 664 1047 in
706 1007 894 1047 carmine
936 1006 991 1047 ad
1023 1006 1226 1059 Magnum
1258 1006 1443 1048 Felicem
1486 1007 1646 1061 scripto

139 1076 260 1131 [263]
283 1089 379 1116 cum
402 1075 497 1116 aliis
518 1075 735 1129 plerisque
757 1075 862 1116 fecit
882 1075 1137 1116 mentionem
1164 1075 1375 1127 Sidonius,
1407 1079 1650 1130 temporum

138 1144 349 1185 rationem
382 1143 553 1185 omnino
583 1157 667 1185 non
698 1143 852 1185 habuit
889 1169 964 1194 ——‚
1006 1143 1134 1197 plane
1174 1148 1319 1185 tamen
1358 1144 1649 1186 accedendum

139 1213 380 1254 existimavi
412 1212 816 1254 ratiocinationibus
846 1212 1123 1263 Lachmanni‚
1157 1213 1229 1265 qui
1262 1226 1357 1254 eum
1389 1213 1524 1266 priori
1557 1228 1650 1255 sae-

140 1281 223 1322 culi
250 1296 290 1335 p.
323 1280 419 1322 Chr.
450 1295 488 1321 n.
519 1281 638 1322 tertii
670 1280 880 1322 adscribit
909 1281 1026 1334 parti
1058 1280 1211 1335 [praef.
1242 1281 1286 1322 in
1319 1281 1487 1323 Terent.
1513 1282 1649 1323 Maur.

137 1364 178 1404 p.
209 1350 291 1391 XII
322 1349 445 1404 sqq.].
507 1349 627 1391 cuius
668 1349 877 1404 opuscula
915 1349 1079 1390 ruralia
1118 1349 1239 1391 libris
1282 1349 1489 1403 plusculis
1537 1364 1650 1392 com-

138 1418 282 1472 posita
313 1417 428 1471 quod
457 1418 733 1469 interierunt,
776 1418 880 1459 satis
911 1417 956 1458 id
988 1417 1146 1459 acerbo
1183 1431 1286 1459 casu
1314 1418 1487 1460 factum.
1549 1433 1649 1460 nam

140 1490 183 1529 et
219 1500 495 1528 numerorum
537 1486 754 1540 elegantia
798 1489 840 1528 et
880 1500 1081 1528 sensuum
1122 1486 1390 1540 proprietate
1434 1487 1647 1529 excelluit.

141 1569 275 1609 quare
307 1554 510 1597 abstrusa
541 1554 755 1609 quaedam
788 1557 831 1597 et
862 1558 1061 1596 contorta
1100 1555 1334 1597 imitationi
1373 1560 1566 1597 veterum
1609 1559 1652 1597 et

138 1622 427 1666 imbecillitati
457 1623 619 1665 saeculi
650 1623 777 1665 facile
811 1622 1183 1665 condonabuntur.

258 1692 378 1743 Quae
419 1706 515 1734 cum
559 1692 622 1734 ita
662 1692 767 1743 sint,
813 1695 861 1733 ut
903 1705 1034 1746 supra
1074 1692 1241 1744 Laevii,
1289 1692 1352 1733 ita
1391 1692 1461 1733 hic
1503 1692 1652 1734 Sereni

140 1761 304 1815 placuit
344 1761 571 1815 potissima
612 1760 770 1815 apponi
810 1760 1065 1814 fragmenta.
1126 1761 1179 1802 de
1221 1775 1305 1814 quo
1347 1761 1544 1815 pluribus
1580 1776 1650 1803 ex-

139 1829 327 1883 positum
358 1830 402 1870 in
433 1829 670 1884 appendice
703 1828 902 1871 editionis
932 1829 1094 1870 Rutilii.

268 1909 298 1944 I.
324 1910 445 1954 inquit
469 1915 607 1944 amicus
632 1911 719 1954 ager
746 1909 915 1943 domino:

324 1972 355 2001 si
378 1967 473 2002 bene
500 1972 551 2001 mi
575 1966 697 2010 facias,
723 1967 883 2001 memini.
906 1987 949 1990 —

324 2029 434 2068 pinea
458 2023 634 2058 bracchia
661 2023 745 2057 cum
769 2023 968 2068 trepidant,

324 2080 432 2115 audio
460 2080 684 2115 cantiouh'im
708 2080 882 2125 Zephyri.
908 2100 952 2104 ——

326 2137 411 2172 rure
437 2137 560 2182 pue‘lla
584 2140 693 2182 vagat
716 2137 847 2172 virido.
874 2158 918 2162 —

242 2194 296 2230 H.
324 2197 362 2229 et
386 2194 475 2228 nihil
504 2197 560 2228 est
585 2194 683 2238 quod
708 2197 826 2229 amem
850 2194 1030 2230 Flaminia
1054 2195 1183 2229 minus.

218 2252 293 2287 ΙΙΙ.
321 2257 475 2296 pingere
500 2251 753 2286 collibitumst.
801 2253 1019 2298 graphidem
1044 2253 1139 2295 date,
1164 2253 1324 2297 promite
1354 2253 1547 2287 bolarium.

231 2309 300 2345 IV.
327 2309 436 2343 callet
461 2309 603 2343 senium
629 2312 707 2343 arte
731 2309 894 2344 bibendi.
921 2331 963 2335 --

260 2384 264 2388 ·
325 2366 524 2409 cuherllus,
550 2366 685 2400 amasio
713 2365 851 2401 Tullae.
880 2387 922 2392 —

323 2422 535 2467 labiumque
559 2423 701 2467 insigne
728 2424 881 2458 revellit.

246 2479 291 2515 V.
320 2480 411 2514 cedo
437 2478 573 2514 testula
596 2482 684 2514 trita
709 2481 798 2515 solo.
841 2492 906 2515 cor
930 2481 982 2515 iet
1006 2481 1075 2515 tibi
1100 2484 1168 2525 per
1193 2480 1385 2525 speculum
1410 2481 1570 2525 Panope.
1599 2502 1642 2505 -

326 2536 457 2581 quodsi
481 2536 549 2571 tibi
574 2542 677 2581 virgo
703 2537 826 2572 favens
854 2540 995 2572 reseret
1022 2538 1095 2571 cita
1121 2537 1280 2571 claustra
1305 2539 1501 2582 puerperii.

233 2593 301 2629 VI.
328 2594 389 2637 qui
414 2593 606 2638 naufragio
632 2595 837 2629 naviculam
862 2595 981 2629 aufers
1007 2594 1166 2628 Picenae
1191 2595 1364 2638 marginis
1389 2597 1481 2628 acta.

215 2649 300 2685 VII.
328 2650 488 2685 animula
510 2650 683 2685 miserfila
707 2654 918 2696 properiter
943 2652 1044 2686 abiit.
1066 2671 1110 2676 —

327 2707 448 2752 [perit,
475 2707 552 2742 abit
577 2708 739 2752 avipedis
765 2708 924 2742 animula
949 2708 1113 2753 leporis].

188 2763 300 2799 VIII.
327 2767 390 2798 aut
415 2764 583 2798 zonulam
607 2767 670 2798 aut
694 2765 808 2799 ricam
834 2765 897 2800 aut
922 2777 1039 2799 acum.
1068 2785 1111 2789 —-

326 2821 471 2855 occatio
499 2821 757 2856 occaecatiost.
782 2842 827 2847 —

326 2889 399 2912 non
424 2877 556 2922 dignus
580 2878 617 2911 in
643 2889 751 2922 quem
776 2878 930 2914 debeam

325 2937 485 2969 saturam
511 2935 632 2970 calens
657 2935 872 2980 adcingier?
