1898 3292
752 271 872 296 LIBER
889 272 1047 298 PRIMVS.

555 383 628 404 non
652 373 766 406 maria
790 373 928 417 asperis

555 429 679 462 insana
705 429 819 473 Coris,

556 498 627 519 non
653 487 750 520 acies
776 487 870 521 seras

555 543 808 587 pulvereamve
836 546 970 579 nubem

554 603 691 634 motam
716 602 918 636 barbaricis

554 657 717 701 equitum
743 660 909 702 catervis,

553 727 624 748 non
652 725 735 748 cum
762 716 852 750 urbe
878 719 957 750 tota

552 772 709 816 populos
737 773 910 807 cadentes

550 829 694 863 hostica
718 841 842 863 muros

550 886 750 930 populante
776 886 922 920 flamma

549 943 812 977 indemitumve
836 944 983 978 bellum.

550 1003 765 1044 perrumpet
790 1013 895 1034 omne

550 1056 646 1090 solus
673 1057 863 1091 servitium

549 1117 785 1158 contemptor
811 1115 945 1148 levium
971 1114 1133 1158 deorum,

548 1171 619 1214 qui>
636 1171 755 1205 vultus
781 1171 1007 1206 Aeherontis
1032 1173 1112 1215 atri,

548 1227 609 1271 qui
636 1227 751 1272 Styga
776 1228 919 1262 tristem

547 1296 619 1318 non
644 1285 760 1318 tristis
785 1285 884 1319 videt

546 1341 729 1386 audetque
752 1342 849 1376 vitae

545 1410 683 1443 ponere
710 1397 830 1434 finem.

545 1468 612 1501 par
636 1456 695 1490 ille
723 1457 811 1502 regi,

544 1525 611 1558 par
634 1514 776 1558 superis
803 1514 883 1548 erit.

545 1583 566 1605 o
592 1574 701 1615 quam
724 1570 934 1606 miserfimst

542 1629 687 1662 nescire
711 1630 814 1663 mori.

542 1683 698 1721 vidimus
722 1685 879 1729 patriam
904 1688 1072 1720 ruentem

542 1744 651 1776 noete
677 1742 831 1786 funesta,

541 1792 716 1833 Dardana
740 1811 824 1834 eum
847 1803 949 1835 tecta

540 1854 671 1890 Dorici
696 1858 874 1902 raperetis
899 1858 1013 1903 ignes.

542 1925 614 1948 non
641 1914 703 1948 illa
726 1914 824 1949 bello

540 1970 649 2015 vieta,
676 1982 750 2006 non
774 1972 894 2015 armis,

539 2031 581 2063 ut
605 2028 791 2073 quondam
814 2028 1002 2064 Herculea

540 2085 676 2120 cecidit
698 2085 882 2131 pharetra.

540 2154 649 2187 quam
673 2154 746 2177 non
770 2142 874 2178 Pelei

538 2198 779 2244 Thetidisque
803 2202 920 2244 natus,

539 2268 719 2301 carusque
743 2256 839 2292 Peli-

539 2313 606 2348 dae
631 2314 783 2348 nimium
810 2314 926 2349 feroci

538 2371 636 2415 vicit,
663 2371 827 2416 acceptis

538 2439 622 2462 eum
646 2429 748 2463 fulsit
772 2429 882 2463 armis

538 2485 705 2529 fuditque
731 2484 846 2520 Troas

537 2542 648 2576 salsus
675 2542 853 2586 Achilles,

537 2602 600 2633 aut
627 2611 711 2634 eum
734 2600 813 2644 ipse
838 2599 932 2634 Peli-

536 2656 600 2690 des
625 2657 766 2691 animos
790 2657 933 2691 feroces

536 2713 683 2747 sustulit
706 2713 809 2748 luctu

536 2769 768 2814 celeremque
793 2770 888 2805 saltu

534 2825 698 2860 Troades
723 2827 871 2861 summis

534 2883 689 2918 timuere
714 2884 837 2918 muris.

534 2939 696 2984 perdidit
722 2940 759 2974 in
784 2941 887 2975 malis

1576 267 1653 304 133
