1898 3292
203 202 280 240 106
802 213 923 237 LIBER
941 214 1096 239 Pamvs.

200 313 253 352 ad
301 314 601 366 anapaesticos
649 315 920 356 referendum
966 330 1058 357 esse
1103 330 1320 367 numeros,
1373 332 1634 371 quamquam
1681 332 1706 358 a

200 381 363 421 Latinis
408 381 567 435 alioqui
614 382 712 424 talis
755 383 930 424 licentia
971 384 1270 425 solvendarum
1314 386 1517 427 arsiumst
1553 386 1703 427 aliena.

200 448 273 489 sed
315 449 514 490 nimirum
553 450 774 492 adhibitus
806 456 871 492 est
899 452 1138 493 imitatione
1171 453 1433 494 Graecorum
1468 459 1510 495 et
1541 469 1565 495 a
1596 454 1704 495 ludi-

199 517 354 558 bundis
386 518 523 571 poetis
553 518 713 561 Sereno
746 523 788 561 et
811 521 1009 562 Ausonio.
1072 525 1114 562 et
1144 521 1270 563 huius
1300 522 1470 575 quidem
1506 524 1705 564 carminis

197 586 364 627 initium
399 586 528 628 talest
559 581 787 642 [parental.
820 589 914 643 27]:

450 664 487 695 et
512 662 623 695 amita
649 662 809 697 Veneria
836 664 1046 707 properiter
1072 665 1172 698 obiit.

450 719 507 753 cui
534 719 658 753 brevia
682 720 799 754 melea
825 720 998 754 modifica
1023 721 1157 756 recino.

198 781 269 822 ubi
302 782 453 835 scripsi
485 786 629 831 melea,
671 798 749 836 pro
790 797 874 836 quo
911 783 1037 837 vulgo
1078 785 1279 826 mendose
1320 785 1457 827 fertur
1493 790 1607 827 mela.
1651 812 1707 816 --

200 854 383 903 apparet
417 854 560 891 autem
595 851 743 892 Sereni
779 851 1052 893 obversatum
1085 853 1146 894 illi
1178 867 1349 902 carmen
1380 854 1488 895 tale:

452 925 610 959 animula
636 926 808 960 miserula
833 927 1042 971 properiter
1068 927 1167 962 abiit.

312 993 399 1033 Iam
435 993 489 1034 ad
521 994 753 1035 iambicum
788 1009 1011 1036 numerum
1044 996 1365 1037 transeundum.
1429 997 1549 1038 cuius
1581 997 1705 1050 longe

199 1061 487 1103 nobilissimus
538 1077 685 1104 vorsus
730 1068 794 1104 est
838 1064 1034 1105 trimeter
1080 1079 1155 1106 seu
1192 1065 1407 1115 senarius,
1452 1065 1579 1106 laude
1628 1065 1705 1106 soli

198 1129 352 1171 cedens
382 1130 554 1172 heroico
587 1135 629 1172 et
661 1136 709 1173 ut
738 1131 808 1173 hic
839 1133 1002 1185 origine
1031 1133 1086 1174 ad
1118 1133 1355 1186 Apollinem
1388 1133 1561 1174 relatus.
1621 1148 1705 1187 quo

199 1213 294 1239 cum
326 1198 528 1240 libertate
569 1214 723 1254 magna
768 1201 1000 1254 scriptores
1040 1201 1235 1255 plerique
1277 1202 1375 1243 inde
1416 1216 1441 1243 a
1472 1201 1590 1243 Livio
1626 1204 1707 1243 An-

201 1266 376 1308 dronico
419 1282 555 1321 usque
596 1268 650 1310 ad
690 1269 817 1310 finem
855 1269 1018 1311 liberae
1063 1271 1124 1311 rei
1168 1269 1366 1324 publicae
1407 1273 1506 1311 sunt
1541 1271 1626 1322 usi,
1667 1275 1708 1311 et

199 1339 423 1389 acceptum
455 1338 539 1378 iam
571 1341 662 1378 tum
693 1338 824 1379 fuisse
854 1338 981 1391 vulgo
1003 1338 1199 1392 pluribus
1222 1339 1469 1380 declaratur
1491 1340 1707 1392 exemplis.

199 1404 253 1445 ad
278 1405 521 1446 Archilochi
554 1410 596 1447 et
624 1407 888 1460 tragicorum
918 1408 1182 1449 Graecorum
1218 1422 1412 1449 normam
1444 1407 1708 1461 adaptarunt

199 1473 383 1526 primum
417 1475 553 1516 Varro
587 1478 629 1516 et
651 1474 843 1517 Catullus
877 1477 928 1530 [c.
955 1477 1039 1531 52],
1071 1480 1161 1517 tum
1194 1476 1361 1530 tragici,
1393 1479 1492 1530 post
1513 1476 1708 1517 Caesaris

199 1545 379 1583 mortem
412 1543 484 1596 qui
517 1544 710 1595 extitere,
743 1547 785 1585 et
817 1544 965 1586 eodem
996 1548 1189 1599 tempore
1217 1544 1437 1596 Horatius,
1471 1544 1543 1598 qui
1576 1544 1627 1585 de
1659 1559 1707 1585 eo

199 1609 306 1652 haec
337 1611 472 1653 tradit
503 1612 586 1667 [ep.
620 1612 671 1663 II,
705 1616 741 1663 3,
774 1614 868 1668 79]:

450 1686 719 1720 Archilochum
745 1688 896 1732 proprio
923 1687 1042 1722 rabies
1068 1688 1222 1721 armavit
1246 1687 1379 1722 iambo.

450 1743 547 1777 hunc
576 1744 677 1778 socci
703 1756 835 1789 cepere
861 1745 994 1789 pedem
1018 1745 1250 1789 grandesque
1276 1745 1456 1788 cothurni,

451 1801 599 1835 alternis
624 1804 750 1846 aptum
775 1802 1004 1836 sermonibus
1030 1805 1067 1836 et
1092 1802 1288 1846 populares

449 1858 659 1893 vincentem
687 1860 862 1903 strepitus
889 1862 926 1893 et
950 1862 1076 1894 natum
1101 1861 1209 1894 rebus
1235 1859 1396 1903 agendis.

199 1926 304 1967 satis
336 1925 446 1968 bene
479 1927 650 1980 quidem
681 1928 768 1979 ille,
814 1942 1075 1982 quamquam
1116 1928 1265 1969 ultimo
1309 1928 1478 1981 imperii
1515 1932 1708 1982 tempore

201 1995 330 2036 etiam
364 1995 579 2037 didactico
614 2000 656 2037 et
687 1997 807 2051 epico
852 1997 1048 2045 carmini,
1089 2010 1218 2050 porro
1260 1996 1428 2051 hymnis
1471 1996 1708 2038 adhibuere

201 2062 282 2104 hoc
312 2067 508 2104 metrum.
570 2064 696 2117 primi
727 2069 940 2106 novarunt
971 2064 1163 2106 Catullus
1195 2068 1237 2106 et
1270 2065 1418 2106 Varro.

312 2132 367 2173 Et
389 2132 582 2173 Catullus
615 2133 787 2186 quidem
818 2137 993 2187 praeter
1028 2148 1158 2174 unum
1188 2146 1361 2174 carmen
1384 2133 1439 2174 ad
1462 2132 1708 2174 Archilochi

199 2199 393 2241 moduIOS
427 2201 799 2243 accommodatum
830 2201 895 2243 bis
931 2203 995 2257 [43
1028 2202 1113 2256 29],
1146 2205 1212 2242 ter
1242 2201 1434 2242 imitator
1456 2201 1546 2242 eius
1581 2203 1708 2254 (unus

200 2283 275 2309 seu
310 2269 455 2322 plures
487 2269 625 2323 fuere)
667 2271 710 2311 in
751 2270 896 2312 libello
937 2288 1047 2314 κατα
1086 2269 1248 2313 λεπτόν
1290 2270 1355 2324 [3;
1388 2274 1433 2321 4;
1466 2273 1533 2324 Sj,
1579 2271 1709 2311 semel

200 2337 407 2379 Horatius
438 2338 481 2378 in
514 2339 662 2392 epodis
690 2340 782 2394 [16]
813 2340 879 2381 usi
912 2343 1011 2380 sunt
1049 2339 1132 2380 hoc
1172 2353 1298 2380 versu
1340 2339 1526 2391 integro,
1567 2338 1611 2379 id
1645 2342 1709 2380 est

200 2405 383 2447 exclusis
431 2406 613 2460 pedibus
660 2409 814 2449 ceteris
857 2412 1032 2461 praeter
1077 2407 1342 2462 pyrrichium
1393 2407 1493 2448 sede
1544 2406 1707 2448 ultima.

200 2478 329 2526 atque
360 2475 462 2515 item
493 2475 751 2517 Diocletiani
782 2480 976 2532 tempore
1007 2476 1290 2517 Terentianus
1320 2489 1451 2529 puros
1479 2475 1602 2516 finxit
1632 2476 1708 2516 ali-

199 2545 304 2594 quot
336 2543 658 2599 [2182—2190]
691 2545 927 2595 trimetros,
969 2558 1094 2598 quem
1131 2544 1272 2585 locum
1306 2543 1567 2594 adscribam,
1613 2559 1707 2585 cum

200 2624 248 2651 eo
280 2611 458 2666 pulchre
492 2616 649 2653 natura
681 2613 847 2654 numeri
880 2613 1147 2654 celeberrimi
1180 2612 1398 2653 reddatur.

530 2692 668 2736 adesto,
695 2693 815 2727 iambe
840 2704 1007 2736 praepes,
1036 2695 1072 2726 et
1100 2692 1153 2726 tui
1178 2695 1289 2726 tenax

529 2750 665 2793 vigoris
691 2749 783 2783 adde
811 2750 998 2783 concitum
1026 2750 1124 2783 celer
1152 2749 1293 2793 pedem,

530 2818 597 2840 nec
625 2807 774 2840 alterius
799 2807 968 2850 indigens
996 2807 1076 2849 opis
1102 2806 1194 2848 veni,

528 2864 592 2898 sed
616 2864 695 2908 ipse
720 2876 828 2898 verus
853 2864 1071 2907 integerque
1097 2863 1250 2904 sexiens,

530 2921 659 2954 adusta
688 2921 771 2955 felle
797 2921 913 2965 qualis
939 2923 1023 2954 ante
1049 2920 1211 2954 carmina

532 2977 644 3013 dabas
671 2989 825 3021 amarus,
851 2978 950 3012 ultor
974 2978 1158 3021 impotens
1184 2977 1248 3010 tui.
