1898 3292
751 190 988 216 opvscvnvm
1008 191 1029 215 1.
1560 182 1641 220 537

136 292 333 343 verbum,
374 298 417 334 at
450 297 545 347 post
576 294 686 334 hanc
728 293 781 333 sit
814 292 984 345 gravius
1014 292 1292 333 interstitium
1334 307 1481 334 sensus
1513 308 1641 346 quam

136 366 234 415 post
262 362 399 413 illam,
434 363 534 415 quin
568 361 946 414 hephthemimeris
978 361 1033 401 sit
1062 360 1261 414 ponenda
1292 375 1375 401 non
1408 362 1639 404 intercedo.

250 431 303 471 Et
334 430 555 471 Phaedrus
586 430 757 483 quidem
789 428 949 470 nullum
988 429 1231 470 trimetrum
1271 428 1404 481 finxit,
1441 431 1513 483 qui
1547 446 1641 472 cae-

137 513 238 540 sura
279 513 356 540 sua
398 503 575 539 careret.
639 501 788 539 contra
821 497 1086 550 antiquiores
1128 497 1382 550 aliquando,
1426 499 1499 539 sed
1543 514 1641 539 raro

136 567 379 619 admodum,
409 571 507 621 post
538 567 712 608 tertium
743 566 933 607 iambum
964 565 1117 607 finiunt
1146 565 1336 613 verbum,
1375 572 1421 607 ut
1453 567 1641 608 Lucilius

137 636 311 691 [XXIX‚
347 637 437 691 12]:

408 705 599 738 favitorem
627 704 693 738 tibi
719 715 786 747 mc,
816 703 982 746 amicum,
1012 707 1211 738 amatorem
1237 706 1354 748 putes.

136 773 360 815 Volcacius
394 774 447 827 [v.
484 773 576 827 ll]:

407 845 594 891 Turpilius
622 847 828 890 septimum,
855 845 998 881 Trabea
1022 849 1193 880 octavum
1219 847 1372 890 optinet.

133 915 271 957 Varro
302 916 591 970 [papiapapae
626 914 687 971 1]:

537 989 633 1023 oculi
659 989 866 1033 suppactuli
895 989 1038 1033 nigellis
1063 990 1229 1034 pupulis3

134 1071 393 1110 quamquam
427 1057 470 1098 id
506 1057 629 1099 facile
660 1061 802 1111 potest
835 1058 990 1110 corrigi
1021 1059 1103 1107 ita,
1136 1062 1183 1099 ut
1214 1059 1257 1099 in
1287 1059 1473 1100 editione
1504 1058 1642 1109 Nonii,

132 1125 330 1167 instituta
355 1139 554 1167 caesura:

537 1194 633 1228 oculi
661 1194 806 1238 nigellis
832 1194 978 1238 pupulis
1005 1195 1223 1238 suppaetuli.

135 1266 180 1302 at
209 1261 251 1302 in
283 1262 437 1303 Lucilii
469 1276 594 1304 versu
629 1262 798 1319 [XXIX,
832 1264 900 1317 2]:

384 1337 435 1370 sic
462 1337 611 1380 inquam
638 1340 884 1371 veteratorem
909 1337 1020 1379 illunn
1049 1337 1212 1371 vetulum
1238 1338 1365 1381 lupum

383 1393 630 1428 Hannibalem
655 1397 850 1438 acceptum

130 1461 492 1515 pronuntiandum
536 1466 615 1503 lum
652 1476 731 1515 pro
772 1466 904 1511 illum,
956 1463 1066 1503 sicut
1108 1462 1256 1504 eodem
1296 1467 1489 1517 tempore
1534 1464 1641 1505 dixit

133 1530 334 1571 Afranius
385 1534 498 1571 immo
549 1534 577 1571 li
619 1534 749 1572 mitem
793 1536 900 1582 faxo
945 1534 1110 1582 faciant
1154 1535 1346 1582 fus-libus.
1399 1557 1440 1560 ><—
1504 1533 1640 1585 magis

131 1598 259 1639 etiam
282 1598 459 1641 dubium
485 1598 602 1649 illud,
636 1599 970 1652 spondiacumne
1002 1599 1057 1640 sit
1087 1600 1274 1653 positum
1307 1600 1368 1641 ita
1400 1600 1515 1654 apud
1532 1601 1639 1642 Var-

131 1680 277 1708 ronem
310 1666 428 1724 [virg.
463 1667 543 1709 div.
577 1667 642 1724 7]:

427 1742 644 1786 praesertim
670 1753 752 1775 cum
778 1744 943 1775 ventrem
968 1753 1089 1776 meum
1115 1742 1331 1777 coherceam

428 1810 495 1833 nec
520 1799 739 1832 murmurari
765 1799 894 1843 patiar.

130 1879 240 1919 quae
281 1866 449 1920 quidem
494 1867 584 1908 sine
624 1867 796 1920 negotio
836 1867 937 1908 licet
969 1867 1170 1917 emolliri,
1213 1872 1260 1909 ut
1300 1868 1385 1909 iam
1425 1869 1468 1909 in
1499 1869 1640 1922 prima

130 1934 317 1975 editione
338 1938 546 1984 notatum,
576 1936 610 1977 si
639 1936 862 1989 scripseris
895 1943 1072 1977 ventrem
1094 1950 1193 1978 cum.
1256 1936 1342 1987 sed,
1376 1940 1422 1978 ut
1444 1941 1637 1990 repetam

130 2017 240 2056 quae
280 2003 323 2044 in
364 2003 549 2045 editione
590 2003 715 2044 Nonii
757 2004 810 2045 ad
840 2008 944 2054 478,
990 2009 1011 2045 7
1055 2009 1154 2046 sunt
1190 2005 1416 2055 adnotata,
1461 2019 1555 2046 eam
1596 2006 1639 2046 in

130 2071 298 2113 Saturis
331 2071 569 2125 Menippeis
599 2072 876 2114 restituendis
907 2074 992 2114 iam
1024 2073 1243 2126 sequimur
1274 2074 1407 2125 viam,
1450 2088 1502 2115 ne
1533 2074 1638 2115 iam-

128 2139 213 2181 bici
253 2140 514 2181 trochaicive
555 2141 742 2190 numeri,
801 2142 873 2194 qui
915 2142 1029 2183 ultro
1066 2142 1319 2195 plerumque
1361 2142 1558 2184 oriuntur
1597 2146 1639 2184 et

128 2208 172 2248 in
199 2208 371 2262 scriptis
394 2208 667 2262 pedestribus
689 2209 846 2261 latinis,
876 2210 919 2250 in
945 2223 1092 2252 versus
1126 2215 1336 2265 cogantur
1367 2211 1448 2253 nisi
1469 2210 1637 2253 indiciis

127 2275 493 2330 locupletioribus.

241 2344 382 2386 Etiam
417 2345 532 2398 apud
564 2347 783 2388 scaenicos
823 2347 1097 2389 inveniuntur
1129 2348 1287 2389 senarii
1327 2348 1502 2401 quidam
1540 2352 1638 2402 post

130 2412 306 2454 tertium
338 2412 491 2466 pedem
522 2413 651 2463 finiti,
694 2415 769 2456 sed
801 2421 847 2456 ut
878 2415 1046 2457 iambus
1078 2416 1148 2457 hic
1179 2417 1250 2466 sit,
1294 2430 1377 2458 non
1409 2417 1634 2470 spondeus.

126 2481 170 2520 in
202 2480 268 2521 his
289 2481 421 2534 igitur
452 2486 596 2523 utrum
619 2483 830 2524 voluerint
860 2483 965 2534 loco,
999 2498 1125 2537 quem
1147 2485 1246 2535 dixi,
1278 2485 1371 2526 fieri
1401 2499 1636 2536 caesuram,

127 2549 238 2589 sicut
269 2549 485 2591 interdum
517 2550 560 2590 in
592 2551 796 2592 saturniis
835 2551 1010 2603 factum,
1053 2567 1107 2594 an
1150 2567 1375 2595 caesuram
1420 2568 1512 2594 esse
1543 2554 1636 2595 nul-

125 2616 222 2667 lam,
255 2631 339 2658 non
370 2618 475 2659 satis
508 2622 687 2660 constat.
750 2634 828 2661 nec
860 2623 1005 2661 tamen
1035 2625 1179 2674 potest
1211 2622 1359 2675 negari
1392 2635 1417 2662 a
1441 2622 1632 2663 Varrone

127 2685 256 2725 etiam
300 2686 577 2738 graecanicos
618 2687 838 2729 trimetros
879 2689 1093 2730 interdum
1125 2690 1248 2731 fictos
1281 2703 1461 2731 caesura
1493 2689 1633 2733 orbos.

240 2753 362 2794 Omni
395 2757 538 2794 autem
569 2755 773 2795 incisione
806 2761 925 2797 caret
955 2771 1102 2798 versus
1135 2758 1348 2799 Volcacii:

433 2827 616 2861 decimum
641 2828 735 2862 addo
762 2842 870 2863 causa
896 2831 1124 2874 antiquitatis
1150 2831 1321 2865 Ennium.

125 2888 310 2932 fortasse
341 2890 635 2934 scribendum:
667 2900 746 2934 ant.
779 2906 811 2935 c.
846 2893 925 2947 (ita
958 2893 1070 2949 cdd.)
1103 2898 1140 2937 d.
1173 2899 1280 2937 addo
1307 2899 1354 2941 E.
