1898 3292
191 211 271 247 37ss
780 218 896 242 mei-:n
918 217 1107 248 QVARTVS.

364 319 438 353 III.
465 324 563 353 stant
589 323 625 353 et
650 320 804 363 iuniperi
833 323 869 353 et
894 323 1088 353 castaneae
1112 319 1286 353 hirsutae.

464 377 585 411 evolat
608 377 735 410 infelix
763 380 799 410 et
822 376 976 419 femineo
1005 376 1159 410 ululatu.

367 433 435 467 IV.
461 434 490 467 si
507 443 628 477 pereo,
654 434 840 467 hominum
865 434 1033 468 manibus
1059 434 1210 478 periisse
1236 434 1386 468 iuvabit.

303 513 398 554 Non
436 513 615 567 perinde
657 517 810 567 poetae
853 514 961 555 arsis
993 513 1033 554 vi
1067 513 1158 554 sola
1188 514 1376 555 munisse
1408 513 1606 554 videntur
1638 514 1697 554 di-

189 582 414 623 haeresim.
488 596 617 635 quam
669 582 892 636 amplexus
946 582 1087 623 animo
1137 582 1381 636 opinionem
1437 596 1699 635 quamquam

189 651 361 692 minime
391 650 643 704 ignorabam
668 650 784 691 Furii
816 650 931 704 apud
953 650 1222 692 Macrobium
1254 650 1357 691 ferri
1380 665 1549 691 versum
1570 651 1701 691 talem

182 717 272 761 ‘dia
312 722 512 767 Minerva,
553 723 672 760 simul
712 726 844 760 [mmm
886 723 1057 760 inz'e'clzcs
1102 716 1282 770 ,molloss
1323 723 1468 760 tamen
1514 733 1611 760 euni
1656 722 1704 759 ut

190 791 339 842 aperte
362 799 611 841 corruptum
635 787 804 828 silentio
836 787 1070 829 emissurus
1103 802 1232 838 eram,
1263 787 1344 828 nisi
1366 787 1466 828 olim
1488 787 1703 840 Hauptius

190 856 293 897 mihi
334 855 569 897 indicasset
606 855 796 897 mirificis
841 856 1012 909 quidem
1043 855 1243 897 ludibriis
1284 870 1421 909 nuper
1457 855 1576 896 illum
1611 870 1703 897 esse

190 924 477 978 exagitatum,
519 924 595 965 sed
629 925 762 965 talem
801 924 1043 977 profectum
1086 925 1140 966 ab
1174 928 1351 966 auctore
1395 923 1485 965 ‘clla
1517 927 1703 965 Minerva

190 997 320 1041 simul,
353 997 472 1034 simul
501 1000 634 1033 {uelem
666 996 839 1034 invictus
872 990 1053 1043 Apollo&

305 1062 465 1103 Verum
498 1061 630 1102 ceteri
664 1061 941 1102 classicorum
973 1061 1110 1102 reciso
1155 1061 1280 1102 modo
1313 1062 1442 1102 tertio
1473 1066 1515 1101 et
1547 1064 1703 1113 quarto

191 1131 357 1185 priores
389 1134 556 1172 tantum
591 1129 838 1171 adhibuere.
900 1145 998 1170 nam
1037 1145 1088 1171 ne
1118 1130 1362 1171 Iuvenalem
1395 1129 1567 1182 quidem
1601 1130 1703 1170 scri-

191 1199 326 1253 psisse
360 1198 629 1248 credibilest,
671 1198 786 1251 quod
819 1198 973 1240 tribuit
1004 1200 1042 1239 ei
1076 1199 1277 1239 Heinsius
1310 1199 1395 1253 [12‚
1427 1199 1498 1252 34]
1544 1198 1633 1249 ‘qm'
1661 1213 1705 1239 sc

192 1271 417 1309 eunuchum
459 1271 545 1318 ipse
590 1270 697 1319 facil
741 1271 909 1317 cupiens
954 1271 1128 1308 evadere
1171 1271 1315 1307 damno
1354 1271 1539 1308 les-(iculi.
1602 1271 1704 1308 adeo

190 1340 431 1377 medicalwn
465 1340 661 1387 inlelleyit
693 1333 884 1388 iufflcen'.
947 1340 992 1376 at
1023 1335 1163 1377 Ovidii
1198 1335 1280 1376 hoc
1311 1339 1448 1376 metro
1481 1336 1597 1390 [met.
1632 1336 1705 1386 HL

194 1405 314 1459 183]:

468 1462 528 1505 qui
555 1461 658 1495 color
683 1462 829 1495 insectis
855 1462 997 1495 adversi
1027 1462 1112 1495 solis
1137 1463 1182 1495 ab
1208 1462 1285 1495 ictu

467 1520 625 1553 nubibus
652 1530 730 1553 esse
757 1519 852 1552 solet
876 1522 940 1552 aut
966 1531 1173 1563 purpureae
1200 1531 1364 1562 aurorae,

195 1604 242 1641 ut
267 1599 380 1649 solis,
412 1600 474 1641 ita
497 1613 680 1640 aurorae
703 1599 968 1652 propriumst
989 1598 1258 1649 vocabulum,
1280 1614 1363 1639 non
1387 1599 1705 1653 appellativum.

193 1668 297 1721 quid
339 1668 453 1721 quod
485 1668 667 1709 timuere
700 1668 864 1708 satirici
895 1672 943 1708 ut
975 1667 1145 1708 doctam
1177 1668 1302 1708 nimis
1333 1672 1374 1708 et
1407 1668 1706 1721 graecanicam

192 1737 375 1778 nominis
425 1736 591 1790 proprii
644 1750 745 1789 ergo
797 1736 1025 1777 admittere
1073 1736 1362 1777 dihaeresim‘?
1413 1762 1469 1767 —
1522 1736 1706 1790 denique

194 1805 430 1855 christiani,
473 1819 735 1858 quamquam
777 1805 1082 1858 magistrorum
1116 1805 1286 1859 decepti
1316 1805 1514 1846 ludibriis
1548 1809 1589 1846 et·
1619 1805 1705 1858 pri-

193 1874 290 1915 dem
321 1874 545 1915 imminuto
578 1888 705 1915 sensu
735 1873 900 1924 hiat-us,
941 1878 1106 1924 tamen,
1143 1888 1195 1915 ne
1235 1874 1492 1928 rythmicum
1534 1888 1705 1915 carmen

192 1942 442 1983 viderentur
474 1956 748 1996 componere,
790 1942 895 1983 satis
927 1942 1155 1995 diligenter
1189 1947 1393 1984 caverunt
1427 1957 1560 1996 genus
1590 1942 1706 1983 istud

193 2011 404 2052 licentiae.
457 2015 647 2052 ceterum
680 2010 1053 2052 considerantibus
1087 2025 1149 2061 ea,
1182 2025 1292 2064 quae
1321 2011 1425 2052 alibi
1455 2011 1707 2052 memoravi-

193 2093 300 2130 mus⁷
340 2093 425 2120 non
469 2080 551 2121 erit
590 2079 746 2120 mirum
788 2079 954 2120 hiatum
985 2093 1086 2120 raro
1119 2083 1242 2120 extra
1274 2079 1495 2121 heroicum
1526 2080 1707 2120 inveniri

193 2152 390 2199 metrum,
418 2149 462 2189 in
490 2162 575 2202 quo
607 2149 700 2202 ipso
731 2148 882 2189 incisio
914 2148 1264 2201 penthemimeris
1289 2149 1415 2202 longe
1446 2148 1543 2202 plus
1574 2148 1707 2190 habet

193 2216 342 2258 veniae
366 2231 495 2270 quam
516 2216 898 2270 hephthemimeris
920 2218 985 2258 vel
1007 2217 1341 2258 trithemimeris.
1394 2217 1438 2257 in
1459 2217 1541 2258 hac
1562 2221 1706 2258 tamen

194 2277 369 2326 admisit
399 2286 607 2326 Horatius
639 2285 751 2326 libro
783 2284 951 2339 epodon
985 2286 1070 2340 [13.
1101 2287 1165 2340 3]:

469 2370 640 2404 Threicio
666 2371 852 2414 Aquilone
878 2375 1019 2405 sonant.
1070 2371 1261 2415 rapiamus,
1288 2371 1415 2405 amice.

195 2450 240 2486 at
271 2445 383 2486 idem
415 2445 458 2486 in
490 2445 658 2486 Saturis
690 2449 732 2486 et
761 2445 969 2499 Epistulis
1007 2446 1120 2486 omni
1152 2445 1361 2486 abstinuit
1390 2445 1512 2486 hiatu
1545 2446 1587 2485 in
1620 2446 1706 2487 arsi

194 2514 310 2555 facto
344 2528 421 2555 nee
454 2514 593 2554 minus
625 2514 669 2554 in
701 2514 854 2554 ceteris
886 2513 1007 2555 libris
1041 2514 1150 2555 citra
1181 2514 1323 2555 locum
1354 2513 1480 2555 modo
1514 2514 1705 2568 adserip-

193 2586 285 2623 tum
317 2586 360 2623 et
388 2585 690 2623 tetrametrum
723 2582 981 2636 dactylicum
1013 2583 1057 2622 in
1089 2583 1276 2623 carmine
1308 2582 1524 2636 Archytae
1557 2582 1605 2637 [L
1639 2586 1704 2633 28,

195 2651 285 2705 24]‚
319 2650 371 2691 de
403 2664 487 2703 quo
515 2663 615 2691 mox
647 2654 810 2703 agetur.

310 2719 545 2760 Praeterea
588 2719 632 2759 in
684 2718 861 2773 syllabis
905 2734 941 2759 m-
986 2719 1133 2760 littera
1182 2719 1424 2760 terminatis
1476 2719 1704 2760 admittere

197 2787 441 2828 dihaeresin
479 2787 549 2828 vix
583 2787 659 2828 ulli
701 2791 925 2828 auctorum
969 2787 1144 2841 placuit.
1206 2788 1268 2828 ita
1308 2788 1559 2841 Propertius
1597 2787 1705 2828 dixit

195 2855 287 2910 [HL
312 2860 348 2907 7,
374 2860 418 2908 13
451 2859 519 2905 30,
540 2856 613 2910 45]
657 2854 698 2897 ‘0
725 2869 785 2897 me
809 2859 985 2907 felicem,
1019 2870 1039 2897 ο
1073 2870 1154 2897 καὶ·
1182 2860 1278 2897 milei
1311 2860 1491 2897 candida
1514 2865 1550 2896 et
1582 2870 1602 2896 ο
1636 2853 1698 2896 lu'

208 2928 310 2965 haec
342 2929 481 2966 eadem
516 2932 610 2965 ante
641 2928 748 2966 illam
781 2928 941 2975 inmune
979 2933 1016 2965 et
1046 2927 1193 2966 Lesbia
1227 2922 1371 2976 fecis.
1418 2924 1612 2965 Tibullus
1654 2924 1703 2978 [1‚
