1898 3292
727 236 847 261 LIBER
866 236 1038 261 TERTIVS.
1555 229 1635 266 203

133 337 246 391 quod
280 351 517 391 permagna
549 337 813 379 Graecorum
843 338 885 378 in
915 339 1125 389 versibrffi,
1165 339 1325 380 maiore
1362 344 1476 380 certe
1509 354 1637 393 quam

133 406 319 448 relicuae
350 409 531 448 cunctae
563 406 677 460 apud
710 407 923 448 Romanos
946 407 1080 460 viguit
1107 406 1322 457 libertate,
1355 408 1420 449 bis
1451 412 1568 449 terve
1591 412 1638 449 ut

131 490 209 529 per
249 488 438 516 errorem
469 475 536 516 vel
578 475 756 517 absente
800 489 850 517 ea
891 475 1066 529 quintus
1096 476 1138 517 in
1169 476 1421 518 hexametro
1455 477 1637 530 semipes

133 543 457 597 exceptionibus
488 544 690 597 patuerit,
726 544 849 597 quasi
879 544 1014 598 ipsius
1046 548 1214 595 natura,
1247 558 1330 585 non
1362 559 1566 587 caesurae
1599 546 1638 586 vi

130 612 335 653 traxisset
364 611 594 653 licentiam.

244 679 410 731 Altera,
451 694 536 721 non
577 681 715 722 minus
755 681 934 734 antiqua
972 696 1067 732 usu,
1106 681 1188 723 fuit
1218 695 1398 723 caesura
1429 682 1638 736 hephthe-

132 749 332 790 mimeres
355 749 442 790 sive
472 749 839 803 semiseptenaria,
872 754 969 803 post
1000 750 1228 804 septimum
1258 751 1398 804 posita
1419 750 1494 791 illa
1516 751 1633 792 semi-

131 817 296 871 pedem.
357 831 467 870 quae
519 832 614 858 cum
660 818 774 872 apud
821 818 1010 860 Graecos
1056 819 1172 860 haud
1218 819 1399 860 multum
1444 819 1639 872 viguerit,

132 885 247 940 apud
287 886 462 927 Latinos
504 887 700 940 proxima
746 886 828 928 fuit
872 887 1082 940 dignitate
1130 888 1462 942 semiquinariae
1509 891 1638 941 atque

132 953 239 996 adeo
273 957 446 1008 praeter
474 954 585 996 hanc
618 955 708 997 sola
736 955 949 1009 legitima:

409 1043 602 1085 temperat,
629 1041 721 1075 alter
746 1044 783 1076 et
810 1042 960 1076 alterius
992 1043 993 1074 1
1022 1042 1116 1076 vires
1141 1045 1251 1077 necat
1277 1054 1348 1077 aer.

133 1128 184 1155 ea
226 1128 336 1168 quae
368 1115 506 1156 oritur
536 1129 638 1169 pars
669 1116 804 1170 prior,
839 1121 880 1157 et
910 1117 1048 1170 ipsast
1080 1117 1312 1171 ἔνρυθμος.
1375 1131 1470 1157 nam
1504 1120 1638 1157 tetra-

131 1186 313 1224 metrum
347 1182 605 1239 dactylicum
639 1185 937 1226 catalect-icum
971 1189 1150 1239 aequat:

405 1273 597 1315 temperat,
629 1270 721 1305 alter
747 1273 783 1305 et
808 1271 967 1305 alterius.

132 1357 243 1397 quae
275 1348 489 1396 secuntur,
524 1359 608 1386 non
639 1345 816 1399 perinde
848 1349 946 1387 sunt
976 1345 1100 1387 bella.

247 1412 479 1454 Praeterea
510 1428 604 1455 cum
638 1414 789 1455 divisio
819 1414 918 1456 talis
950 1415 1054 1456 satis
1086 1415 1272 1468 impares
1307 1418 1454 1468 partes
1486 1413 1641 1455 reddat

131 1495 300 1530 versus,
349 1485 517 1523 mature
562 1482 869 1534 institutumst,
921 1487 968 1525 ut
1018 1488 1116 1538 post
1159 1484 1334 1525 tertium
1383 1483 1512 1524 etiam
1559 1496 1639 1523 vox

131 1549 328 1591 finiretur
369 1550 640 1605 semipedem.
703 1551 777 1593 sed
818 1566 997 1594 caesura
1034 1552 1143 1594 baec
1182 1567 1412 1606 numquam
1445 1555 1533 1593 stat
1564 1565 1641 1605 per

132 1632 236 1659 sese.
287 1618 573 1660 subsidiariae
602 1619 695 1661 loco
727 1621 914 1674 ponitur.
965 1635 1058 1662 eam
1085 1621 1439 1663 trithemimerem
1463 1620 1639 1670 Graece,

74 1709 85 1717 ·
131 1686 282 1728 Latine
317 1688 659 1730 semiternariam
692 1688 863 1730 dixeris.

360 1778 566 1823 despiciens
595 1780 597 1823 ,l
629 1791 728 1815 mare
756 1780 953 1815 velivolum
981 1782 983 1825 j
1012 1784 1202 1826 terrasque
1228 1782 1401 1816 iacentes.

360 1836 547 1870 infandum
579 1838 581 1881 Ι
610 1838 738 1882 regina
761 1838 865 1872 iubes
894 1840 896 1881 ζ
927 1850 1103 1873 renovare
1134 1839 1310 1873 dolorem.

131 1915 247 1970 apud
279 1916 469 1958 Graecos
507 1921 706 1959 auctores
747 1919 853 1960 artis
895 1933 978 1960 non
1021 1924 1307 1970 memoratur,
1352 1933 1490 1972 neque
1528 1919 1640 1959 inter

132 1985 347 2026 Romanos
386 1989 565 2039 excepto
598 1987 787 2028 Ausonio
832 1987 922 2029 eius
964 1988 1192 2041 quisquam
1233 1988 1335 2029 fecit
1368 1988 1640 2029 mentionem.

133 2057 176 2095 et
204 2053 275 2095 hic
306 2054 496 2107 quidem,
528 2055 601 2096 ubi
634 2058 861 2096 centonum
904 2056 1224 2098 confiandorum
1258 2057 1469 2098 rationem
1501 2056 1641 2109 aperit

132 2122 218 2176 [pg.
245 2125 325 2164 140
357 2122 421 2164 ed.
451 2123 587 2178 Sch.],
634 2127 732 2177 post
776 2124 991 2177 legitimas
1037 2125 1333 2167 distinctiones
1379 2128 1640 2166 memoratas

131 2194 221 2232 tres
251 2191 313 2232 ita
343 2192 510 2245 pergit:
552 2199 623 2233 aut
651 2199 749 2243 post
782 2197 983 2245 dactylum
1015 2201 1137 2245 atque
1167 2198 1409 2246 semipedem
1442 2196 1644 2245 quidquid

131 2266 261 2301 restat
288 2263 536 2302 hexametro.
588 2260 662 2302 ubi
692 2265 790 2315 post
820 2261 927 2302 illud
958 2269 1028 2303 dut
1058 2263 1300 2317 intercepta
1330 2262 1544 2316 quaedam
1566 2261 1638 2303 ad-

131 2327 297 2368 notavit
318 2327 491 2370 Birtius.
544 2343 654 2382 quae
684 2330 746 2371 ita
773 2329 864 2371 fere
895 2330 1166 2384 refingenda:
1199 2340 1269 2373 dett
1301 2338 1385 2372 tres
1415 2334 1640 2382 semipedes

133 2403 171 2437 et
192 2403 289 2447 post
319 2400 519 2449 dactylum
554 2397 860 2451 praecedentia
891 2398 1126 2440 declarant.

247 2464 373 2518 Apud
396 2464 585 2507 Graecos
615 2470 767 2520 poetas
800 2481 894 2508 cum
916 2467 1309 2521 hephthemimeres
1331 2468 1485 2521 exiguo
1508 2467 1640 2508 ferre-

132 2535 204 2573 tur
230 2532 409 2584 honore,
453 2538 636 2588 apparet
673 2535 975 2576 trithemimeri
1015 2536 1287 2590 potissimum
1326 2536 1458 2577 fuisse
1500 2535 1640 2577 locum

133 2605 338 2654 sequente
369 2615 549 2643 caesura
580 2604 710 2645 tertia
739 2604 974 2645 trochaica.
1026 2618 1076 2645 ac
1107 2608 1251 2646 tamen
1282 2609 1372 2646 tum
1401 2619 1485 2645 non
1506 2603 1640 2645 multo

132 2669 268 2723 magis
292 2670 329 2711 ei
351 2674 446 2712 erat
467 2685 585 2725 opus,
616 2686 744 2725 quam
767 2673 802 2713 si
824 2673 1130 2726 semiquinaria
1151 2678 1395 2727 poneretur.
1451 2676 1640 2713 ceterum

134 2738 516 2780 commendabatur
547 2740 637 2781 eius
672 2755 792 2791 usus,
835 2742 869 2782 si
911 2755 994 2782 non
1032 2743 1291 2783 necessitate
1323 2741 1539 2782 dividendi
1573 2732 1640 2782 oi·-

133 2805 275 2847 dinem
307 2807 539 2861 longiorem
581 2809 824 2861 metricum,
867 2814 982 2851 certe
1029 2810 1332 2851 commoditate
1375 2810 1640 2863 anapaestici

131 2874 254 2928 pedis
286 2876 584 2930 praecedentis
615 2891 823 2930 paeonem
854 2879 1041 2920 tertium.
1088 2879 1237 2935 itaque
1269 2878 1419 2923 eadem
1445 2877 1535 2920 fere
1558 2877 1640 2921 fuit

134 2943 389 3002 frequentia,
421 2959 506 3002 qua
539 2945 745 2989 bucolica.
