<?xml version="1.0" encoding="UTF-8"?>
<!DOCTYPE html PUBLIC "-//W3C//DTD XHTML 1.0 Transitional//EN"
    "http://www.w3.org/TR/xhtml1/DTD/xhtml1-transitional.dtd">
<html xmlns="http://www.w3.org/1999/xhtml" xml:lang="en" lang="en">
 <head>
  <title>
</title>
<meta http-equiv="Content-Type" content="text/html;charset=utf-8" />
  <meta name='ocr-system' content='tesseract 3.04.00' />
  <meta name='ocr-capabilities' content='ocr_page ocr_carea ocr_par ocr_line ocrx_word'/>
</head>
<body>
  <div class='ocr_page' id='page_1' title='image "./deremetricapoeta00mluoft_0545.png"; bbox 0 0 1898 3292; ppageno 0'>
   <div class='ocr_carea' id='block_1_1' title="bbox 738 188 1659 226">
    <p class='ocr_par' dir='ltr' id='par_1_1' title="bbox 738 188 1659 226">
     <span class='ocr_line' id='line_1_1' title="bbox 738 188 1659 226; baseline 0.002 -2"><span class='ocrx_word' id='word_1_1' title='bbox 738 200 859 224; x_wconf 79' lang='lat' dir='ltr'><strong>LIBER</strong></span> <span class='ocrx_word' id='word_1_2' title='bbox 877 198 1078 224; x_wconf 77' lang='lat' dir='ltr'>SEPTIMVS.</span> <span class='ocrx_word' id='word_1_3' title='bbox 1582 188 1659 226; x_wconf 86' lang='lat'>521</span> 
     </span>
    </p>
   </div>
   <div class='ocr_carea' id='block_1_2' title="bbox 159 301 1679 2969">
    <p class='ocr_par' dir='ltr' id='par_1_2' title="bbox 159 301 1666 688">
     <span class='ocr_line' id='line_1_2' title="bbox 159 301 1662 358; baseline -0.004 -11"><span class='ocrx_word' id='word_1_4' title='bbox 159 305 301 347; x_wconf 85' lang='lat' dir='ltr'>Latini</span> <span class='ocrx_word' id='word_1_5' title='bbox 323 319 451 358; x_wconf 87' lang='lat' dir='ltr'>quam</span> <span class='ocrx_word' id='word_1_6' title='bbox 484 303 825 358; x_wconf 78' lang='lat' dir='ltr'>spectaculorum</span> <span class='ocrx_word' id='word_1_7' title='bbox 859 306 988 355; x_wconf 86' lang='lat' dir='ltr'>atque</span> <span class='ocrx_word' id='word_1_8' title='bbox 1022 301 1313 355; x_wconf 88' lang='lat' dir='ltr'>epulationum</span> <span class='ocrx_word' id='word_1_9' title='bbox 1347 303 1432 342; x_wconf 88' lang='lat' dir='ltr'>sive</span> <span class='ocrx_word' id='word_1_10' title='bbox 1454 301 1662 342; x_wconf 90' lang='lat' dir='ltr'>bellorum</span> 
     </span>
     <span class='ocr_line' id='line_1_3' title="bbox 160 370 1664 428; baseline -0.004 -12"><span class='ocrx_word' id='word_1_11' title='bbox 160 375 489 428; x_wconf 75' lang='lat' dir='ltr'>descriptionem</span> <span class='ocrx_word' id='word_1_12' title='bbox 523 376 565 413; x_wconf 89' lang='lat' dir='ltr'>et</span> <span class='ocrx_word' id='word_1_13' title='bbox 597 375 916 425; x_wconf 72' lang='lat' dir='ltr'>praesumptam</span> <span class='ocrx_word' id='word_1_14' title='bbox 949 371 1129 424; x_wconf 76' lang='lat' dir='ltr'>Augusti</span> <span class='ocrx_word' id='word_1_15' title='bbox 1159 370 1211 411; x_wconf 76' lang='lat' dir='ltr'>ab</span> <span class='ocrx_word' id='word_1_16' title='bbox 1245 370 1499 423; x_wconf 67' lang='lat' dir='ltr'>aequalibus</span> <span class='ocrx_word' id='word_1_17' title='bbox 1530 374 1664 411; x_wconf 89' lang='lat' dir='ltr'>mate-</span> 
     </span>
     <span class='ocr_line' id='line_1_4' title="bbox 159 438 1664 491; baseline -0.003 -8"><span class='ocrx_word' id='word_1_18' title='bbox 159 443 266 484; x_wconf 91' lang='lat' dir='ltr'>riam</span> <span class='ocrx_word' id='word_1_19' title='bbox 294 442 485 483; x_wconf 79' lang='lat' dir='ltr'>laudium</span> <span class='ocrx_word' id='word_1_20' title='bbox 516 441 635 482; x_wconf 88' lang='lat' dir='ltr'>novis</span> <span class='ocrx_word' id='word_1_21' title='bbox 666 439 806 481; x_wconf 87' lang='lat' dir='ltr'>verbis</span> <span class='ocrx_word' id='word_1_22' title='bbox 838 439 1131 481; x_wconf 84' lang='lat' dir='ltr'>instaurarent</span> <span class='ocrx_word' id='word_1_23' title='bbox 1157 438 1221 480; x_wconf 91' lang='lat' dir='ltr'>vel</span> <span class='ocrx_word' id='word_1_24' title='bbox 1251 438 1490 479; x_wconf 81' lang='lat' dir='ltr'>didacticae</span> <span class='ocrx_word' id='word_1_25' title='bbox 1512 438 1664 491; x_wconf 74' lang='lat' dir='ltr'>poesis,</span> 
     </span>
     <span class='ocr_line' id='line_1_5' title="bbox 159 507 1666 562; baseline -0.003 -11"><span class='ocrx_word' id='word_1_26' title='bbox 159 512 244 552; x_wconf 88' lang='lat' dir='ltr'>iam</span> <span class='ocrx_word' id='word_1_27' title='bbox 295 513 414 560; x_wconf 85' lang='lat' dir='ltr'>ante,</span> <span class='ocrx_word' id='word_1_28' title='bbox 473 509 587 562; x_wconf 89' lang='lat' dir='ltr'>quod</span> <span class='ocrx_word' id='word_1_29' title='bbox 630 508 830 562; x_wconf 87' lang='lat' dir='ltr'>propriae</span> <span class='ocrx_word' id='word_1_30' title='bbox 881 508 1072 561; x_wconf 89' lang='lat' dir='ltr'>ipsorum</span> <span class='ocrx_word' id='word_1_31' title='bbox 1122 510 1210 548; x_wconf 88' lang='lat' dir='ltr'>tam</span> <span class='ocrx_word' id='word_1_32' title='bbox 1259 507 1368 548; x_wconf 92' lang='lat' dir='ltr'>bene</span> <span class='ocrx_word' id='word_1_33' title='bbox 1421 507 1666 547; x_wconf 74' lang='lat' dir='ltr'>conveniret</span> 
     </span>
     <span class='ocr_line' id='line_1_6' title="bbox 159 575 1665 629; baseline -0.003 -10"><span class='ocrx_word' id='word_1_34' title='bbox 159 578 311 629; x_wconf 87' lang='lat' dir='ltr'>indoli,</span> <span class='ocrx_word' id='word_1_35' title='bbox 353 578 533 619; x_wconf 88' lang='lat' dir='ltr'>multum</span> <span class='ocrx_word' id='word_1_36' title='bbox 573 580 788 618; x_wconf 80' lang='lat' dir='ltr'>tractatae</span> <span class='ocrx_word' id='word_1_37' title='bbox 828 590 853 617; x_wconf 90' lang='lat' dir='ltr'>a</span> <span class='ocrx_word' id='word_1_38' title='bbox 884 576 1110 627; x_wconf 83' lang='lat' dir='ltr'>Romanis,</span> <span class='ocrx_word' id='word_1_39' title='bbox 1150 575 1361 617; x_wconf 84' lang='lat' dir='ltr'>inmodice</span> <span class='ocrx_word' id='word_1_40' title='bbox 1393 575 1665 616; x_wconf 77' lang='lat' dir='ltr'>intenderent</span> 
     </span>
     <span class='ocr_line' id='line_1_7' title="bbox 159 649 313 688; baseline -0.006 0"><span class='ocrx_word' id='word_1_41' title='bbox 159 661 282 688; x_wconf 90' lang='lat' dir='ltr'>usum</span> <span class='ocrx_word' id='word_1_42' title='bbox 294 649 313 687; x_wconf 78' lang='lat' dir='ltr'>‘r&#39;</span> 
     </span>
    </p>

    <p class='ocr_par' dir='ltr' id='par_1_3' title="bbox 160 712 1672 1454">
     <span class='ocr_line' id='line_1_8' title="bbox 275 712 1668 768; baseline -0.003 -12"><span class='ocrx_word' id='word_1_43' title='bbox 275 714 452 756; x_wconf 84' lang='lat' dir='ltr'>Accedit</span> <span class='ocrx_word' id='word_1_44' title='bbox 501 713 615 767; x_wconf 89' lang='lat' dir='ltr'>quod</span> <span class='ocrx_word' id='word_1_45' title='bbox 667 714 883 768; x_wconf 86' lang='lat' dir='ltr'>epicorum</span> <span class='ocrx_word' id='word_1_46' title='bbox 932 713 1282 767; x_wconf 87' lang='lat' dir='ltr'>tragicorumque</span> <span class='ocrx_word' id='word_1_47' title='bbox 1330 712 1564 753; x_wconf 83' lang='lat' dir='ltr'>carminum</span> <span class='ocrx_word' id='word_1_48' title='bbox 1617 727 1668 753; x_wconf 85' lang='lat' dir='ltr'>ex</span> 
     </span>
     <span class='ocr_line' id='line_1_9' title="bbox 162 781 1667 836; baseline -0.003 -10"><span class='ocrx_word' id='word_1_49' title='bbox 162 785 425 826; x_wconf 87' lang='lat' dir='ltr'>Graecorum</span> <span class='ocrx_word' id='word_1_50' title='bbox 458 782 616 824; x_wconf 83' lang='lat' dir='ltr'>fabulis</span> <span class='ocrx_word' id='word_1_51' title='bbox 654 782 886 836; x_wconf 87' lang='lat' dir='ltr'>petitorum</span> <span class='ocrx_word' id='word_1_52' title='bbox 931 785 1047 823; x_wconf 88' lang='lat' dir='ltr'>certe</span> <span class='ocrx_word' id='word_1_53' title='bbox 1089 795 1114 822; x_wconf 88' lang='lat' dir='ltr'>a</span> <span class='ocrx_word' id='word_1_54' title='bbox 1157 781 1328 822; x_wconf 90' lang='lat' dir='ltr'>saeculo</span> <span class='ocrx_word' id='word_1_55' title='bbox 1360 796 1398 835; x_wconf 89' lang='lat' dir='ltr'>p.</span> <span class='ocrx_word' id='word_1_56' title='bbox 1432 781 1527 822; x_wconf 88' lang='lat' dir='ltr'>Chr.</span> <span class='ocrx_word' id='word_1_57' title='bbox 1558 796 1596 821; x_wconf 90' lang='lat' dir='ltr'>n.</span> <span class='ocrx_word' id='word_1_58' title='bbox 1628 781 1667 822; x_wconf 94' lang='grc' dir='ltr'>ΙΙ</span> 
     </span>
     <span class='ocr_line' id='line_1_10' title="bbox 160 849 1668 905; baseline -0.002 -13"><span class='ocrx_word' id='word_1_59' title='bbox 160 855 327 893; x_wconf 88' lang='lat' dir='ltr'>tantum</span> <span class='ocrx_word' id='word_1_60' title='bbox 359 851 472 905; x_wconf 85' lang='lat' dir='ltr'>cepit</span> <span class='ocrx_word' id='word_1_61' title='bbox 499 850 727 904; x_wconf 87' lang='lat' dir='ltr'>plerosque</span> <span class='ocrx_word' id='word_1_62' title='bbox 759 850 992 901; x_wconf 85' lang='lat' dir='ltr'>fastidium,</span> <span class='ocrx_word' id='word_1_63' title='bbox 1024 854 1072 891; x_wconf 91' lang='lat' dir='ltr'>ut</span> <span class='ocrx_word' id='word_1_64' title='bbox 1103 850 1239 903; x_wconf 90' lang='lat' dir='ltr'>magis</span> <span class='ocrx_word' id='word_1_65' title='bbox 1271 849 1326 890; x_wconf 92' lang='lat' dir='ltr'>sit</span> <span class='ocrx_word' id='word_1_66' title='bbox 1356 849 1523 900; x_wconf 88' lang='lat' dir='ltr'>mirum,</span> <span class='ocrx_word' id='word_1_67' title='bbox 1554 849 1668 902; x_wconf 89' lang='lat' dir='ltr'>quod</span> 
     </span>
     <span class='ocr_line' id='line_1_11' title="bbox 161 918 1670 974; baseline -0.002 -13"><span class='ocrx_word' id='word_1_68' title='bbox 161 919 215 962; x_wconf 91' lang='lat' dir='ltr'>ab</span> <span class='ocrx_word' id='word_1_69' title='bbox 248 919 379 974; x_wconf 88' lang='lat' dir='ltr'>epicis</span> <span class='ocrx_word' id='word_1_70' title='bbox 410 922 525 960; x_wconf 89' lang='lat' dir='ltr'>certe</span> <span class='ocrx_word' id='word_1_71' title='bbox 554 918 804 960; x_wconf 88' lang='lat' dir='ltr'>auctoribus</span> <span class='ocrx_word' id='word_1_72' title='bbox 836 922 1075 972; x_wconf 87' lang='lat' dir='ltr'>temporum</span> <span class='ocrx_word' id='word_1_73' title='bbox 1106 918 1277 959; x_wconf 91' lang='lat' dir='ltr'>illorum</span> <span class='ocrx_word' id='word_1_74' title='bbox 1309 924 1397 959; x_wconf 87' lang='lat' dir='ltr'>tam</span> <span class='ocrx_word' id='word_1_75' title='bbox 1427 932 1556 971; x_wconf 83' lang='lat' dir='ltr'>saepe</span> <span class='ocrx_word' id='word_1_76' title='bbox 1585 918 1670 958; x_wconf 88' lang='lat' dir='ltr'>ista</span> 
     </span>
     <span class='ocr_line' id='line_1_12' title="bbox 160 983 1670 1041; baseline -0.001 -12"><span class='ocrx_word' id='word_1_77' title='bbox 160 989 342 1030; x_wconf 87' lang='lat' dir='ltr'>materia</span> <span class='ocrx_word' id='word_1_78' title='bbox 372 991 642 1041; x_wconf 88' lang='lat' dir='ltr'>temptatast,</span> <span class='ocrx_word' id='word_1_79' title='bbox 676 1002 803 1041; x_wconf 88' lang='lat' dir='ltr'>quam</span> <span class='ocrx_word' id='word_1_80' title='bbox 836 987 950 1041; x_wconf 88' lang='lat' dir='ltr'>quod</span> <span class='ocrx_word' id='word_1_81' title='bbox 982 1001 1122 1041; x_wconf 86' lang='lat' dir='ltr'>pauca</span> <span class='ocrx_word' id='word_1_82' title='bbox 1153 983 1466 1028; x_wconf 82' lang='lat' dir='ltr'>admodumex</span> <span class='ocrx_word' id='word_1_83' title='bbox 1498 987 1670 1040; x_wconf 86' lang='lat' dir='ltr'>scriptis</span> 
     </span>
     <span class='ocr_line' id='line_1_13' title="bbox 161 1056 1671 1110; baseline -0.002 -11"><span class='ocrx_word' id='word_1_84' title='bbox 161 1072 307 1100; x_wconf 88' lang='lat' dir='ltr'>eorum</span> <span class='ocrx_word' id='word_1_85' title='bbox 329 1056 520 1098; x_wconf 90' lang='lat' dir='ltr'>habuere</span> <span class='ocrx_word' id='word_1_86' title='bbox 550 1070 805 1098; x_wconf 89' lang='lat' dir='ltr'>successum.</span> <span class='ocrx_word' id='word_1_87' title='bbox 841 1081 890 1086; x_wconf 87' lang='lat'>-</span> <span class='ocrx_word' id='word_1_88' title='bbox 924 1060 1295 1110; x_wconf 83' lang='lat' dir='ltr'>praetextatarum</span> <span class='ocrx_word' id='word_1_89' title='bbox 1328 1059 1471 1097; x_wconf 87' lang='lat' dir='ltr'>autem</span> <span class='ocrx_word' id='word_1_90' title='bbox 1503 1058 1671 1108; x_wconf 85' lang='lat' dir='ltr'>tragoe-</span> 
     </span>
     <span class='ocr_line' id='line_1_14' title="bbox 162 1124 1671 1179; baseline -0.002 -12"><span class='ocrx_word' id='word_1_91' title='bbox 162 1127 327 1168; x_wconf 86' lang='lat' dir='ltr'>diarum</span> <span class='ocrx_word' id='word_1_92' title='bbox 362 1125 427 1166; x_wconf 89' lang='lat' dir='ltr'>vel</span> <span class='ocrx_word' id='word_1_93' title='bbox 457 1124 596 1166; x_wconf 89' lang='lat' dir='ltr'>libera</span> <span class='ocrx_word' id='word_1_94' title='bbox 627 1140 672 1166; x_wconf 88' lang='lat' dir='ltr'>re</span> <span class='ocrx_word' id='word_1_95' title='bbox 699 1125 874 1179; x_wconf 87' lang='lat' dir='ltr'>publica</span> <span class='ocrx_word' id='word_1_96' title='bbox 904 1125 1118 1166; x_wconf 87' lang='lat' dir='ltr'>modicum</span> <span class='ocrx_word' id='word_1_97' title='bbox 1146 1124 1277 1166; x_wconf 85' lang='lat' dir='ltr'>fuisse</span> <span class='ocrx_word' id='word_1_98' title='bbox 1310 1138 1531 1165; x_wconf 88' lang='lat' dir='ltr'>numerum</span> <span class='ocrx_word' id='word_1_99' title='bbox 1566 1124 1671 1164; x_wconf 82' lang='lat' dir='ltr'>satis</span> 
     </span>
     <span class='ocr_line' id='line_1_15' title="bbox 161 1193 1670 1247; baseline -0.002 -11"><span class='ocrx_word' id='word_1_100' title='bbox 161 1199 319 1237; x_wconf 90' lang='lat' dir='ltr'>notum.</span> <span class='ocrx_word' id='word_1_101' title='bbox 381 1208 519 1247; x_wconf 89' lang='lat' dir='ltr'>neque</span> <span class='ocrx_word' id='word_1_102' title='bbox 550 1194 586 1235; x_wconf 92' lang='lat' dir='ltr'>is</span> <span class='ocrx_word' id='word_1_103' title='bbox 617 1193 828 1235; x_wconf 88' lang='lat' dir='ltr'>adauctus</span> <span class='ocrx_word' id='word_1_104' title='bbox 861 1194 1041 1235; x_wconf 89' lang='lat' dir='ltr'>multum</span> <span class='ocrx_word' id='word_1_105' title='bbox 1065 1194 1297 1235; x_wconf 83' lang='lat' dir='ltr'>Caesarum</span> <span class='ocrx_word' id='word_1_106' title='bbox 1326 1196 1481 1243; x_wconf 88' lang='lat' dir='ltr'>aetate,</span> <span class='ocrx_word' id='word_1_107' title='bbox 1511 1193 1670 1246; x_wconf 84' lang='lat' dir='ltr'>partim</span> 
     </span>
     <span class='ocr_line' id='line_1_16' title="bbox 166 1261 1671 1317; baseline -0.003 -12"><span class='ocrx_word' id='word_1_108' title='bbox 166 1263 280 1317; x_wconf 91' lang='lat' dir='ltr'>quod</span> <span class='ocrx_word' id='word_1_109' title='bbox 311 1262 598 1316; x_wconf 88' lang='lat' dir='ltr'>periculosum</span> <span class='ocrx_word' id='word_1_110' title='bbox 628 1262 848 1304; x_wconf 84' lang='lat' dir='ltr'>videretur</span> <span class='ocrx_word' id='word_1_111' title='bbox 885 1263 1138 1316; x_wconf 87' lang='lat' dir='ltr'>plerumque</span> <span class='ocrx_word' id='word_1_112' title='bbox 1172 1262 1314 1303; x_wconf 88' lang='lat' dir='ltr'>dicere</span> <span class='ocrx_word' id='word_1_113' title='bbox 1345 1262 1396 1303; x_wconf 92' lang='lat' dir='ltr'>de</span> <span class='ocrx_word' id='word_1_114' title='bbox 1428 1261 1557 1303; x_wconf 86' lang='lat' dir='ltr'>rebus</span> <span class='ocrx_word' id='word_1_115' title='bbox 1590 1261 1671 1301; x_wconf 84' lang='lat' dir='ltr'>Ro-</span> 
     </span>
     <span class='ocr_line' id='line_1_17' title="bbox 164 1329 1672 1385; baseline -0.002 -12"><span class='ocrx_word' id='word_1_116' title='bbox 164 1332 309 1382; x_wconf 83' lang='lat' dir='ltr'>manis,</span> <span class='ocrx_word' id='word_1_117' title='bbox 342 1332 499 1385; x_wconf 89' lang='lat' dir='ltr'>partim</span> <span class='ocrx_word' id='word_1_118' title='bbox 533 1334 709 1384; x_wconf 89' lang='lat' dir='ltr'>propter</span> <span class='ocrx_word' id='word_1_119' title='bbox 740 1331 950 1372; x_wconf 90' lang='lat' dir='ltr'>incuriam</span> <span class='ocrx_word' id='word_1_120' title='bbox 983 1332 1044 1372; x_wconf 88' lang='lat' dir='ltr'>rei</span> <span class='ocrx_word' id='word_1_121' title='bbox 1072 1331 1271 1385; x_wconf 88' lang='lat' dir='ltr'>publicae</span> <span class='ocrx_word' id='word_1_122' title='bbox 1293 1330 1534 1385; x_wconf 83' lang='lat' dir='ltr'>praesentis</span> <span class='ocrx_word' id='word_1_123' title='bbox 1556 1329 1672 1371; x_wconf 84' lang='lat' dir='ltr'>velut</span> 
     </span>
     <span class='ocr_line' id='line_1_18' title="bbox 163 1400 1307 1454; baseline -0.001 -12"><span class='ocrx_word' id='word_1_124' title='bbox 163 1401 328 1442; x_wconf 86' lang='lat' dir='ltr'>alienae</span> <span class='ocrx_word' id='word_1_125' title='bbox 361 1404 403 1441; x_wconf 92' lang='lat' dir='ltr'>et</span> <span class='ocrx_word' id='word_1_126' title='bbox 431 1400 719 1453; x_wconf 87' lang='lat' dir='ltr'>ignorantiam</span> <span class='ocrx_word' id='word_1_127' title='bbox 753 1403 1096 1453; x_wconf 83' lang='lat' dir='ltr'>contemptumve</span> <span class='ocrx_word' id='word_1_128' title='bbox 1128 1401 1307 1454; x_wconf 85' lang='lat' dir='ltr'>priscae.</span> 
     </span>
    </p>

    <p class='ocr_par' dir='ltr' id='par_1_4' title="bbox 164 1468 1674 1660">
     <span class='ocr_line' id='line_1_19' title="bbox 278 1468 1673 1522; baseline -0.002 -12"><span class='ocrx_word' id='word_1_129' title='bbox 278 1469 411 1510; x_wconf 89' lang='lat' dir='ltr'>Porro</span> <span class='ocrx_word' id='word_1_130' title='bbox 446 1472 690 1510; x_wconf 88' lang='lat' dir='ltr'>saturarum</span> <span class='ocrx_word' id='word_1_131' title='bbox 723 1469 1167 1522; x_wconf 88' lang='lat' dir='ltr'>epigrammatumque</span> <span class='ocrx_word' id='word_1_132' title='bbox 1211 1468 1398 1510; x_wconf 89' lang='lat' dir='ltr'>studium</span> <span class='ocrx_word' id='word_1_133' title='bbox 1442 1468 1523 1509; x_wconf 92' lang='lat' dir='ltr'>etsi</span> <span class='ocrx_word' id='word_1_134' title='bbox 1554 1482 1673 1508; x_wconf 88' lang='lat' dir='ltr'>num-</span> 
     </span>
     <span class='ocr_line' id='line_1_20' title="bbox 164 1536 1674 1591; baseline -0.003 -11"><span class='ocrx_word' id='word_1_135' title='bbox 164 1552 293 1591; x_wconf 87' lang='lat' dir='ltr'>quam</span> <span class='ocrx_word' id='word_1_136' title='bbox 336 1537 520 1579; x_wconf 86' lang='lat' dir='ltr'>cessavit</span> <span class='ocrx_word' id='word_1_137' title='bbox 559 1538 671 1578; x_wconf 87' lang='lat' dir='ltr'>inter</span> <span class='ocrx_word' id='word_1_138' title='bbox 716 1538 951 1588; x_wconf 85' lang='lat' dir='ltr'>Romanos,</span> <span class='ocrx_word' id='word_1_139' title='bbox 1005 1542 1150 1579; x_wconf 90' lang='lat' dir='ltr'>tamen</span> <span class='ocrx_word' id='word_1_140' title='bbox 1190 1541 1232 1579; x_wconf 85' lang='lat' dir='ltr'>et</span> <span class='ocrx_word' id='word_1_141' title='bbox 1271 1538 1408 1591; x_wconf 87' lang='lat' dir='ltr'>ipsum</span> <span class='ocrx_word' id='word_1_142' title='bbox 1450 1536 1674 1577; x_wconf 88' lang='lat' dir='ltr'>imminuta</span> 
     </span>
     <span class='ocr_line' id='line_1_21' title="bbox 167 1605 1488 1660; baseline -0.002 -12"><span class='ocrx_word' id='word_1_143' title='bbox 167 1606 335 1648; x_wconf 88' lang='lat' dir='ltr'>dicendi</span> <span class='ocrx_word' id='word_1_144' title='bbox 366 1606 568 1647; x_wconf 86' lang='lat' dir='ltr'>libertate</span> <span class='ocrx_word' id='word_1_145' title='bbox 601 1605 767 1647; x_wconf 86' lang='lat' dir='ltr'>concidi</span> <span class='ocrx_word' id='word_1_146' title='bbox 796 1607 988 1660; x_wconf 89' lang='lat' dir='ltr'>oportuit</span> <span class='ocrx_word' id='word_1_147' title='bbox 1020 1610 1062 1648; x_wconf 91' lang='lat' dir='ltr'>et</span> <span class='ocrx_word' id='word_1_148' title='bbox 1093 1607 1134 1647; x_wconf 91' lang='lat' dir='ltr'>in</span> <span class='ocrx_word' id='word_1_149' title='bbox 1168 1610 1309 1648; x_wconf 90' lang='lat' dir='ltr'>artum</span> <span class='ocrx_word' id='word_1_150' title='bbox 1341 1605 1488 1659; x_wconf 83' lang='lat' dir='ltr'>redigi.</span> 
     </span>
    </p>

    <p class='ocr_par' dir='ltr' id='par_1_5' title="bbox 164 1672 1675 1934">
     <span class='ocr_line' id='line_1_22' title="bbox 278 1672 1674 1729; baseline -0.001 -14"><span class='ocrx_word' id='word_1_151' title='bbox 278 1674 472 1727; x_wconf 90' lang='lat' dir='ltr'>Denique</span> <span class='ocrx_word' id='word_1_152' title='bbox 511 1674 633 1729; x_wconf 85' lang='lat' dir='ltr'>lyrici</span> <span class='ocrx_word' id='word_1_153' title='bbox 681 1675 882 1717; x_wconf 85' lang='lat' dir='ltr'>carminis</span> <span class='ocrx_word' id='word_1_154' title='bbox 920 1690 1023 1717; x_wconf 89' lang='lat' dir='ltr'>usus</span> <span class='ocrx_word' id='word_1_155' title='bbox 1067 1676 1146 1717; x_wconf 89' lang='lat' dir='ltr'>etsi</span> <span class='ocrx_word' id='word_1_156' title='bbox 1192 1690 1275 1717; x_wconf 91' lang='lat' dir='ltr'>non</span> <span class='ocrx_word' id='word_1_157' title='bbox 1315 1675 1472 1725; x_wconf 86' lang='lat' dir='ltr'>isdem,</span> <span class='ocrx_word' id='word_1_158' title='bbox 1519 1672 1674 1726; x_wconf 88' lang='lat' dir='ltr'>quibus</span> 
     </span>
     <span class='ocr_line' id='line_1_23' title="bbox 164 1743 1675 1797; baseline -0.002 -13"><span class='ocrx_word' id='word_1_159' title='bbox 164 1743 481 1797; x_wconf 89' lang='lat' dir='ltr'>plerorumque,</span> <span class='ocrx_word' id='word_1_160' title='bbox 515 1743 843 1785; x_wconf 84' lang='lat' dir='ltr'>conflictabatur</span> <span class='ocrx_word' id='word_1_161' title='bbox 866 1743 1205 1795; x_wconf 88' lang='lat' dir='ltr'>difficultatibus,</span> <span class='ocrx_word' id='word_1_162' title='bbox 1235 1748 1378 1784; x_wconf 88' lang='lat' dir='ltr'>tamen</span> <span class='ocrx_word' id='word_1_163' title='bbox 1409 1757 1487 1796; x_wconf 88' lang='lat' dir='ltr'>pro</span> <span class='ocrx_word' id='word_1_164' title='bbox 1519 1745 1675 1782; x_wconf 88' lang='lat' dir='ltr'>natura</span> 
     </span>
     <span class='ocr_line' id='line_1_24' title="bbox 164 1810 1673 1866; baseline -0.001 -14"><span class='ocrx_word' id='word_1_165' title='bbox 164 1813 454 1853; x_wconf 83' lang='lat' dir='ltr'>Romanorum</span> <span class='ocrx_word' id='word_1_166' title='bbox 477 1825 560 1853; x_wconf 92' lang='lat' dir='ltr'>non</span> <span class='ocrx_word' id='word_1_167' title='bbox 581 1815 749 1853; x_wconf 90' lang='lat' dir='ltr'>tantum</span> <span class='ocrx_word' id='word_1_168' title='bbox 771 1813 963 1863; x_wconf 83' lang='lat' dir='ltr'>invaluit,</span> <span class='ocrx_word' id='word_1_169' title='bbox 985 1817 1033 1854; x_wconf 90' lang='lat' dir='ltr'>ut</span> <span class='ocrx_word' id='word_1_170' title='bbox 1055 1813 1237 1854; x_wconf 88' lang='lat' dir='ltr'>aliorum</span> <span class='ocrx_word' id='word_1_171' title='bbox 1260 1826 1460 1866; x_wconf 85' lang='lat' dir='ltr'>generum</span> <span class='ocrx_word' id='word_1_172' title='bbox 1485 1810 1673 1864; x_wconf 86' lang='lat' dir='ltr'>inopiam</span> 
     </span>
     <span class='ocr_line' id='line_1_25' title="bbox 167 1880 642 1934; baseline -0.002 -12"><span class='ocrx_word' id='word_1_173' title='bbox 167 1880 282 1922; x_wconf 91' lang='lat' dir='ltr'>solus</span> <span class='ocrx_word' id='word_1_174' title='bbox 314 1884 457 1934; x_wconf 86' lang='lat' dir='ltr'>posset</span> <span class='ocrx_word' id='word_1_175' title='bbox 487 1880 642 1922; x_wconf 90' lang='lat' dir='ltr'>levare.</span> 
     </span>
    </p>

    <p class='ocr_par' dir='ltr' id='par_1_6' title="bbox 165 1948 1676 2279">
     <span class='ocr_line' id='line_1_26' title="bbox 278 1948 1674 2002; baseline 0 -13"><span class='ocrx_word' id='word_1_176' title='bbox 278 1948 355 1989; x_wconf 91' lang='lat' dir='ltr'>His</span> <span class='ocrx_word' id='word_1_177' title='bbox 383 1948 515 2002; x_wconf 87' lang='lat' dir='ltr'>igitur</span> <span class='ocrx_word' id='word_1_178' title='bbox 551 1949 690 1990; x_wconf 87' lang='lat' dir='ltr'>causis</span> <span class='ocrx_word' id='word_1_179' title='bbox 723 1953 788 1991; x_wconf 92' lang='lat' dir='ltr'>est</span> <span class='ocrx_word' id='word_1_180' title='bbox 819 1950 1039 2001; x_wconf 83' lang='lat' dir='ltr'>effectum,</span> <span class='ocrx_word' id='word_1_181' title='bbox 1078 1953 1125 1990; x_wconf 87' lang='lat' dir='ltr'>ut</span> <span class='ocrx_word' id='word_1_182' title='bbox 1154 1963 1206 1990; x_wconf 89' lang='lat' dir='ltr'>ne</span> <span class='ocrx_word' id='word_1_183' title='bbox 1239 1950 1470 1992; x_wconf 87' lang='lat' dir='ltr'>Caesarum</span> <span class='ocrx_word' id='word_1_184' title='bbox 1503 1948 1674 2002; x_wconf 87' lang='lat' dir='ltr'>quidem</span> 
     </span>
     <span class='ocr_line' id='line_1_27' title="bbox 166 2017 1676 2073; baseline -0.001 -15"><span class='ocrx_word' id='word_1_185' title='bbox 166 2017 244 2059; x_wconf 89' lang='lat' dir='ltr'>sub</span> <span class='ocrx_word' id='word_1_186' title='bbox 286 2017 488 2070; x_wconf 85' lang='lat' dir='ltr'>imperiO,</span> <span class='ocrx_word' id='word_1_187' title='bbox 542 2031 804 2071; x_wconf 88' lang='lat' dir='ltr'>quamquam</span> <span class='ocrx_word' id='word_1_188' title='bbox 847 2019 1009 2060; x_wconf 89' lang='lat' dir='ltr'>abolito</span> <span class='ocrx_word' id='word_1_189' title='bbox 1052 2022 1300 2073; x_wconf 89' lang='lat' dir='ltr'>contemptu</span> <span class='ocrx_word' id='word_1_190' title='bbox 1343 2018 1561 2072; x_wconf 83' lang='lat' dir='ltr'>poeticae,</span> <span class='ocrx_word' id='word_1_191' title='bbox 1603 2017 1676 2070; x_wconf 91' lang='lat' dir='ltr'>qui</span> 
     </span>
     <span class='ocr_line' id='line_1_28' title="bbox 165 2084 1676 2141; baseline 0 -15"><span class='ocrx_word' id='word_1_192' title='bbox 165 2086 284 2139; x_wconf 88' lang='lat' dir='ltr'>prius</span> <span class='ocrx_word' id='word_1_193' title='bbox 324 2084 486 2135; x_wconf 83' lang='lat' dir='ltr'>fuerat,</span> <span class='ocrx_word' id='word_1_194' title='bbox 537 2089 580 2127; x_wconf 93' lang='lat' dir='ltr'>et</span> <span class='ocrx_word' id='word_1_195' title='bbox 621 2085 869 2129; x_wconf 86' lang='lat' dir='ltr'>abundante</span> <span class='ocrx_word' id='word_1_196' title='bbox 912 2089 999 2129; x_wconf 92' lang='lat' dir='ltr'>otio</span> <span class='ocrx_word' id='word_1_197' title='bbox 1043 2088 1323 2141; x_wconf 80' lang='lat' dir='ltr'>stabilitaque</span> <span class='ocrx_word' id='word_1_198' title='bbox 1363 2101 1440 2141; x_wconf 90' lang='lat' dir='ltr'>per</span> <span class='ocrx_word' id='word_1_199' title='bbox 1482 2086 1676 2139; x_wconf 84' lang='lat' dir='ltr'>egregios</span> 
     </span>
     <span class='ocr_line' id='line_1_29' title="bbox 166 2154 1676 2210; baseline 0.001 -16"><span class='ocrx_word' id='word_1_200' title='bbox 166 2157 365 2195; x_wconf 87' lang='lat' dir='ltr'>auctores</span> <span class='ocrx_word' id='word_1_201' title='bbox 407 2154 613 2195; x_wconf 89' lang='lat' dir='ltr'>orationis</span> <span class='ocrx_word' id='word_1_202' title='bbox 654 2159 747 2196; x_wconf 90' lang='lat' dir='ltr'>arte</span> <span class='ocrx_word' id='word_1_203' title='bbox 792 2160 835 2197; x_wconf 90' lang='lat' dir='ltr'>et</span> <span class='ocrx_word' id='word_1_204' title='bbox 872 2157 1019 2208; x_wconf 90' lang='lat' dir='ltr'>metri,</span> <span class='ocrx_word' id='word_1_205' title='bbox 1063 2161 1188 2199; x_wconf 88' lang='lat' dir='ltr'>tanta</span> <span class='ocrx_word' id='word_1_206' title='bbox 1225 2160 1370 2210; x_wconf 87' lang='lat' dir='ltr'>posset</span> <span class='ocrx_word' id='word_1_207' title='bbox 1412 2156 1676 2196; x_wconf 88' lang='lat' dir='ltr'>incrementa</span> 
     </span>
     <span class='ocr_line' id='line_1_30' title="bbox 167 2222 1181 2279; baseline 0.004 -16"><span class='ocrx_word' id='word_1_208' title='bbox 167 2236 322 2276; x_wconf 87' lang='lat' dir='ltr'>capere</span> <span class='ocrx_word' id='word_1_209' title='bbox 350 2222 493 2276; x_wconf 89' lang='lat' dir='ltr'>poesis</span> <span class='ocrx_word' id='word_1_210' title='bbox 525 2223 690 2274; x_wconf 88' lang='lat' dir='ltr'>Latina,</span> <span class='ocrx_word' id='word_1_211' title='bbox 723 2228 885 2277; x_wconf 89' lang='lat' dir='ltr'>quanta</span> <span class='ocrx_word' id='word_1_212' title='bbox 917 2229 1181 2279; x_wconf 85' lang='lat' dir='ltr'>expectares.</span> 
     </span>
    </p>

    <p class='ocr_par' dir='ltr' id='par_1_7' title="bbox 168 2290 1676 2417">
     <span class='ocr_line' id='line_1_31' title="bbox 281 2290 1676 2348; baseline 0.001 -18"><span class='ocrx_word' id='word_1_213' title='bbox 281 2290 365 2331; x_wconf 80' lang='lat' dir='ltr'>Sed</span> <span class='ocrx_word' id='word_1_214' title='bbox 396 2290 536 2331; x_wconf 91' lang='lat' dir='ltr'>missis</span> <span class='ocrx_word' id='word_1_215' title='bbox 567 2291 653 2332; x_wconf 88' lang='lat' dir='ltr'>iam</span> <span class='ocrx_word' id='word_1_216' title='bbox 684 2293 933 2335; x_wconf 89' lang='lat' dir='ltr'>criminibus</span> <span class='ocrx_word' id='word_1_217' title='bbox 965 2295 1108 2348; x_wconf 89' lang='lat' dir='ltr'>potius</span> <span class='ocrx_word' id='word_1_218' title='bbox 1141 2308 1212 2345; x_wconf 87' lang='lat' dir='ltr'>ea,</span> <span class='ocrx_word' id='word_1_219' title='bbox 1257 2307 1367 2347; x_wconf 87' lang='lat' dir='ltr'>quae</span> <span class='ocrx_word' id='word_1_220' title='bbox 1399 2292 1517 2334; x_wconf 87' lang='lat' dir='ltr'>haud</span> <span class='ocrx_word' id='word_1_221' title='bbox 1548 2291 1676 2333; x_wconf 88' lang='lat' dir='ltr'>dubie</span> 
     </span>
     <span class='ocr_line' id='line_1_32' title="bbox 168 2358 1578 2417; baseline 0.001 -18"><span class='ocrx_word' id='word_1_222' title='bbox 168 2358 311 2400; x_wconf 84' lang='lat' dir='ltr'>decori</span> <span class='ocrx_word' id='word_1_223' title='bbox 345 2358 519 2400; x_wconf 89' lang='lat' dir='ltr'>fuerunt</span> <span class='ocrx_word' id='word_1_224' title='bbox 545 2364 755 2414; x_wconf 91' lang='lat' dir='ltr'>eruntque</span> <span class='ocrx_word' id='word_1_225' title='bbox 789 2361 1010 2417; x_wconf 83' lang='lat' dir='ltr'>dactylicis</span> <span class='ocrx_word' id='word_1_226' title='bbox 1042 2363 1220 2413; x_wconf 85' lang='lat' dir='ltr'>Latinis,</span> <span class='ocrx_word' id='word_1_227' title='bbox 1253 2375 1578 2416; x_wconf 85' lang='lat' dir='ltr'>persequamur.</span> 
     </span>
    </p>

    <p class='ocr_par' dir='ltr' id='par_1_8' title="bbox 167 2427 1679 2969">
     <span class='ocr_line' id='line_1_33' title="bbox 281 2427 1676 2485; baseline 0.001 -17"><span class='ocrx_word' id='word_1_228' title='bbox 281 2428 434 2480; x_wconf 84' lang='lat' dir='ltr'>Itaque</span> <span class='ocrx_word' id='word_1_229' title='bbox 468 2427 671 2479; x_wconf 86' lang='lat' dir='ltr'>Romani,</span> <span class='ocrx_word' id='word_1_230' title='bbox 714 2429 788 2471; x_wconf 90' lang='lat' dir='ltr'>ubi</span> <span class='ocrx_word' id='word_1_231' title='bbox 827 2432 996 2484; x_wconf 89' lang='lat' dir='ltr'>penitus</span> <span class='ocrx_word' id='word_1_232' title='bbox 1036 2431 1279 2485; x_wconf 88' lang='lat' dir='ltr'>penetravit</span> <span class='ocrx_word' id='word_1_233' title='bbox 1318 2431 1362 2471; x_wconf 90' lang='lat' dir='ltr'>in</span> <span class='ocrx_word' id='word_1_234' title='bbox 1393 2444 1465 2471; x_wconf 88' lang='lat' dir='ltr'>eos</span> <span class='ocrx_word' id='word_1_235' title='bbox 1504 2444 1575 2471; x_wconf 90' lang='lat' dir='ltr'>ars</span> <span class='ocrx_word' id='word_1_236' title='bbox 1607 2444 1676 2470; x_wconf 87' lang='lat' dir='ltr'>ex-</span> 
     </span>
     <span class='ocr_line' id='line_1_34' title="bbox 168 2495 1679 2552; baseline 0.001 -15"><span class='ocrx_word' id='word_1_237' title='bbox 168 2500 303 2546; x_wconf 88' lang='lat' dir='ltr'>terna,</span> <span class='ocrx_word' id='word_1_238' title='bbox 335 2495 445 2536; x_wconf 90' lang='lat' dir='ltr'>sicut</span> <span class='ocrx_word' id='word_1_239' title='bbox 472 2509 560 2536; x_wconf 89' lang='lat' dir='ltr'>rem</span> <span class='ocrx_word' id='word_1_240' title='bbox 591 2496 809 2549; x_wconf 88' lang='lat' dir='ltr'>publicam</span> <span class='ocrx_word' id='word_1_241' title='bbox 838 2500 982 2552; x_wconf 90' lang='lat' dir='ltr'>potius</span> <span class='ocrx_word' id='word_1_242' title='bbox 1010 2500 1243 2541; x_wconf 89' lang='lat' dir='ltr'>multorum</span> <span class='ocrx_word' id='word_1_243' title='bbox 1276 2499 1429 2540; x_wconf 86' lang='lat' dir='ltr'>civium</span> <span class='ocrx_word' id='word_1_244' title='bbox 1461 2497 1679 2551; x_wconf 89' lang='lat' dir='ltr'>aequabili</span> 
     </span>
     <span class='ocr_line' id='line_1_35' title="bbox 167 2565 1678 2618; baseline 0.001 -13"><span class='ocrx_word' id='word_1_245' title='bbox 167 2565 324 2605; x_wconf 88' lang='lat' dir='ltr'>virtute</span> <span class='ocrx_word' id='word_1_246' title='bbox 365 2576 493 2616; x_wconf 91' lang='lat' dir='ltr'>quam</span> <span class='ocrx_word' id='word_1_247' title='bbox 537 2565 662 2606; x_wconf 91' lang='lat' dir='ltr'>unius</span> <span class='ocrx_word' id='word_1_248' title='bbox 706 2565 889 2609; x_wconf 91' lang='lat' dir='ltr'>hominis</span> <span class='ocrx_word' id='word_1_249' title='bbox 933 2568 1090 2610; x_wconf 85' lang='lat' dir='ltr'>eximia</span> <span class='ocrx_word' id='word_1_250' title='bbox 1145 2567 1423 2618; x_wconf 81' lang='lat' dir='ltr'>excellentia,</span> <span class='ocrx_word' id='word_1_251' title='bbox 1475 2567 1537 2607; x_wconf 88' lang='lat' dir='ltr'>ita</span> <span class='ocrx_word' id='word_1_252' title='bbox 1587 2566 1678 2608; x_wconf 90' lang='lat' dir='ltr'>solo</span> 
     </span>
     <span class='ocr_line' id='line_1_36' title="bbox 170 2632 1679 2686; baseline 0.001 -12"><span class='ocrx_word' id='word_1_253' title='bbox 170 2632 320 2674; x_wconf 84' lang='lat' dir='ltr'>Ovidio</span> <span class='ocrx_word' id='word_1_254' title='bbox 353 2635 532 2684; x_wconf 86' lang='lat' dir='ltr'>excepto</span> <span class='ocrx_word' id='word_1_255' title='bbox 572 2634 700 2686; x_wconf 88' lang='lat' dir='ltr'>parili</span> <span class='ocrx_word' id='word_1_256' title='bbox 732 2637 917 2678; x_wconf 86' lang='lat' dir='ltr'>omnium</span> <span class='ocrx_word' id='word_1_257' title='bbox 959 2637 1173 2679; x_wconf 89' lang='lat' dir='ltr'>industria</span> <span class='ocrx_word' id='word_1_258' title='bbox 1213 2636 1518 2677; x_wconf 88' lang='lat' dir='ltr'>continuarunt</span> <span class='ocrx_word' id='word_1_259' title='bbox 1548 2649 1679 2676; x_wconf 87' lang='lat' dir='ltr'>novos</span> 
     </span>
     <span class='ocr_line' id='line_1_37' title="bbox 170 2698 1678 2759; baseline 0.001 -17"><span class='ocrx_word' id='word_1_260' title='bbox 170 2700 339 2751; x_wconf 89' lang='lat' dir='ltr'>modos,</span> <span class='ocrx_word' id='word_1_261' title='bbox 382 2699 455 2752; x_wconf 91' lang='lat' dir='ltr'>qui</span> <span class='ocrx_word' id='word_1_262' title='bbox 486 2698 644 2741; x_wconf 88' lang='lat' dir='ltr'>firmati</span> <span class='ocrx_word' id='word_1_263' title='bbox 675 2716 701 2743; x_wconf 89' lang='lat' dir='ltr'>a</span> <span class='ocrx_word' id='word_1_264' title='bbox 733 2704 948 2747; x_wconf 87' lang='lat' dir='ltr'>Ciceronis</span> <span class='ocrx_word' id='word_1_265' title='bbox 991 2705 1245 2759; x_wconf 88' lang='lat' dir='ltr'>aequalibus</span> <span class='ocrx_word' id='word_1_266' title='bbox 1286 2718 1379 2745; x_wconf 88' lang='lat' dir='ltr'>eam</span> <span class='ocrx_word' id='word_1_267' title='bbox 1422 2702 1678 2756; x_wconf 88' lang='lat' dir='ltr'>elegantiam</span> 
     </span>
     <span class='ocr_line' id='line_1_38' title="bbox 170 2770 1679 2822; baseline 0.001 -13"><span class='ocrx_word' id='word_1_268' title='bbox 170 2781 399 2822; x_wconf 80' lang='lat' dir='ltr'>accepere,</span> <span class='ocrx_word' id='word_1_269' title='bbox 441 2781 570 2819; x_wconf 89' lang='lat' dir='ltr'>quam</span> <span class='ocrx_word' id='word_1_270' title='bbox 602 2770 792 2815; x_wconf 84' lang='lat' dir='ltr'>videmus</span> <span class='ocrx_word' id='word_1_271' title='bbox 825 2775 866 2814; x_wconf 91' lang='lat' dir='ltr'>in</span> <span class='ocrx_word' id='word_1_272' title='bbox 898 2774 1019 2816; x_wconf 89' lang='lat' dir='ltr'>libris</span> <span class='ocrx_word' id='word_1_273' title='bbox 1051 2773 1251 2814; x_wconf 87' lang='lat' dir='ltr'>Maronis.</span> <span class='ocrx_word' id='word_1_274' title='bbox 1313 2772 1450 2821; x_wconf 89' lang='lat' dir='ltr'>huius,</span> <span class='ocrx_word' id='word_1_275' title='bbox 1484 2771 1563 2812; x_wconf 88' lang='lat' dir='ltr'>etsi</span> <span class='ocrx_word' id='word_1_276' title='bbox 1596 2771 1679 2812; x_wconf 88' lang='lat' dir='ltr'>fuit</span> 
     </span>
     <span class='ocr_line' id='line_1_39' title="bbox 170 2837 1679 2896; baseline 0.001 -18"><span class='ocrx_word' id='word_1_277' title='bbox 170 2840 299 2891; x_wconf 90' lang='lat' dir='ltr'>poeta</span> <span class='ocrx_word' id='word_1_278' title='bbox 322 2849 450 2889; x_wconf 91' lang='lat' dir='ltr'>quam</span> <span class='ocrx_word' id='word_1_279' title='bbox 478 2837 744 2881; x_wconf 86' lang='lat' dir='ltr'>versificator</span> <span class='ocrx_word' id='word_1_280' title='bbox 766 2842 927 2889; x_wconf 79' lang='lat' dir='ltr'>melior,</span> <span class='ocrx_word' id='word_1_281' title='bbox 959 2843 1120 2896; x_wconf 87' lang='lat' dir='ltr'>placita</span> <span class='ocrx_word' id='word_1_282' title='bbox 1142 2841 1380 2895; x_wconf 88' lang='lat' dir='ltr'>probavere</span> <span class='ocrx_word' id='word_1_283' title='bbox 1403 2839 1518 2880; x_wconf 86' lang='lat' dir='ltr'>haud</span> <span class='ocrx_word' id='word_1_284' title='bbox 1540 2839 1679 2893; x_wconf 90' lang='lat' dir='ltr'>pauci.</span> 
     </span>
     <span class='ocr_line' id='line_1_40' title="bbox 174 2909 1679 2969; baseline -0.001 -18"><span class='ocrx_word' id='word_1_285' title='bbox 174 2913 324 2951; x_wconf 89' lang='lat' dir='ltr'>contra</span> <span class='ocrx_word' id='word_1_286' title='bbox 348 2912 524 2955; x_wconf 89' lang='lat' dir='ltr'>Ovidius</span> <span class='ocrx_word' id='word_1_287' title='bbox 551 2920 686 2948; x_wconf 86' lang='lat' dir='ltr'>novae</span> <span class='ocrx_word' id='word_1_288' title='bbox 718 2916 869 2953; x_wconf 86' lang='lat' dir='ltr'>auctor</span> <span class='ocrx_word' id='word_1_289' title='bbox 903 2912 1010 2954; x_wconf 88' lang='lat' dir='ltr'>artis</span> <span class='ocrx_word' id='word_1_290' title='bbox 1040 2911 1247 2969; x_wconf 86' lang='lat' dir='ltr'>pleraque</span> <span class='ocrx_word' id='word_1_291' title='bbox 1278 2910 1435 2952; x_wconf 88' lang='lat' dir='ltr'>veteris</span> <span class='ocrx_word' id='word_1_292' title='bbox 1467 2909 1679 2961; x_wconf 88' lang='lat' dir='ltr'>licentiae,</span> 
     </span>
    </p>
   </div>
  </div>
 </body>
</html>
