1898 3292
766 211 884 237 LIBER
902 210 1058 237 SEXTVS.
1580 204 1604 240 4
1611 202 1632 240 3
1639 204 1661 239 5

158 327 294 366 neque
326 313 452 355 aliter
474 314 685 355 Ausonius
712 313 987 366 anapaestico
1020 312 1198 353 carmini
1232 315 1409 365 propter
1441 315 1664 352 Herculani

157 395 310 422 nomen
342 382 556 423 senarium
588 381 818 422 iambicum
851 381 1080 422 admiscuit
1111 379 1290 435 [parent.
1327 379 1417 435 17],
1459 379 1586 433 plane
1616 383 1664 421 ut

158 449 313 491 Critias
346 449 444 491 VIII
475 449 657 491 saeculis
689 453 788 490 ante
821 448 1020 502 elegiacis
1051 448 1240 489 numeris
1280 452 1459 501 propter
1490 451 1663 489 Alcibia-

157 520 219 558 dis
266 517 335 572 [cf.
378 521 420 558 et
457 517 698 559 Terentian.
735 520 837 558 1561
875 516 995 573 sqq.].
1067 515 1262 569 adeoque
1303 515 1571 565 Priscianus,
1616 519 1665 556 ut

158 588 471 636 Mesopotamiae
521 585 776 626 vocabulum
837 585 1029 638 ineptum
1080 587 1218 625 metro
1269 583 1442 625 heroico
1493 584 1662 633 vitaret,

117 667 121 669 ’
157 653 307 694 maluit
353 653 535 708 [perieg.
576 653 678 709 917]
730 656 981 695 Medamnam
1028 652 1204 706 proprio
1250 652 1411 705 fingere
1458 652 1662 706 periculo.

156 735 285 775 porro
316 721 419 762 alibi
447 725 651 775 corrupta
672 722 887 763 nominum
909 734 1110 762 mensura
1138 720 1367 761 confitendi
1399 721 1664 774 ingenuitate

157 790 392 841 mitigatur.
450 790 580 831 veluti
607 790 759 831 scienti
791 789 872 831 sibi
904 789 1136 830 admissum
1178 790 1435 841 quantitatis
1475 802 1662 829 errorem

156 857 272 898 hisce
302 858 465 898 indicat
495 857 637 899 verbis
667 857 924 899 Prudentius
958 856 1065 913 [peri
1093 857 1229 910 steph.
1262 861 1300 901 4,
1336 856 1458 912 161]:

364 951 537 992 quattuor
562 952 647 992 post
672 948 755 982 hinc
783 952 952 992 superest
977 949 1138 982 virorum

362 1017 494 1040 nomen
519 1005 645 1039 extolli
671 1009 847 1039 renuente
873 1010 1001 1048 metro,

363 1073 454 1105 quos
482 1062 698 1096 Saturninos
722 1066 901 1096 memorat
931 1066 1082 1096 vocatos

360 1120 482 1163 prisca
507 1121 682 1153 vetustas.

362 1176 532 1210 carminis
557 1176 657 1220 leges
683 1186 785 1209 amor
810 1186 1004 1209 aureorum

362 1234 550 1267 nominum
577 1233 679 1277 parvi
705 1232 794 1266 facit

160 1316 203 1354 et
234 1312 445 1354 similibus
475 1326 579 1354 usus
610 1311 864 1365 ambagibus
895 1311 1178 1353 Terentianus
1210 1311 1378 1368 [1368]:

362 1404 513 1438 tertium
540 1403 708 1438 detrecto
736 1414 878 1437 nomen.
926 1402 1007 1447 lege
1034 1414 1115 1436 nam
1142 1404 1248 1436 metri
1276 1406 1390 1436 vetor.

362 1462 576 1505 παρίαμβον
602 1472 756 1504 namque
783 1460 920 1504 dicunt,
947 1461 975 1494 si
1001 1460 1166 1505 probatis
1193 1458 1347 1493 ἔκτασιν.

271 1541 382 1592 Quid
413 1540 528 1594 quod
555 1540 621 1582 vel
661 1541 789 1582 medii
827 1541 920 1582 aevi
960 1543 1112 1595 poetas
1145 1540 1317 1581 minime
1351 1540 1483 1581 fuisse
1515 1540 1664 1581 faciles

157 1609 212 1650 ad
242 1610 468 1662 legitimas,
510 1623 618 1662 quas
658 1613 863 1663 putarent
892 1609 987 1663 ipsi,
1028 1608 1256 1650 verborum
1299 1609 1564 1661 quantitates
1605 1610 1666 1650 in-

156 1677 386 1719 vertendas
416 1677 562 1718 multis
592 1681 762 1719 constat
793 1677 1030 1731 exemplis?

271 1746 430 1787 Verum
471 1749 519 1786 ut
562 1745 735 1787 redeam
777 1745 820 1786 in
860 1745 985 1795 viani,
1024 1745 1184 1786 mutari
1222 1744 1448 1799 paullatim
1492 1750 1533 1787 et
1575 1759 1666 1786 cor-

157 1814 299 1868 rumpi
329 1813 537 1867 pleraque
568 1814 777 1856 sermonis
808 1813 950 1855 Latini
982 1826 1155 1855 necesse
1192 1812 1274 1855 fuit
1304 1817 1482 1867 propter
1514 1828 1667 1855 causas

158 1882 482 1924 diversissimas.
536 1896 558 1924 e
589 1882 744 1936 quibus
767 1882 908 1935 gravis
931 1881 1162 1923 admodum
1186 1880 1267 1923 fuit
1288 1882 1437 1935 utique
1458 1882 1667 1923 immensa

156 1951 240 1992 ista
266 1949 510 1992 differentia
541 1950 775 1992 dictionum
814 1963 864 1991 ac
906 1963 1203 1998 numerorum,
1246 1963 1356 2003 quae
1399 1964 1476 2004 per
1516 1950 1668 1992 ultima

156 2019 325 2072 imperii
365 2018 539 2060 saecula
580 2019 766 2072 optinuit
793 2018 906 2059 inter
935 2019 1071 2059 cultos
1102 2017 1296 2059 homines
1328 2021 1371 2058 et
1401 2032 1484 2059 non
1517 2018 1666 2060 cultos.

157 2100 256 2128 nam
298 2100 393 2128 cum
435 2087 587 2141 vulgus
629 2086 921 2140 quantitatum
961 2085 1246 2140 plurimarum
1286 2100 1456 2128 sensum
1500 2086 1666 2140 pridem

159 2154 358 2206 exuisset,
392 2155 452 2196 eis
481 2155 555 2209 qui
584 2155 765 2196 metrica
796 2155 987 2196 carmina
1010 2158 1315 2208 componerent
1351 2180 1382 2184 -
1433 2169 1542 2208 quae
1575 2156 1667 2209 qui-

159 2223 255 2264 dem
297 2226 340 2264 et
376 2223 472 2277 ipsa
501 2223 690 2265 studiose
721 2227 769 2265 ut
801 2223 1045 2264 colerentur
1077 2223 1304 2265 severitate
1337 2223 1550 2265 scholicae
1584 2223 1667 2264 dis-

160 2290 343 2344 ciplinae
375 2295 419 2332 et
447 2295 571 2333 tanta
592 2292 749 2333 veteris
778 2292 882 2333 artis
913 2292 1197 2333 reverentiast
1226 2291 1425 2333 effectum
1457 2317 1511 2322 —
1543 2292 1668 2346 sylla-

159 2358 313 2399 barum
334 2373 561 2401 mensurae
583 2374 667 2401 non
689 2359 828 2401 vivido
852 2360 1092 2413 elegantiae
1124 2373 1262 2411 sensu,
1295 2359 1370 2401 sed
1402 2360 1668 2402 extrinsecus

160 2426 328 2468 adscita
354 2428 589 2482 temperari
619 2432 798 2481 coeptae
838 2432 937 2469 sunt
979 2428 1196 2479 doctrina,
1241 2428 1368 2481 plane
1408 2432 1456 2470 ut
1497 2429 1668 2470 illorum

158 2498 328 2536 tantum
358 2509 443 2537 non
474 2496 682 2547 omnibus,
714 2496 787 2549 qui
817 2509 930 2537 nunc
957 2500 1152 2550 pangunt
1172 2509 1321 2537 versus
1352 2496 1539 2538 Latinos.
1591 2498 1667 2538 tali

159 2562 285 2604 modo
325 2568 554 2618 perceptae
598 2564 826 2618 prosodiae
864 2578 993 2617 quam
1035 2577 1165 2618 saepe
1207 2564 1410 2618 opinandi
1452 2566 1668 2618 pravitate

160 2645 236 2672 seu
257 2632 489 2673 memoriae
511 2646 656 2674 errore
681 2632 901 2686 potuerint
931 2633 1119 2687 perverti
1148 2632 1274 2674 facile
1310 2637 1504 2686 apparet.
1557 2637 1666 2674 cete-

160 2713 255 2740 rum
287 2699 437 2751 Afros,
478 2704 526 2741 ut
571 2700 795 2742 abundant
823 2701 958 2752 vitiis,
1001 2701 1130 2742 etiam
1173 2701 1465 2754 quantitatum
1503 2700 1669 2755 legibus

161 2767 411 2820 spernendis
441 2767 629 2821 insignes
660 2768 792 2810 fuisse
825 2772 976 2810 auctor
1014 2772 1080 2810 est
1110 2769 1363 2810 Consentius
1405 2767 1511 2824 [14]‚
1554 2769 1668 2822 quod

160 2834 357 2877 firmatur
400 2836 605 2890 exemplis
647 2840 871 2890 poetarum
913 2841 955 2878 et
986 2837 1113 2878 Nonii
1187 2840 1369 2890 apparet
1404 2842 1549 2878 autem
1581 2852 1668 2879 ser-

162 2917 327 2945 monem
365 2905 604 2945 Romanum
648 2918 697 2945 eo
737 2906 873 2957 magis
913 2905 1043 2946 fuisse
1086 2918 1265 2958 pronum
1299 2905 1354 2945 ad
1389 2906 1667 2959 corruptelas

1321 2974 1393 3006 28*
