1898 3292
776 172 1014 199 OPVSCVLVM
1033 174 1082 199 1v.
1598 166 1678 205 583

172 275 329 317 lineola
360 276 585 316 interiecta
615 274 901 329 separandum
943 288 1035 316 esse
1068 289 1093 316 a
1125 275 1278 316 ceteris
1319 276 1441 329 quasi
1472 276 1679 329 praefati-

173 343 372 385 unculam
412 343 662 398 hymnorum
714 343 780 384 vel
826 344 970 397 potius
1017 343 1203 384 omnium
1251 343 1412 384 Sedulii
1457 344 1677 395 librorum,

173 426 284 466 quae
314 426 382 453 res
415 413 544 453 etiam
576 426 625 453 eo
661 411 956 461 confirmatur,
1000 411 1114 464 quod
1153 412 1197 452 111
1235 411 1380 453 0011100
1411 413 1678 454 Arnzeniano

173 481 438 534 epigramma
469 480 627 522 Asterii
667 505 720 509 ——
761 493 860 521 nam
901 480 938 520 is
980 482 1148 520 mortuo
1192 479 1365 520 Sedulio
1410 494 1542 533 opera
1588 481 1678 521 eius

172 548 424 590 Macedonio
456 548 604 589 abbati
636 549 794 589 amoris
825 561 956 589 causa
988 547 1264 588 dedicaverat
1295 573 1351 578 —
1382 549 1677 602 praepositum

170 617 328 670 legitur
368 617 523 671 hymno
565 617 723 670 primo,
775 619 823 658 ut
863 615 1079 657 contrario
1121 629 1250 668 quam
1289 630 1400 657 nunc
1440 616 1489 657 fit
1529 616 1677 658 ordine

171 699 304 739 opera
333 685 495 727 Sedulii
527 684 827 726 constituenda
857 698 950 726 esse
982 688 1203 738 appareat.

285 754 348 794 De
383 753 555 794 echoico
584 757 720 794 metro
752 753 814 794 ita
845 752 1016 794 Servius
1047 753 1091 793 in
1124 752 1384 794 Centimetro
1417 754 1502 807 [pg.
1530 754 1677 808 1826]:

170 826 372 864 echeleum
406 830 481 870 esi,
515 825 697 872 quotiens
724 836 847 863 sonus
881 825 1044 862 ultimae
1072 823 1253 873 syllabae
1276 824 1555 872 paenulce'mae
1586 836 1676 863 con-

167 894 292 943 gruit,
323 897 367 931 ut
393 897 452 931 est
481 893 578 931 hoc.-

375 978 526 1010 exercet
548 977 691 1009 mentes
716 975 894 1009 fraternas
919 978 1023 1019 grata
1047 974 1154 1009 malis
1179 974 1235 1009 lis.

282 1055 428 1096 Talest
460 1055 745 1096 Horatianum
775 1054 880 1096 illud
914 1055 963 1109 [s.
995 1055 1025 1105 l,
1060 1058 1096 1105 3,
1130 1054 1249 1111 121]:

371 1142 534 1184 verbera,
560 1152 657 1174 nunc
682 1152 820 1183 vereor,
848 1152 931 1174 cum
956 1140 1056 1175 dicas
1081 1152 1159 1175 esse
1185 1150 1290 1185 pares
1315 1150 1381 1174 res.

169 1221 244 1264 sed
266 1236 350 1262 11011
383 1221 522 1262 minus
544 1221 744 1262 dicuntur
765 1220 939 1262 ’00110101
960 1234 1119 1271 versus,
1154 1220 1227 1261 ubi
1258 1220 1370 1261 idem
1404 1223 1677 1274 repetitumst

168 1289 356 1340 verbum,
389 1294 436 1331 111
467 1290 581 1343 apud
602 1289 834 1330 Homerum
866 1289 911 1330 ll.
936 1289 982 1339 V,
1007 1292 1081 1340 313
1114 1293 1217 1331 455:
1248 1282 1375 1343 Ἄρες,
1403 1287 1529 1342 Ἄρες,
1561 1290 1676 1343 quod

166 1359 360 1399 imitatus
383 1362 448 1399 est
469 1358 680 1411 Vergilius
703 1358 763 1399 510
785 1357 928 1398 1311001.
953 1361 988 1408 3,
1015 1361 1089 1400 79:
1122 1362 1221 1406 mle,
1254 1362 1354 1407 vale,
1388 1362 1528 1409 inquit,
1557 1361 1672 1400 Iolla.

168 1431 209 1468 et
239 1427 353 1468 hunc
391 1426 601 1480 expressit
630 1425 805 1467 Ovidius
837 1426 1008 1467 Metam.
1040 1426 1118 1476 III,
1166 1429 1269 1468 501:
1311 1430 1496 1477 dictoque
1540 1424 1669 1467 ‘vale’

160 1492 288 1536 ‘vale’
325 1499 455 1546 lnquit
486 1502 523 1536 et
555 1498 676 1536 Eeho.
728 1498 858 1548 atque
890 1494 998 1536 tales
1030 1494 1287 1548 praestigias
1319 1495 1533 1548 placuisse
1564 1509 1673 1537 saec.

165 1578 204 1617 p.
238 1562 334 1605 Chr.
368 1578 405 1604 n.
437 1563 575 1616 primo
607 1566 793 1604 testatur
824 1562 1036 1604 Martialis
1063 1563 1116 1613 II,
1145 1566 1210 1604 86.

280 1631 511 1672 Praeterea
554 1631 791 1673 sententiae
821 1631 954 1672 robur
996 1631 1181 1672 adstruit
1212 1645 1359 1672 versus
1406 1645 1514 1672 unus
1556 1636 1673 1673 certo

165 1699 391 1740 intervallo
430 1699 663 1741 identidem
704 1699 924 1753 repetitus.
995 1699 1126 1741 veluti
1165 1699 1340 1741 Ovidius
1382 1700 1425 1740 in
1467 1701 1672 1741 Amorum

167 1769 354 1809 carmine
394 1768 467 1809 illo
501 1766 671 1809 ‘ianitor
709 1771 919 1820 indignam
962 1772 1068 1809 (lura
1106 1771 1281 1820 relc'gyate
1322 1766 1488 1809 catena'
1540 1769 1586 1823 [1,
1629 1768 1669 1824 6]

164 1836 263 1878 111110
294 1851 320 1877 a
345 1850 471 1878 versu
500 1837 680 1890 septimo
703 1836 867 1877 decimo
899 1850 1034 1889 usque
1067 1835 1122 1877 ad
1149 1836 1548 1890 quinquagesimum
1580 1851 1673 1878 sex-

164 1908 255 1946 tum
307 1908 614 1958 quaternorum
664 1904 944 1946 distichorum
994 1904 1078 1945 fine
1128 1905 1303 1958 repetiit
1354 1908 1670 1958 pentametrum

164 1973 298 2015 hunc:

370 2033 539 2074 tempora
563 2030 683 2064 1100115
709 2032 806 2064 eunt.
855 2032 986 2064 excute
1012 2033 1119 2074 poste
1145 2040 1273 2072 seram,

164 2121 376 2162 distinctis
406 2121 578 2174 quidem
621 2135 687 2172 00,
728 2120 843 2174 quod
881 2120 986 2171 dixi,
1029 2120 1255 2162 intervallo
1301 2121 1429 2162 etiam
1471 2135 1671 2163 sensuum

163 2190 331 2231 finibus.
393 2189 589 2230 similiter
628 2190 671 2230 in
710 2189 895 2243 epistula
926 2189 1155 2230 Deianirae
1185 2189 1291 2244 [her.
1324 2189 1402 2245 lx]
1435 2190 1548 2231 inter
1579 2204 1671 2231 ver-

165 2273 236 2299 sus
286 2258 562 2299 centesimum
615 2257 990 2311 quadragesimum
1038 2258 1213 2299 tertium
1265 2262 1307 2299 et
1357 2258 1670 2311 sexagesimum

164 2329 366 2379 quartum
389 2330 543 2379 quater
564 2327 759 2377 recurrit,
792 2326 976 2379 primum
998 2330 1095 2380 post
1118 2326 1201 2367 duo
1224 2326 1409 2367 disticha
1432 2326 1526 2380 (sed
1556 2326 1670 2368 vide-

163 2398 233 2435 tur
271 2408 401 2435 unum
441 2394 766 2448 interceptum),
809 2394 906 2435 (lein
948 2398 1046 2448 post
1088 2398 1211 2435 terna
1250 2394 1355 2436 illud
1389 2393 1531 2445 ‘impia
1573 2399 1673 2445 quid

165 2466 339 2512 dubitas,
371 2466 584 2511 Deianira,
616 2460 764 2503 moris
830 2466 876 2503 at
905 2462 1020 2516 apud
1054 2476 1160 2513 eum,
1204 2464 1276 2516 qui
1309 2463 1480 2517 scripsit
1510 2464 1670 2516 epistu-

161 2531 247 2572 lam
278 2530 414 2571 Didus
444 2530 617 2571 heroico
649 2533 786 2572 metro
821 2531 996 2584 [anthol.
1028 2531 1100 2571 lat.
1132 2534 1183 2572 83
1215 2531 1278 2572 ed.
1301 2531 1382 2585 R.],
1413 2545 1507 2572 cum
1538 2531 1671 2572 verba

161 2599 288 2640 haec:
328 2613 404 2639 saa
441 2602 578 2639 taedia
616 2602 724 2639 solus
759 2603 912 2650 fallere
954 2603 1082 2640 nescit
1124 2614 1236 2640 amor
1276 2604 1373 2653 post
1414 2614 1449 2639 v.
1491 2604 1565 2649 42,
1596 2599 1669 2640 ubi

161 2668 345 2720 primum
386 2670 484 2707 sunt
524 2666 686 2719 posita,
736 2667 894 2720 septies
933 2671 1159 2708 recurrant
1199 2667 1282 2717 ita,
1334 2671 1381 2707 ut
1428 2667 1670 2708 intercedat

163 2735 403 2776 hexametri
435 2734 548 2787 quod
581 2738 646 2775 est
665 2738 764 2788 post
784 2735 1151 2788 penthemimerin,
1184 2738 1274 2775 tum
1309 2738 1396 2776 tres
1428 2735 1669 2776 hexametri

164 2807 207 2844 et
251 2817 302 2843 ea
347 2816 469 2855 pars,
514 2816 600 2855 qua
644 2802 1024 2856 hephthemimeris
1068 2802 1328 2855 completur,
1374 2803 1488 2844 ultro
1533 2804 1670 2844 oritur

163 2871 349 2925 suspicio
392 2871 435 2911 in
466 2870 756 2923 sequentibus,
796 2871 835 2912 11.
868 2885 901 2912 0.
939 2871 1051 2912 inter
1083 2885 1229 2912 versus
1263 2874 1315 2912 78
1347 2875 1390 2912 01
1421 2875 1496 2921 81,
1538 2885 1668 2912 unum
