1898 3292
274 215 356 252 550
894 219 1130 245 OPVSCVLVM
1148 219 1172 243 1.

273 323 608 365 subtrahendam
659 322 888 376 utrobique
940 322 1184 376 putavimus
1237 321 1416 361 alteram
1456 325 1488 369 l,
1545 321 1655 361 sicut
1698 334 1782 360 non

272 392 492 434 timuimus
522 390 635 445 apud
669 390 849 432 eundem
883 404 1089 444 reponere
1121 394 1170 438 li,
1213 395 1314 438 lam,
1352 393 1400 430 lis
1433 403 1510 443 pro
1543 392 1617 437 illi,
1659 393 1780 435 illum,

273 465 374 510 illis,
415 463 463 501 ut
493 460 639 501 eodem
673 463 867 513 tempore
903 458 1103 500 Afranius
1135 458 1264 499 dixit:
1302 462 1414 498 immo
1450 461 1477 498 le·
1508 461 1635 498 mitem
1674 462 1781 508 faxo

266 533 430 581 faciant
453 531 646 580 fustibus.
708 542 804 569 nam
836 531 884 568 ut
915 528 956 567 in
990 531 1077 578 ipse
1109 531 1150 568 et
1183 531 1278 576 isle,
1325 526 1453 567 etiam
1485 527 1526 566 in
1560 530 1625 566 ille
1657 525 1782 566 omis-

273 613 363 639 sam
396 596 628 650 aliquando
662 601 675 636 2?
707 600 749 637 et
771 596 1101 637 Romanicarum
1132 595 1376 647 linguarum
1399 593 1609 648 probatur
1643 608 1782 634 exem-

271 666 354 720 plo.
393 691 447 696 —
489 679 751 719 quamquam
792 665 928 706 altero
972 664 1066 705 loco
1108 664 1247 717 potuit
1286 663 1505 704 lenissima
1546 662 1782 703 mutatione

270 735 420 788 reponi
451 738 463 774 ι’
494 733 558 775 vel
591 737 645 782 hi,
686 734 828 787 priore
863 736 915 774 eit
946 732 1029 786 (vel
1052 734 1099 786 it)
1130 739 1273 773 contra,
1299 757 1343 761 —
1364 734 1623 783 peclelemtim
1647 736 1781 782 foras:

273 806 424 844 contra
456 817 540 843 11011
573 802 716 843 censui
749 801 1020 843 tolerandum
1053 800 1227 855 [xxm
1261 801 1328 855 7]:

363 894 477 938 quid?
513 905 600 937 quas
626 893 784 937 partiret
807 893 886 936 ipsc
912 904 978 936 pro
1005 892 1175 926 doctrina
1199 893 1314 932 boni}

386 986 477 1026 Iam
524 985 715 1025 vocalem
765 983 937 1025 brevem
985 983 1264 1036 sequentibus
1301 972 1429 1023 muta
1475 997 1569 1023 cum
1621 982 1785 1035 liquida

274 1058 447 1108 praeter
477 1069 531 1105 yn
566 1067 646 1094 non
674 1052 854 1106 produci
892 1052 1006 1105 apud
1039 1052 1258 1093 scaenicos
1291 1051 1603 1092 vetustissimos
1635 1051 1784 1091 rectis-

273 1124 377 1164 sime
433 1121 744 1163 demonstravit
784 1121 1056 1162 Ritschelius.
1126 1121 1273 1174 itaque
1326 1135 1410 1161 non
1457 1124 1635 1173 possunt
1683 1119 1784 1159 ferri

273 1191 382 1232 haec
415 1190 530 1244 apud
561 1190 769 1231 Naevium
803 1194 845 1231 et
881 1190 1078 1230 Accium:

365 1285 406 1315 ea
430 1282 518 1316 licet
546 1281 661 1315 senile
688 1284 825 1315 tractet
848 1280 1015 1314 retritum
1045 1280 1274 1321 rutabulum3

365 1367 372 1374 .
403 1367 409 1372 .
436 1340 497 1383 qui
525 1339 610 1373 hinc
637 1339 843 1383 superescit
869 1337 1039 1381 Spartam
1066 1338 1098 1371 01
1125 1340 1235 1381 atquc
1260 1337 1435 1381 Amyclas
1461 1336 1566 1370 trado
1593 1348 1672 1380 ego.

272 1431 563 1485 reponendum
596 1430 703 1471 illud
744 1433 957 1477 [lest-ilemz‚·
999 1443 1128 1482 porro
1172 1433 1265 1469 huic
1308 1443 1397 1479 qum
1439 1430 1554 1480 (quin
1597 1431 1691 1468 lze'nc
1723 1427 1785 1467 cd.

272 1500 389 1541 Festi
419 1514 487 1554 pg.
520 1501 619 1552 302)
659 1502 899 1550 superesce'l,
938 1499 1129 1549 Spcirlcme
1169 1504 1290 1548 alque
1321 1502 1506 1549 Amyclas
1540 1497 1658 1537 (rdtlo
1700 1510 1784 1547 690.

273 1584 371 1610 nam
405 1573 589 1621 Amyclas
629 1568 749 1609 brevi
790 1582 882 1608 esse
922 1566 1187 1620 paenultima
1226 1567 1319 1607 iure
1363 1565 1648 1606 adfirmarunt
1680 1564 1785 1605 Her-

272 1652 453 1679 mannus
477 1641 519 1678 et
541 1635 800 1678 Ritschelius
823 1636 986 1690 [opusc.
1011 1635 1061 1685 ΙΙ,
1086 1638 1165 1677 502
1190 1634 1279 1690 sq.].
1326 1637 1554 1688 praeterea
1587 1633 1630 1674 in
1662 1647 1787 1673 versu

272 1706 400 1747 Livii:

365 1807 472 1840 quem
500 1807 568 1840 ego
596 1795 810 1830 nefrendem
838 1795 920 1838 alui⁷
945 1795 1102 1829 lacteam
1128 1794 1346 1838 immulgens
1373 1804 1481 1837 opem

274 1884 334 1923 sic
366 1881 678 1923 scandendum:
722 1895 836 1932 quem
869 1881 941 1932 eqd
973 1884 1224 1932 nefrendem,
1258 1893 1341 1920 non
1375 1894 1487 1930 quem
1521 1893 1594 1930 eqo
1626 1879 1787 1930 1117)·οη-

275 1955 382 1999 dem‚·
413 1964 511 1991 nam
544 1954 794 2001 nefrendem,
827 1953 874 1990 ut
896 1955 1028 2001 tzc’fas,
1063 1952 1280 2000 nefarium,
1308 1947 1470 1989 habere
1493 1948 1671 2000 primam
1697 1962 1788 1988 cor-

273 2023 440 2073 reptam
465 2023 658 2072 apparet.
707 2018 891 2071 denique
914 2018 1031 2067 illud,
1055 2017 1169 2070 quod
1192 2020 1257 2058 est
1283 2020 1363 2057 iam
1387 2020 1638 2057 domnionem
1667 2030 1786 2066 reyes

275 2091 445 2129 Atridae
468 2095 641 2138 param,
673 2101 757 2128 non
787 2102 812 2127 a
842 2087 1007 2140 tragico
1031 2085 1216 2139 quodam
1239 2085 1398 2136 fictum,
1431 2085 1503 2126 sed
1528 2085 1581 2126 ab
1614 2089 1789 2126 auctore

275 2156 537 2197 Rhetoricon
581 2155 636 2196 ad
669 2156 930 2196 Herennium
973 2156 1173 2196 datorum
1214 2168 1345 2207 supra
1386 2154 1629 2194 memoravi.
1691 2167 1790 2193 nam

276 2228 422 2280 Atrida
462 2224 645 2278 primam
686 2225 876 2278 corripit.
939 2228 1090 2265 contra
1129 2223 1393 2276 tragicorum
1431 2221 1682 2275 fragmentis
1716 2221 1789 2262 ad-

275 2293 439 2333 dendus
472 2292 553 2333 fuit
583 2307 731 2334 versus
759 2293 842 2342 ille,
874 2293 917 2333 in
950 2306 1033 2345 quo
1067 2291 1196 2332 ctiam
1228 2291 1391 2332 dictum
1423 2291 1475 2331 de
1510 2290 1682 2331 Atrida:

366 2382 496 2426 Danai,
527 2384 588 2427 qui
614 2386 746 2428 parcnt
771 2383 938 2426 Atridae,
965 2394 1074 2427 quam
1100 2383 1258 2427 primum
1284 2394 1382 2416 arma
1409 2382 1552 2417 sumite.

276 2464 349 2504 ubi
372 2478 450 2517 pro
473 2467 643 2505 Alre'dae
674 2464 842 2505 codices
877 2463 1068 2519 [gramm.
1092 2464 1165 2504 lat.
1188 2463 1257 2514 IV,
1283 2468 1385 2515 3943
1420 2464 1464 2512 V,
1489 2462 1589 2516 291]
1613 2465 1788 2510 Alre'des,

276 2536 432 2581 Acrisii,
474 2535 642 2573 Atridis.
706 2536 748 2573 et
789 2536 944 2573 Atridis
982 2533 1122 2573 minus
1164 2531 1272 2572 bene
1313 2532 1449 2573 fertur
1490 2530 1626 2584 vulgo.
1688 2531 1789 2571 item

277 2601 490 2654 tragicum
520 2600 602 2642 hoc
637 2599 677 2657 [l.
712 2600 807 2657 m.]:
972 2604 975 2606 ’

369 2693 439 2735 itis,
467 2692 604 2737 paratis
632 2704 732 2726 arma
758 2704 866 2736 quam
895 2693 1053 2736 primum
1078 2691 1172 2726 viri?

278 2782 321 2819 et
350 2792 479 2832 porro
516 2777 707 2834 [gramm.
740 2778 812 2818 lat.
849 2778 894 2827 V,
928 2782 1030 2829 29ss3
1065 2778 1187 2832 387]:

372 2869 496 2904 tetulit
521 2869 643 2904 senilis
669 2868 787 2904 Poeas
813 2869 859 2903 ad
888 2869 1029 2903 caelum
1054 2881 1193 2904 manus.
