<?xml version="1.0" encoding="UTF-8"?>
<!DOCTYPE html PUBLIC "-//W3C//DTD XHTML 1.0 Transitional//EN"
    "http://www.w3.org/TR/xhtml1/DTD/xhtml1-transitional.dtd">
<html xmlns="http://www.w3.org/1999/xhtml" xml:lang="en" lang="en">
 <head>
  <title>
</title>
<meta http-equiv="Content-Type" content="text/html;charset=utf-8" />
  <meta name='ocr-system' content='tesseract 3.04.00' />
  <meta name='ocr-capabilities' content='ocr_page ocr_carea ocr_par ocr_line ocrx_word'/>
</head>
<body>
  <div class='ocr_page' id='page_1' title='image "./deremetricapoeta00mluoft_0491.png"; bbox 0 0 1898 3292; ppageno 0'>
   <div class='ocr_carea' id='block_1_1' title="bbox 760 212 1658 249">
    <p class='ocr_par' dir='ltr' id='par_1_1' title="bbox 760 212 1658 249">
     <span class='ocr_line' id='line_1_1' title="bbox 760 212 1658 249; baseline 0.003 -3"><span class='ocrx_word' id='word_1_1' title='bbox 760 221 879 246; x_wconf 59' lang='lat' dir='ltr'>mnne</span> <span class='ocrx_word' id='word_1_2' title='bbox 898 222 1056 247; x_wconf 72' lang='lat' dir='ltr'>snx&#39;rvs.</span> <span class='ocrx_word' id='word_1_3' title='bbox 1577 212 1658 249; x_wconf 81' lang='lat'>467</span> 
     </span>
    </p>
   </div>
   <div class='ocr_carea' id='block_1_2' title="bbox 152 321 1664 2898">
    <p class='ocr_par' dir='ltr' id='par_1_2' title="bbox 155 321 1660 445">
     <span class='ocr_line' id='line_1_2' title="bbox 155 321 1660 376; baseline -0.001 -12"><span class='ocrx_word' id='word_1_4' title='bbox 155 336 238 376; x_wconf 90' lang='lat' dir='ltr'>quo</span> <span class='ocrx_word' id='word_1_5' title='bbox 269 323 438 364; x_wconf 90' lang='lat' dir='ltr'>mollius</span> <span class='ocrx_word' id='word_1_6' title='bbox 469 323 611 371; x_wconf 74' lang='lat' dir='ltr'>etiam,</span> <span class='ocrx_word' id='word_1_7' title='bbox 642 325 690 363; x_wconf 89' lang='lat' dir='ltr'>ut</span> <span class='ocrx_word' id='word_1_8' title='bbox 720 322 917 363; x_wconf 87' lang='lat' dir='ltr'>enclitica</span> <span class='ocrx_word' id='word_1_9' title='bbox 946 322 1243 375; x_wconf 76' lang='lat' dir='ltr'>praecedente,</span> <span class='ocrx_word' id='word_1_10' title='bbox 1276 322 1416 363; x_wconf 87' lang='lat' dir='ltr'>evenit</span> <span class='ocrx_word' id='word_1_11' title='bbox 1449 321 1660 362; x_wconf 73' lang='lat' dir='ltr'>Martialis</span> 
     </span>
     <span class='ocr_line' id='line_1_3' title="bbox 155 390 1016 445; baseline -0.001 -14"><span class='ocrx_word' id='word_1_12' title='bbox 155 390 394 444; x_wconf 87' lang='lat' dir='ltr'>exemplum</span> <span class='ocrx_word' id='word_1_13' title='bbox 425 390 532 431; x_wconf 89' lang='lat' dir='ltr'>illud</span> <span class='ocrx_word' id='word_1_14' title='bbox 562 390 652 445; x_wconf 88' lang='lat' dir='ltr'>[lib.</span> <span class='ocrx_word' id='word_1_15' title='bbox 685 395 816 444; x_wconf 87' lang='lat' dir='ltr'>spect.</span> <span class='ocrx_word' id='word_1_16' title='bbox 853 393 915 441; x_wconf 81' lang='grc'>18,</span> <span class='ocrx_word' id='word_1_17' title='bbox 948 391 1016 444; x_wconf 70' lang='lat' dir='ltr'>fij:</span> 
     </span>
    </p>

    <p class='ocr_par' dir='ltr' id='par_1_3' title="bbox 154 463 1268 581">
     <span class='ocr_line' id='line_1_4' title="bbox 360 463 1268 508; baseline -0.001 -11"><span class='ocrx_word' id='word_1_18' title='bbox 360 467 555 508; x_wconf 74' lang='lat' dir='ltr'>postquam</span> <span class='ocrx_word' id='word_1_19' title='bbox 579 464 743 497; x_wconf 75' lang='lat' dir='ltr'>internos</span> <span class='ocrx_word' id='word_1_20' title='bbox 769 466 831 506; x_wconf 77' lang='lat' dir='ltr'>est,</span> <span class='ocrx_word' id='word_1_21' title='bbox 856 463 937 507; x_wconf 89' lang='lat' dir='ltr'>plus</span> <span class='ocrx_word' id='word_1_22' title='bbox 965 463 1120 497; x_wconf 82' lang='lat' dir='ltr'>feritatis</span> <span class='ocrx_word' id='word_1_23' title='bbox 1147 463 1268 497; x_wconf 81' lang='lat' dir='ltr'>habet.</span> 
     </span>
     <span class='ocr_line' id='line_1_5' title="bbox 154 526 829 581; baseline 0 -14"><span class='ocrx_word' id='word_1_24' title='bbox 154 540 233 567; x_wconf 90' lang='lat' dir='ltr'>nec</span> <span class='ocrx_word' id='word_1_25' title='bbox 263 526 390 568; x_wconf 90' lang='lat' dir='ltr'>aliter</span> <span class='ocrx_word' id='word_1_26' title='bbox 420 526 612 568; x_wconf 80' lang='lat' dir='ltr'>Catullus</span> <span class='ocrx_word' id='word_1_27' title='bbox 645 527 732 581; x_wconf 80' lang='lat'>[76‚</span> <span class='ocrx_word' id='word_1_28' title='bbox 764 526 829 581; x_wconf 77' lang='lat'>8]:</span> 
     </span>
    </p>

    <p class='ocr_par' dir='ltr' id='par_1_4' title="bbox 358 599 1316 643">
     <span class='ocr_line' id='line_1_6' title="bbox 358 599 1316 643; baseline 0 -10"><span class='ocrx_word' id='word_1_29' title='bbox 358 602 421 634; x_wconf 87' lang='lat' dir='ltr'>aut</span> <span class='ocrx_word' id='word_1_30' title='bbox 445 599 576 643; x_wconf 86' lang='lat' dir='ltr'>facere,</span> <span class='ocrx_word' id='word_1_31' title='bbox 601 600 692 634; x_wconf 85' lang='lat' dir='ltr'>haec</span> <span class='ocrx_word' id='word_1_32' title='bbox 717 612 736 634; x_wconf 87' lang='lat' dir='ltr'>a</span> <span class='ocrx_word' id='word_1_33' title='bbox 760 603 797 634; x_wconf 89' lang='lat' dir='ltr'>te</span> <span class='ocrx_word' id='word_1_34' title='bbox 826 600 996 643; x_wconf 87' lang='lat' dir='ltr'>dictaque</span> <span class='ocrx_word' id='word_1_35' title='bbox 1022 600 1194 643; x_wconf 75' lang='lat' dir='ltr'>factaque</span> <span class='ocrx_word' id='word_1_36' title='bbox 1219 602 1316 633; x_wconf 74' lang='lat' dir='ltr'>sunt.</span> 
     </span>
    </p>

    <p class='ocr_par' dir='ltr' id='par_1_5' title="bbox 152 662 1660 1467">
     <span class='ocr_line' id='line_1_7' title="bbox 270 662 1659 716; baseline -0.001 -12"><span class='ocrx_word' id='word_1_37' title='bbox 270 664 325 704; x_wconf 90' lang='lat' dir='ltr'>At</span> <span class='ocrx_word' id='word_1_38' title='bbox 353 664 422 703; x_wconf 85' lang='lat' dir='ltr'>vix</span> <span class='ocrx_word' id='word_1_39' title='bbox 453 663 540 704; x_wconf 91' lang='lat' dir='ltr'>ullo</span> <span class='ocrx_word' id='word_1_40' title='bbox 583 663 776 716; x_wconf 87' lang='lat' dir='ltr'>exemplo</span> <span class='ocrx_word' id='word_1_41' title='bbox 812 666 1037 716; x_wconf 89' lang='lat' dir='ltr'>poetarum</span> <span class='ocrx_word' id='word_1_42' title='bbox 1071 662 1203 704; x_wconf 86' lang='lat' dir='ltr'>verba</span> <span class='ocrx_word' id='word_1_43' title='bbox 1241 662 1414 716; x_wconf 91' lang='lat' dir='ltr'>proclisi</span> <span class='ocrx_word' id='word_1_44' title='bbox 1456 662 1659 715; x_wconf 81' lang='lat' dir='ltr'>iugantur</span> 
     </span>
     <span class='ocr_line' id='line_1_8' title="bbox 155 730 1660 785; baseline -0.002 -12"><span class='ocrx_word' id='word_1_45' title='bbox 155 746 249 773; x_wconf 89' lang='lat' dir='ltr'>cum</span> <span class='ocrx_word' id='word_1_46' title='bbox 282 731 607 784; x_wconf 81' lang='lat' dir='ltr'>insequentibus</span> <span class='ocrx_word' id='word_1_47' title='bbox 637 732 812 785; x_wconf 89' lang='lat' dir='ltr'>proprio</span> <span class='ocrx_word' id='word_1_48' title='bbox 842 735 1021 772; x_wconf 90' lang='lat' dir='ltr'>accentu</span> <span class='ocrx_word' id='word_1_49' title='bbox 1053 731 1221 772; x_wconf 88' lang='lat' dir='ltr'>omisso.</span> <span class='ocrx_word' id='word_1_50' title='bbox 1282 745 1379 772; x_wconf 87' lang='lat' dir='ltr'>nam</span> <span class='ocrx_word' id='word_1_51' title='bbox 1410 730 1525 783; x_wconf 87' lang='lat' dir='ltr'>quod</span> <span class='ocrx_word' id='word_1_52' title='bbox 1556 730 1660 771; x_wconf 79' lang='lat' dir='ltr'>&lt;licit</span> 
     </span>
     <span class='ocr_line' id='line_1_9' title="bbox 155 796 1659 854; baseline -0.001 -14"><span class='ocrx_word' id='word_1_53' title='bbox 155 799 442 850; x_wconf 85' lang='lat' dir='ltr'>Quintilianus</span> <span class='ocrx_word' id='word_1_54' title='bbox 484 800 532 854; x_wconf 81' lang='grc'>[1,</span> <span class='ocrx_word' id='word_1_55' title='bbox 567 804 602 849; x_wconf 75' lang='lat'>5,</span> <span class='ocrx_word' id='word_1_56' title='bbox 637 800 707 853; x_wconf 79' lang='grc'>27]</span> <span class='ocrx_word' id='word_1_57' title='bbox 740 799 815 840; x_wconf 89' lang='lat' dir='ltr'>illa</span> <span class='ocrx_word' id='word_1_58' title='bbox 858 798 927 840; x_wconf 72' lang='lat' dir='ltr'>‘ab</span> <span class='ocrx_word' id='word_1_59' title='bbox 960 796 1064 839; x_wconf 75' lang='lat' dir='ltr'>oris&#39;</span> <span class='ocrx_word' id='word_1_60' title='bbox 1108 803 1150 839; x_wconf 84' lang='lat' dir='ltr'>et</span> <span class='ocrx_word' id='word_1_61' title='bbox 1193 798 1363 839; x_wconf 76' lang='lat' dir='ltr'>‘circum</span> <span class='ocrx_word' id='word_1_62' title='bbox 1397 797 1538 839; x_wconf 76' lang='lat' dir='ltr'>lilora&#39;</span> <span class='ocrx_word' id='word_1_63' title='bbox 1576 798 1659 839; x_wconf 82' lang='lat' dir='ltr'>‹lis-</span> 
     </span>
     <span class='ocr_line' id='line_1_10' title="bbox 154 866 1658 920; baseline -0.001 -12"><span class='ocrx_word' id='word_1_64' title='bbox 154 867 357 908; x_wconf 87' lang='lat' dir='ltr'>simulata</span> <span class='ocrx_word' id='word_1_65' title='bbox 389 866 663 908; x_wconf 88' lang='lat' dir='ltr'>distinctione</span> <span class='ocrx_word' id='word_1_66' title='bbox 695 881 825 908; x_wconf 89' lang='lat' dir='ltr'>unum</span> <span class='ocrx_word' id='word_1_67' title='bbox 857 867 1019 907; x_wconf 86' lang='lat' dir='ltr'>habere</span> <span class='ocrx_word' id='word_1_68' title='bbox 1059 870 1306 913; x_wconf 75' lang='lat' dir='ltr'>accentum,</span> <span class='ocrx_word' id='word_1_69' title='bbox 1350 867 1658 920; x_wconf 67' lang='lat' dir='ltr'>dactylicorum</span> 
     </span>
     <span class='ocr_line' id='line_1_11' title="bbox 153 934 1660 988; baseline -0.001 -12"><span class='ocrx_word' id='word_1_70' title='bbox 153 950 232 976; x_wconf 90' lang='lat' dir='ltr'>usu</span> <span class='ocrx_word' id='word_1_71' title='bbox 272 949 425 988; x_wconf 86' lang='lat' dir='ltr'>parum</span> <span class='ocrx_word' id='word_1_72' title='bbox 469 935 767 985; x_wconf 84' lang='lat' dir='ltr'>confirmatur,</span> <span class='ocrx_word' id='word_1_73' title='bbox 808 935 881 988; x_wconf 89' lang='lat' dir='ltr'>qui</span> <span class='ocrx_word' id='word_1_74' title='bbox 922 935 1011 975; x_wconf 89' lang='lat' dir='ltr'>fere</span> <span class='ocrx_word' id='word_1_75' title='bbox 1051 938 1099 975; x_wconf 92' lang='lat' dir='ltr'>ut</span> <span class='ocrx_word' id='word_1_76' title='bbox 1140 934 1285 975; x_wconf 87' lang='lat' dir='ltr'>divisis</span> <span class='ocrx_word' id='word_1_77' title='bbox 1325 935 1495 984; x_wconf 86' lang='lat' dir='ltr'>omnino</span> <span class='ocrx_word' id='word_1_78' title='bbox 1536 948 1660 975; x_wconf 84' lang='lat' dir='ltr'>voca-</span> 
     </span>
     <span class='ocr_line' id='line_1_12' title="bbox 153 1002 1659 1057; baseline -0.001 -13"><span class='ocrx_word' id='word_1_79' title='bbox 153 1004 264 1045; x_wconf 90' lang='lat' dir='ltr'>bulis</span> <span class='ocrx_word' id='word_1_80' title='bbox 295 1007 476 1044; x_wconf 85' lang='lat' dir='ltr'>utuntur</span> <span class='ocrx_word' id='word_1_81' title='bbox 505 1004 826 1057; x_wconf 82' lang='lat' dir='ltr'>praepositione</span> <span class='ocrx_word' id='word_1_82' title='bbox 856 1007 898 1044; x_wconf 88' lang='lat' dir='ltr'>et</span> <span class='ocrx_word' id='word_1_83' title='bbox 928 1003 1096 1043; x_wconf 87' lang='lat' dir='ltr'>nomine</span> <span class='ocrx_word' id='word_1_84' title='bbox 1129 1003 1351 1044; x_wconf 91' lang='lat' dir='ltr'>continuis.</span> <span class='ocrx_word' id='word_1_85' title='bbox 1414 1016 1547 1056; x_wconf 86' lang='lat' dir='ltr'>quare</span> <span class='ocrx_word' id='word_1_86' title='bbox 1580 1002 1659 1043; x_wconf 87' lang='lat' dir='ltr'>sub</span> 
     </span>
     <span class='ocr_line' id='line_1_13' title="bbox 153 1071 1660 1124; baseline -0.001 -11"><span class='ocrx_word' id='word_1_87' title='bbox 153 1086 284 1113; x_wconf 90' lang='lat' dir='ltr'>unum</span> <span class='ocrx_word' id='word_1_88' title='bbox 317 1085 402 1113; x_wconf 90' lang='lat' dir='ltr'>non</span> <span class='ocrx_word' id='word_1_89' title='bbox 434 1071 593 1113; x_wconf 86' lang='lat' dir='ltr'>cadunt</span> <span class='ocrx_word' id='word_1_90' title='bbox 625 1075 846 1113; x_wconf 87' lang='lat' dir='ltr'>accentum</span> <span class='ocrx_word' id='word_1_91' title='bbox 880 1072 959 1112; x_wconf 88' lang='lat' dir='ltr'>nisi</span> <span class='ocrx_word' id='word_1_92' title='bbox 993 1085 1043 1112; x_wconf 90' lang='lat' dir='ltr'>ea</span> <span class='ocrx_word' id='word_1_93' title='bbox 1073 1085 1183 1124; x_wconf 87' lang='lat' dir='ltr'>quae</span> <span class='ocrx_word' id='word_1_94' title='bbox 1211 1075 1377 1112; x_wconf 88' lang='lat' dir='ltr'>mutata</span> <span class='ocrx_word' id='word_1_95' title='bbox 1408 1072 1660 1124; x_wconf 87' lang='lat' dir='ltr'>plerumque</span> 
     </span>
     <span class='ocr_line' id='line_1_14' title="bbox 153 1139 1659 1193; baseline -0.001 -12"><span class='ocrx_word' id='word_1_96' title='bbox 153 1140 464 1193; x_wconf 85' lang='lat' dir='ltr'>significatione</span> <span class='ocrx_word' id='word_1_97' title='bbox 503 1140 545 1180; x_wconf 92' lang='lat' dir='ltr'>in</span> <span class='ocrx_word' id='word_1_98' title='bbox 590 1154 719 1181; x_wconf 89' lang='lat' dir='ltr'>unum</span> <span class='ocrx_word' id='word_1_99' title='bbox 759 1153 934 1193; x_wconf 87' lang='lat' dir='ltr'>prorsus</span> <span class='ocrx_word' id='word_1_100' title='bbox 972 1139 1169 1180; x_wconf 86' lang='lat' dir='ltr'>coaluere</span> <span class='ocrx_word' id='word_1_101' title='bbox 1201 1139 1400 1186; x_wconf 76' lang='lat' dir='ltr'>verbum,</span> <span class='ocrx_word' id='word_1_102' title='bbox 1443 1140 1558 1181; x_wconf 86' lang='lat' dir='ltr'>velut</span> <span class='ocrx_word' id='word_1_103' title='bbox 1591 1154 1659 1180; x_wconf 63' lang='lat' dir='ltr'>ea*-</span> 
     </span>
     <span class='ocr_line' id='line_1_15' title="bbox 154 1207 1659 1261; baseline -0.001 -12"><span class='ocrx_word' id='word_1_104' title='bbox 154 1213 309 1259; x_wconf 75' lang='lat' dir='ltr'>templo,</span> <span class='ocrx_word' id='word_1_105' title='bbox 341 1212 726 1258; x_wconf 76' lang='lat' dir='ltr'>inpraesentiarum,</span> <span class='ocrx_word' id='word_1_106' title='bbox 760 1215 927 1248; x_wconf 60' lang='lat' dir='ltr'>tumeam</span> <span class='ocrx_word' id='word_1_107' title='bbox 966 1207 1049 1261; x_wconf 89' lang='lat' dir='ltr'>(vel</span> <span class='ocrx_word' id='word_1_108' title='bbox 1081 1208 1224 1260; x_wconf 82' lang='lat' dir='ltr'>potius</span> <span class='ocrx_word' id='word_1_109' title='bbox 1255 1209 1446 1261; x_wconf 68' lang='lat' dir='ltr'>laneum),</span> <span class='ocrx_word' id='word_1_110' title='bbox 1482 1215 1659 1257; x_wconf 70' lang='lat' dir='ltr'>potesse,</span> 
     </span>
     <span class='ocr_line' id='line_1_16' title="bbox 152 1275 1660 1329; baseline -0.001 -12"><span class='ocrx_word' id='word_1_111' title='bbox 152 1284 319 1318; x_wconf 78' lang='lat' dir='ltr'>satesse.</span> <span class='ocrx_word' id='word_1_112' title='bbox 391 1280 490 1317; x_wconf 86' lang='lat' dir='ltr'>sunt</span> <span class='ocrx_word' id='word_1_113' title='bbox 527 1289 637 1328; x_wconf 89' lang='lat' dir='ltr'>quae</span> <span class='ocrx_word' id='word_1_114' title='bbox 680 1280 864 1329; x_wconf 88' lang='lat' dir='ltr'>utroque</span> <span class='ocrx_word' id='word_1_115' title='bbox 909 1275 1034 1316; x_wconf 89' lang='lat' dir='ltr'>modo</span> <span class='ocrx_word' id='word_1_116' title='bbox 1079 1276 1245 1328; x_wconf 90' lang='lat' dir='ltr'>possint</span> <span class='ocrx_word' id='word_1_117' title='bbox 1296 1275 1450 1325; x_wconf 84' lang='lat' dir='ltr'>efferri,</span> <span class='ocrx_word' id='word_1_118' title='bbox 1489 1280 1537 1316; x_wconf 89' lang='lat' dir='ltr'>ut</span> <span class='ocrx_word' id='word_1_119' title='bbox 1584 1290 1660 1326; x_wconf 78' lang='lat' dir='ltr'>quo</span> 
     </span>
     <span class='ocr_line' id='line_1_17' title="bbox 152 1343 1659 1397; baseline -0.001 -12"><span class='ocrx_word' id='word_1_120' title='bbox 152 1348 289 1393; x_wconf 79' lang='lat' dir='ltr'>modo,</span> <span class='ocrx_word' id='word_1_121' title='bbox 332 1358 407 1395; x_wconf 76' lang='lat' dir='ltr'>quo</span> <span class='ocrx_word' id='word_1_122' title='bbox 445 1350 590 1395; x_wconf 71' lang='lat' dir='ltr'>pacto,</span> <span class='ocrx_word' id='word_1_123' title='bbox 638 1357 687 1385; x_wconf 86' lang='lat' dir='ltr'>ex</span> <span class='ocrx_word' id='word_1_124' title='bbox 729 1344 884 1397; x_wconf 90' lang='lat' dir='ltr'>quibus</span> <span class='ocrx_word' id='word_1_125' title='bbox 923 1343 1005 1384; x_wconf 89' lang='lat' dir='ltr'>hoc</span> <span class='ocrx_word' id='word_1_126' title='bbox 1048 1357 1169 1393; x_wconf 78' lang='lat' dir='ltr'>raro,</span> <span class='ocrx_word' id='word_1_127' title='bbox 1219 1343 1323 1385; x_wconf 91' lang='lat' dir='ltr'>illud</span> <span class='ocrx_word' id='word_1_128' title='bbox 1363 1347 1529 1384; x_wconf 86' lang='lat' dir='ltr'>tantum</span> <span class='ocrx_word' id='word_1_129' title='bbox 1576 1357 1659 1384; x_wconf 92' lang='lat' dir='ltr'>non</span> 
     </span>
     <span class='ocr_line' id='line_1_18' title="bbox 155 1412 1657 1467; baseline -0.001 -13"><span class='ocrx_word' id='word_1_130' title='bbox 155 1426 324 1467; x_wconf 84' lang='lat' dir='ltr'>semper</span> <span class='ocrx_word' id='word_1_131' title='bbox 345 1412 515 1454; x_wconf 88' lang='lat' dir='ltr'>videtur</span> <span class='ocrx_word' id='word_1_132' title='bbox 539 1412 788 1453; x_wconf 86' lang='lat' dir='ltr'>coniunctas</span> <span class='ocrx_word' id='word_1_133' title='bbox 810 1412 1012 1453; x_wconf 89' lang='lat' dir='ltr'>habuisse</span> <span class='ocrx_word' id='word_1_134' title='bbox 1034 1416 1193 1466; x_wconf 61' lang='lat' dir='ltr'>partes,</span> <span class='ocrx_word' id='word_1_135' title='bbox 1218 1416 1257 1453; x_wconf 71' lang='lat' dir='ltr'>in</span> <span class='ocrx_word' id='word_1_136' title='bbox 1282 1415 1444 1462; x_wconf 75' lang='lat' dir='ltr'>primis,</span> <span class='ocrx_word' id='word_1_137' title='bbox 1467 1415 1543 1452; x_wconf 70' lang='lat' dir='ltr'>iam</span> <span class='ocrx_word' id='word_1_138' title='bbox 1567 1415 1657 1453; x_wconf 76' lang='lat' dir='ltr'>iam.</span> 
     </span>
    </p>

    <p class='ocr_par' dir='ltr' id='par_1_6' title="bbox 152 1480 1660 1740">
     <span class='ocr_line' id='line_1_19' title="bbox 268 1480 1659 1535; baseline -0.001 -13"><span class='ocrx_word' id='word_1_139' title='bbox 268 1481 361 1522; x_wconf 92' lang='lat' dir='ltr'>Non</span> <span class='ocrx_word' id='word_1_140' title='bbox 392 1481 535 1535; x_wconf 88' lang='lat' dir='ltr'>inepte</span> <span class='ocrx_word' id='word_1_141' title='bbox 565 1480 771 1522; x_wconf 85' lang='lat' dir='ltr'>addemus</span> <span class='ocrx_word' id='word_1_142' title='bbox 802 1481 885 1522; x_wconf 90' lang='lat' dir='ltr'>hoc</span> <span class='ocrx_word' id='word_1_143' title='bbox 926 1480 1021 1521; x_wconf 90' lang='lat' dir='ltr'>loco</span> <span class='ocrx_word' id='word_1_144' title='bbox 1062 1480 1113 1522; x_wconf 82' lang='lat' dir='ltr'>(le</span> <span class='ocrx_word' id='word_1_145' title='bbox 1150 1484 1351 1522; x_wconf 89' lang='lat' dir='ltr'>accentus</span> <span class='ocrx_word' id='word_1_146' title='bbox 1384 1480 1523 1521; x_wconf 84' lang='lat' dir='ltr'>Latini</span> <span class='ocrx_word' id='word_1_147' title='bbox 1556 1480 1659 1533; x_wconf 83' lang='lat' dir='ltr'>legi-</span> 
     </span>
     <span class='ocr_line' id='line_1_20' title="bbox 152 1548 1659 1603; baseline -0.002 -12"><span class='ocrx_word' id='word_1_148' title='bbox 152 1551 233 1592; x_wconf 89' lang='lat' dir='ltr'>bus</span> <span class='ocrx_word' id='word_1_149' title='bbox 264 1549 473 1603; x_wconf 88' lang='lat' dir='ltr'>quidquid</span> <span class='ocrx_word' id='word_1_150' title='bbox 504 1552 730 1603; x_wconf 89' lang='lat' dir='ltr'>poetarum</span> <span class='ocrx_word' id='word_1_151' title='bbox 761 1549 944 1591; x_wconf 88' lang='lat' dir='ltr'>lectione</span> <span class='ocrx_word' id='word_1_152' title='bbox 978 1548 1101 1590; x_wconf 88' lang='lat' dir='ltr'>nobis</span> <span class='ocrx_word' id='word_1_153' title='bbox 1124 1549 1405 1602; x_wconf 86' lang='lat' dir='ltr'>exploratum.</span> <span class='ocrx_word' id='word_1_154' title='bbox 1457 1562 1564 1601; x_wconf 86' lang='lat' dir='ltr'>quas</span> <span class='ocrx_word' id='word_1_155' title='bbox 1588 1549 1659 1601; x_wconf 88' lang='lat' dir='ltr'>qui</span> 
     </span>
     <span class='ocr_line' id='line_1_21' title="bbox 154 1617 1660 1671; baseline -0.001 -12"><span class='ocrx_word' id='word_1_156' title='bbox 154 1619 363 1660; x_wconf 82' lang='lat' dir='ltr'>curiosius</span> <span class='ocrx_word' id='word_1_157' title='bbox 399 1617 721 1671; x_wconf 84' lang='lat' dir='ltr'>perpenderint,</span> <span class='ocrx_word' id='word_1_158' title='bbox 763 1617 970 1671; x_wconf 86' lang='lat' dir='ltr'>pleraque</span> <span class='ocrx_word' id='word_1_159' title='bbox 1011 1617 1304 1671; x_wconf 83' lang='lat' dir='ltr'>superioribus</span> <span class='ocrx_word' id='word_1_160' title='bbox 1344 1617 1465 1657; x_wconf 89' lang='lat' dir='ltr'>libris</span> <span class='ocrx_word' id='word_1_161' title='bbox 1503 1617 1660 1657; x_wconf 84' lang='lat' dir='ltr'>omissa</span> 
     </span>
     <span class='ocr_line' id='line_1_22' title="bbox 154 1685 1071 1740; baseline -0.001 -13"><span class='ocrx_word' id='word_1_162' title='bbox 154 1687 414 1740; x_wconf 83' lang='lat' dir='ltr'>cogitatione</span> <span class='ocrx_word' id='word_1_163' title='bbox 444 1686 622 1739; x_wconf 88' lang='lat' dir='ltr'>propria</span> <span class='ocrx_word' id='word_1_164' title='bbox 654 1685 916 1739; x_wconf 88' lang='lat' dir='ltr'>supplebunt</span> <span class='ocrx_word' id='word_1_165' title='bbox 945 1685 1071 1726; x_wconf 90' lang='lat' dir='ltr'>ultro.</span> 
     </span>
    </p>

    <p class='ocr_par' dir='ltr' id='par_1_7' title="bbox 153 1753 1660 2014">
     <span class='ocr_line' id='line_1_23' title="bbox 269 1753 1659 1808; baseline -0.001 -13"><span class='ocrx_word' id='word_1_166' title='bbox 269 1756 420 1807; x_wconf 90' lang='lat' dir='ltr'>Itaque</span> <span class='ocrx_word' id='word_1_167' title='bbox 459 1754 642 1808; x_wconf 87' lang='lat' dir='ltr'>primum</span> <span class='ocrx_word' id='word_1_168' title='bbox 689 1758 806 1795; x_wconf 89' lang='lat' dir='ltr'>certo</span> <span class='ocrx_word' id='word_1_169' title='bbox 850 1758 1019 1795; x_wconf 86' lang='lat' dir='ltr'>constat</span> <span class='ocrx_word' id='word_1_170' title='bbox 1056 1754 1307 1808; x_wconf 79' lang='lat' dir='ltr'>pronomina</span> <span class='ocrx_word' id='word_1_171' title='bbox 1349 1757 1392 1794; x_wconf 89' lang='lat' dir='ltr'>et</span> <span class='ocrx_word' id='word_1_172' title='bbox 1424 1753 1659 1807; x_wconf 85' lang='lat' dir='ltr'>particulas</span> 
     </span>
     <span class='ocr_line' id='line_1_24' title="bbox 153 1822 1659 1877; baseline -0.002 -13"><span class='ocrx_word' id='word_1_173' title='bbox 153 1822 482 1877; x_wconf 85' lang='lat' dir='ltr'>monosyllabas,</span> <span class='ocrx_word' id='word_1_174' title='bbox 513 1826 562 1863; x_wconf 91' lang='lat' dir='ltr'>ut</span> <span class='ocrx_word' id='word_1_175' title='bbox 595 1822 838 1875; x_wconf 87' lang='lat' dir='ltr'>frequentia</span> <span class='ocrx_word' id='word_1_176' title='bbox 862 1837 963 1863; x_wconf 84' lang='lat' dir='ltr'>usus</span> <span class='ocrx_word' id='word_1_177' title='bbox 986 1823 1116 1864; x_wconf 87' lang='lat' dir='ltr'>nimia</span> <span class='ocrx_word' id='word_1_178' title='bbox 1138 1822 1332 1873; x_wconf 81' lang='lat' dir='ltr'>detritas,</span> <span class='ocrx_word' id='word_1_179' title='bbox 1366 1822 1568 1863; x_wconf 83' lang='lat' dir='ltr'>habuisse</span> <span class='ocrx_word' id='word_1_180' title='bbox 1591 1835 1659 1862; x_wconf 87' lang='lat' dir='ltr'>ac-</span> 
     </span>
     <span class='ocr_line' id='line_1_25' title="bbox 155 1890 1660 1945; baseline -0.001 -13"><span class='ocrx_word' id='word_1_181' title='bbox 155 1896 323 1933; x_wconf 90' lang='lat' dir='ltr'>centum</span> <span class='ocrx_word' id='word_1_182' title='bbox 347 1904 521 1945; x_wconf 85' lang='lat' dir='ltr'>gravem</span> <span class='ocrx_word' id='word_1_183' title='bbox 544 1891 748 1945; x_wconf 81' lang='lat' dir='ltr'>exceptiS‚</span> <span class='ocrx_word' id='word_1_184' title='bbox 779 1895 827 1932; x_wconf 93' lang='lat' dir='ltr'>ut</span> <span class='ocrx_word' id='word_1_185' title='bbox 848 1891 889 1931; x_wconf 90' lang='lat' dir='ltr'>in</span> <span class='ocrx_word' id='word_1_186' title='bbox 914 1890 1080 1932; x_wconf 87' lang='lat' dir='ltr'>Graeco</span> <span class='ocrx_word' id='word_1_187' title='bbox 1103 1904 1309 1941; x_wconf 71' lang='lat' dir='ltr'>sermone,</span> <span class='ocrx_word' id='word_1_188' title='bbox 1341 1890 1660 1942; x_wconf 83' lang='lat' dir='ltr'>interrogativis</span> 
     </span>
     <span class='ocr_line' id='line_1_26' title="bbox 155 1959 944 2014; baseline -0.003 -13"><span class='ocrx_word' id='word_1_189' title='bbox 155 1963 244 2010; x_wconf 78' lang='lat' dir='ltr'>quis</span> <span class='ocrx_word' id='word_1_190' title='bbox 278 1962 320 2001; x_wconf 89' lang='lat' dir='ltr'>et</span> <span class='ocrx_word' id='word_1_191' title='bbox 352 1962 420 2010; x_wconf 79' lang='lat' dir='ltr'>qui</span> <span class='ocrx_word' id='word_1_192' title='bbox 449 1959 518 2014; x_wconf 85' lang='lat' dir='ltr'>[cf.</span> <span class='ocrx_word' id='word_1_193' title='bbox 552 1959 658 2001; x_wconf 84' lang='lat' dir='ltr'>Gell.</span> <span class='ocrx_word' id='word_1_194' title='bbox 690 1959 758 2009; x_wconf 75' lang='lat' dir='ltr'>VI,</span> <span class='ocrx_word' id='word_1_195' title='bbox 791 1962 828 2009; x_wconf 84' lang='lat'>2,</span> <span class='ocrx_word' id='word_1_196' title='bbox 862 1959 944 2013; x_wconf 88' lang='lat'>11].</span> 
     </span>
    </p>

    <p class='ocr_par' dir='ltr' id='par_1_8' title="bbox 154 2026 1663 2558">
     <span class='ocr_line' id='line_1_27' title="bbox 267 2026 1661 2080; baseline -0.001 -12"><span class='ocrx_word' id='word_1_197' title='bbox 267 2027 469 2069; x_wconf 87' lang='lat' dir='ltr'>Eiusdem</span> <span class='ocrx_word' id='word_1_198' title='bbox 503 2027 764 2068; x_wconf 89' lang='lat' dir='ltr'>condicionis</span> <span class='ocrx_word' id='word_1_199' title='bbox 794 2030 941 2080; x_wconf 86' lang='lat' dir='ltr'>partes</span> <span class='ocrx_word' id='word_1_200' title='bbox 972 2026 1205 2080; x_wconf 69' lang='lat' dir='ltr'>disyllabas</span> <span class='ocrx_word' id='word_1_201' title='bbox 1229 2026 1342 2080; x_wconf 87' lang='lat' dir='ltr'>quod</span> <span class='ocrx_word' id='word_1_202' title='bbox 1364 2027 1536 2068; x_wconf 80' lang='lat' dir='ltr'>voluere</span> <span class='ocrx_word' id='word_1_203' title='bbox 1558 2040 1661 2067; x_wconf 90' lang='lat' dir='ltr'>non-</span> 
     </span>
     <span class='ocr_line' id='line_1_28' title="bbox 154 2095 1661 2149; baseline -0.001 -12"><span class='ocrx_word' id='word_1_204' title='bbox 154 2096 260 2137; x_wconf 88' lang='lat' dir='ltr'>nulli</span> <span class='ocrx_word' id='word_1_205' title='bbox 290 2095 452 2137; x_wconf 86' lang='lat' dir='ltr'>habere</span> <span class='ocrx_word' id='word_1_206' title='bbox 484 2109 656 2149; x_wconf 79' lang='lat' dir='ltr'>gravem</span> <span class='ocrx_word' id='word_1_207' title='bbox 688 2095 731 2136; x_wconf 91' lang='lat' dir='ltr'>in</span> <span class='ocrx_word' id='word_1_208' title='bbox 759 2095 1036 2149; x_wconf 70' lang='lat' dir='ltr'>paenultima,</span> <span class='ocrx_word' id='word_1_209' title='bbox 1067 2096 1102 2136; x_wconf 88' lang='lat' dir='ltr'>si</span> <span class='ocrx_word' id='word_1_210' title='bbox 1136 2099 1250 2136; x_wconf 89' lang='lat' dir='ltr'>esset</span> <span class='ocrx_word' id='word_1_211' title='bbox 1280 2095 1422 2135; x_wconf 81' lang='lat' dir='ltr'>brevis</span> <span class='ocrx_word' id='word_1_212' title='bbox 1452 2095 1517 2135; x_wconf 85' lang='lat' dir='ltr'>vel</span> <span class='ocrx_word' id='word_1_213' title='bbox 1548 2095 1661 2148; x_wconf 90' lang='lat' dir='ltr'>posi-</span> 
     </span>
     <span class='ocr_line' id='line_1_29' title="bbox 154 2163 1662 2218; baseline -0.001 -13"><span class='ocrx_word' id='word_1_214' title='bbox 154 2165 270 2205; x_wconf 88' lang='lat' dir='ltr'>tione</span> <span class='ocrx_word' id='word_1_215' title='bbox 310 2163 450 2218; x_wconf 83' lang='lat' dir='ltr'>longa,</span> <span class='ocrx_word' id='word_1_216' title='bbox 493 2165 594 2205; x_wconf 87' lang='lat' dir='ltr'>item</span> <span class='ocrx_word' id='word_1_217' title='bbox 635 2163 777 2205; x_wconf 76' lang='lat' dir='ltr'>brevis</span> <span class='ocrx_word' id='word_1_218' title='bbox 819 2167 861 2204; x_wconf 89' lang='lat' dir='ltr'>et</span> <span class='ocrx_word' id='word_1_219' title='bbox 903 2164 1022 2204; x_wconf 90' lang='lat' dir='ltr'>clusa</span> <span class='ocrx_word' id='word_1_220' title='bbox 1053 2163 1190 2205; x_wconf 87' lang='lat' dir='ltr'>vocali</span> <span class='ocrx_word' id='word_1_221' title='bbox 1231 2164 1471 2216; x_wconf 87' lang='lat' dir='ltr'>insequens,</span> <span class='ocrx_word' id='word_1_222' title='bbox 1513 2163 1662 2216; x_wconf 89' lang='lat' dir='ltr'>quales</span> 
     </span>
     <span class='ocr_line' id='line_1_30' title="bbox 155 2232 1662 2285; baseline -0.002 -11"><span class='ocrx_word' id='word_1_223' title='bbox 155 2236 254 2274; x_wconf 92' lang='lat' dir='ltr'>sunt</span> <span class='ocrx_word' id='word_1_224' title='bbox 285 2246 372 2284; x_wconf 70' lang='lat' dir='ltr'>eqo,</span> <span class='ocrx_word' id='word_1_225' title='bbox 406 2235 487 2281; x_wconf 71' lang='lat' dir='ltr'>tibi,</span> <span class='ocrx_word' id='word_1_226' title='bbox 519 2239 652 2283; x_wconf 79' lang='lat' dir='ltr'>atque,</span> <span class='ocrx_word' id='word_1_227' title='bbox 684 2235 785 2282; x_wconf 75' lang='lat' dir='ltr'>ipse,</span> <span class='ocrx_word' id='word_1_228' title='bbox 827 2245 1086 2285; x_wconf 88' lang='lat' dir='ltr'>quamquam</span> <span class='ocrx_word' id='word_1_229' title='bbox 1129 2245 1212 2273; x_wconf 91' lang='lat' dir='ltr'>non</span> <span class='ocrx_word' id='word_1_230' title='bbox 1252 2232 1459 2273; x_wconf 85' lang='lat' dir='ltr'>abhorret</span> <span class='ocrx_word' id='word_1_231' title='bbox 1498 2245 1523 2272; x_wconf 90' lang='lat' dir='ltr'>a</span> <span class='ocrx_word' id='word_1_232' title='bbox 1564 2245 1662 2285; x_wconf 89' lang='lat' dir='ltr'>pro-</span> 
     </span>
     <span class='ocr_line' id='line_1_31' title="bbox 155 2300 1663 2353; baseline -0.001 -12"><span class='ocrx_word' id='word_1_233' title='bbox 155 2300 394 2351; x_wconf 81' lang='lat' dir='ltr'>babilitate,</span> <span class='ocrx_word' id='word_1_234' title='bbox 426 2314 511 2341; x_wconf 90' lang='lat' dir='ltr'>non</span> <span class='ocrx_word' id='word_1_235' title='bbox 542 2304 687 2341; x_wconf 84' lang='lat' dir='ltr'>tamen</span> <span class='ocrx_word' id='word_1_236' title='bbox 717 2303 861 2353; x_wconf 86' lang='lat' dir='ltr'>potest</span> <span class='ocrx_word' id='word_1_237' title='bbox 893 2303 1009 2341; x_wconf 86' lang='lat' dir='ltr'>certo</span> <span class='ocrx_word' id='word_1_238' title='bbox 1043 2300 1341 2341; x_wconf 85' lang='lat' dir='ltr'>demonstrari.</span> <span class='ocrx_word' id='word_1_239' title='bbox 1404 2303 1553 2340; x_wconf 89' lang='lat' dir='ltr'>contra</span> <span class='ocrx_word' id='word_1_240' title='bbox 1574 2300 1663 2340; x_wconf 84' lang='lat' dir='ltr'>veri</span> 
     </span>
     <span class='ocr_line' id='line_1_32' title="bbox 155 2366 1663 2421; baseline -0.001 -13"><span class='ocrx_word' id='word_1_241' title='bbox 155 2368 279 2410; x_wconf 85' lang='lat' dir='ltr'>valde</span> <span class='ocrx_word' id='word_1_242' title='bbox 310 2368 446 2410; x_wconf 87' lang='lat' dir='ltr'>simile</span> <span class='ocrx_word' id='word_1_243' title='bbox 486 2368 614 2419; x_wconf 83' lang='lat' dir='ltr'>illud,</span> <span class='ocrx_word' id='word_1_244' title='bbox 657 2369 699 2408; x_wconf 91' lang='lat' dir='ltr'>in</span> <span class='ocrx_word' id='word_1_245' title='bbox 729 2367 815 2417; x_wconf 78' lang='lat' dir='ltr'>his,</span> <span class='ocrx_word' id='word_1_246' title='bbox 856 2368 891 2408; x_wconf 88' lang='lat' dir='ltr'>si</span> <span class='ocrx_word' id='word_1_247' title='bbox 933 2371 1138 2421; x_wconf 90' lang='lat' dir='ltr'>sequente</span> <span class='ocrx_word' id='word_1_248' title='bbox 1170 2368 1306 2409; x_wconf 86' lang='lat' dir='ltr'>vocali</span> <span class='ocrx_word' id='word_1_249' title='bbox 1337 2371 1380 2409; x_wconf 89' lang='lat' dir='ltr'>et</span> <span class='ocrx_word' id='word_1_250' title='bbox 1411 2368 1516 2408; x_wconf 88' lang='lat' dir='ltr'>elisa</span> <span class='ocrx_word' id='word_1_251' title='bbox 1545 2366 1663 2408; x_wconf 89' lang='lat' dir='ltr'>finali</span> 
     </span>
     <span class='ocr_line' id='line_1_33' title="bbox 156 2435 1662 2490; baseline -0.001 -12"><span class='ocrx_word' id='word_1_252' title='bbox 156 2437 281 2490; x_wconf 89' lang='lat' dir='ltr'>quasi</span> <span class='ocrx_word' id='word_1_253' title='bbox 311 2436 608 2490; x_wconf 81' lang='lat' dir='ltr'>monosyllaba</span> <span class='ocrx_word' id='word_1_254' title='bbox 639 2435 895 2487; x_wconf 86' lang='lat' dir='ltr'>extitissent,</span> <span class='ocrx_word' id='word_1_255' title='bbox 935 2439 984 2477; x_wconf 92' lang='lat' dir='ltr'>ut</span> <span class='ocrx_word' id='word_1_256' title='bbox 1022 2450 1096 2488; x_wconf 71' lang='lat' dir='ltr'>eqo</span> <span class='ocrx_word' id='word_1_257' title='bbox 1129 2443 1274 2485; x_wconf 78' lang='lat' dir='ltr'>autem,</span> <span class='ocrx_word' id='word_1_258' title='bbox 1307 2443 1428 2487; x_wconf 76' lang='lat' dir='ltr'>atque</span> <span class='ocrx_word' id='word_1_259' title='bbox 1460 2450 1547 2487; x_wconf 64' lang='lat' dir='ltr'>eqo,</span> <span class='ocrx_word' id='word_1_260' title='bbox 1588 2436 1662 2476; x_wconf 93' lang='lat' dir='ltr'>ob-</span> 
     </span>
     <span class='ocr_line' id='line_1_34' title="bbox 155 2504 981 2558; baseline -0.001 -12"><span class='ocrx_word' id='word_1_261' title='bbox 155 2505 334 2546; x_wconf 89' lang='lat' dir='ltr'>tinuisse</span> <span class='ocrx_word' id='word_1_262' title='bbox 363 2508 598 2556; x_wconf 80' lang='lat' dir='ltr'>accentum,</span> <span class='ocrx_word' id='word_1_263' title='bbox 630 2504 681 2545; x_wconf 90' lang='lat' dir='ltr'>de</span> <span class='ocrx_word' id='word_1_264' title='bbox 712 2518 795 2557; x_wconf 92' lang='lat' dir='ltr'>quo</span> <span class='ocrx_word' id='word_1_265' title='bbox 829 2504 981 2558; x_wconf 86' lang='lat' dir='ltr'>agitur.</span> 
     </span>
    </p>

    <p class='ocr_par' dir='ltr' id='par_1_9' title="bbox 157 2572 1664 2898">
     <span class='ocr_line' id='line_1_35' title="bbox 271 2572 1662 2627; baseline -0.001 -13"><span class='ocrx_word' id='word_1_266' title='bbox 271 2575 327 2614; x_wconf 93' lang='lat' dir='ltr'>At</span> <span class='ocrx_word' id='word_1_267' title='bbox 357 2586 468 2626; x_wconf 90' lang='lat' dir='ltr'>quae</span> <span class='ocrx_word' id='word_1_268' title='bbox 498 2576 655 2614; x_wconf 86' lang='lat' dir='ltr'>natura</span> <span class='ocrx_word' id='word_1_269' title='bbox 684 2573 857 2626; x_wconf 84' lang='lat' dir='ltr'>longam</span> <span class='ocrx_word' id='word_1_270' title='bbox 887 2573 1049 2615; x_wconf 88' lang='lat' dir='ltr'>habent</span> <span class='ocrx_word' id='word_1_271' title='bbox 1076 2574 1263 2627; x_wconf 88' lang='lat' dir='ltr'>priorem</span> <span class='ocrx_word' id='word_1_272' title='bbox 1285 2572 1350 2614; x_wconf 89' lang='lat' dir='ltr'>vel</span> <span class='ocrx_word' id='word_1_273' title='bbox 1372 2572 1543 2614; x_wconf 88' lang='lat' dir='ltr'>finalem</span> <span class='ocrx_word' id='word_1_274' title='bbox 1565 2585 1662 2625; x_wconf 89' lang='lat' dir='ltr'>pro-</span> 
     </span>
     <span class='ocr_line' id='line_1_36' title="bbox 157 2640 1663 2693; baseline -0.001 -11"><span class='ocrx_word' id='word_1_275' title='bbox 157 2640 329 2682; x_wconf 86' lang='lat' dir='ltr'>ductam</span> <span class='ocrx_word' id='word_1_276' title='bbox 361 2641 448 2682; x_wconf 87' lang='lat' dir='ltr'>sive</span> <span class='ocrx_word' id='word_1_277' title='bbox 484 2641 527 2681; x_wconf 91' lang='lat' dir='ltr'>in</span> <span class='ocrx_word' id='word_1_278' title='bbox 569 2654 799 2682; x_wconf 90' lang='lat' dir='ltr'>consonam</span> <span class='ocrx_word' id='word_1_279' title='bbox 830 2645 1068 2693; x_wconf 76' lang='lat' dir='ltr'>exeuntem,</span> <span class='ocrx_word' id='word_1_280' title='bbox 1107 2646 1156 2683; x_wconf 91' lang='lat' dir='ltr'>ut</span> <span class='ocrx_word' id='word_1_281' title='bbox 1195 2648 1339 2689; x_wconf 74' lang='lat' dir='ltr'>amem,</span> <span class='ocrx_word' id='word_1_282' title='bbox 1369 2655 1477 2688; x_wconf 78' lang='lat' dir='ltr'>vero,</span> <span class='ocrx_word' id='word_1_283' title='bbox 1508 2645 1663 2689; x_wconf 76' lang='lat' dir='ltr'>horum,</span> 
     </span>
     <span class='ocr_line' id='line_1_37' title="bbox 157 2708 1662 2762; baseline -0.001 -12"><span class='ocrx_word' id='word_1_284' title='bbox 157 2713 283 2757; x_wconf 73' lang='lat' dir='ltr'>intra,</span> <span class='ocrx_word' id='word_1_285' title='bbox 316 2713 439 2758; x_wconf 76' lang='lat' dir='ltr'>illinc,</span> <span class='ocrx_word' id='word_1_286' title='bbox 470 2712 590 2757; x_wconf 73' lang='lat' dir='ltr'>inter,</span> <span class='ocrx_word' id='word_1_287' title='bbox 627 2723 712 2750; x_wconf 90' lang='lat' dir='ltr'>non</span> <span class='ocrx_word' id='word_1_288' title='bbox 759 2714 939 2762; x_wconf 88' lang='lat' dir='ltr'>possunt</span> <span class='ocrx_word' id='word_1_289' title='bbox 977 2723 1060 2751; x_wconf 91' lang='lat' dir='ltr'>non</span> <span class='ocrx_word' id='word_1_290' title='bbox 1104 2709 1266 2751; x_wconf 86' lang='lat' dir='ltr'>habere</span> <span class='ocrx_word' id='word_1_291' title='bbox 1306 2709 1349 2749; x_wconf 93' lang='lat' dir='ltr'>in</span> <span class='ocrx_word' id='word_1_292' title='bbox 1386 2708 1461 2749; x_wconf 90' lang='lat' dir='ltr'>illa</span> <span class='ocrx_word' id='word_1_293' title='bbox 1490 2713 1662 2750; x_wconf 87' lang='lat' dir='ltr'>acutum</span> 
     </span>
     <span class='ocr_line' id='line_1_38' title="bbox 158 2776 1663 2819; baseline -0.001 0"><span class='ocrx_word' id='word_1_294' title='bbox 158 2791 307 2819; x_wconf 90' lang='lat' dir='ltr'>sonum</span> <span class='ocrx_word' id='word_1_295' title='bbox 348 2777 416 2818; x_wconf 90' lang='lat' dir='ltr'>vel</span> <span class='ocrx_word' id='word_1_296' title='bbox 457 2777 788 2819; x_wconf 84' lang='lat' dir='ltr'>circumflexum.</span> <span class='ocrx_word' id='word_1_297' title='bbox 848 2778 935 2819; x_wconf 91' lang='lat' dir='ltr'>iam</span> <span class='ocrx_word' id='word_1_298' title='bbox 975 2779 1145 2819; x_wconf 83' lang='lat' dir='ltr'>nomina</span> <span class='ocrx_word' id='word_1_299' title='bbox 1189 2782 1231 2818; x_wconf 90' lang='lat' dir='ltr'>et</span> <span class='ocrx_word' id='word_1_300' title='bbox 1270 2776 1402 2817; x_wconf 82' lang='lat' dir='ltr'>verba</span> <span class='ocrx_word' id='word_1_301' title='bbox 1442 2781 1545 2817; x_wconf 86' lang='lat' dir='ltr'>nota</span> <span class='ocrx_word' id='word_1_302' title='bbox 1585 2777 1663 2818; x_wconf 92' lang='lat' dir='ltr'>sub</span> 
     </span>
     <span class='ocr_line' id='line_1_39' title="bbox 163 2845 1664 2898; baseline -0.001 -12"><span class='ocrx_word' id='word_1_303' title='bbox 163 2845 412 2886; x_wconf 87' lang='lat' dir='ltr'>condicione</span> <span class='ocrx_word' id='word_1_304' title='bbox 445 2845 615 2886; x_wconf 89' lang='lat' dir='ltr'>variant</span> <span class='ocrx_word' id='word_1_305' title='bbox 648 2849 890 2896; x_wconf 82' lang='lat' dir='ltr'>accentum,</span> <span class='ocrx_word' id='word_1_306' title='bbox 933 2850 981 2887; x_wconf 92' lang='lat' dir='ltr'>ut</span> <span class='ocrx_word' id='word_1_307' title='bbox 1022 2850 1165 2887; x_wconf 87' lang='lat' dir='ltr'>tamen</span> <span class='ocrx_word' id='word_1_308' title='bbox 1197 2858 1429 2898; x_wconf 87' lang='lat' dir='ltr'>numquam</span> <span class='ocrx_word' id='word_1_309' title='bbox 1461 2845 1502 2885; x_wconf 91' lang='lat' dir='ltr'>in</span> <span class='ocrx_word' id='word_1_310' title='bbox 1537 2859 1664 2898; x_wconf 83' lang='lat' dir='ltr'>quar—</span> 
     </span>
    </p>
   </div>
   <div class='ocr_carea' id='block_1_3' title="bbox 157 2912 1664 3014">
    <p class='ocr_par' dir='ltr' id='par_1_10' title="bbox 157 2912 1664 3014">
     <span class='ocr_line' id='line_1_40' title="bbox 157 2912 1664 2966; baseline -0.001 -12"><span class='ocrx_word' id='word_1_311' title='bbox 157 2917 246 2954; x_wconf 88' lang='lat' dir='ltr'>tam</span> <span class='ocrx_word' id='word_1_312' title='bbox 289 2927 314 2954; x_wconf 88' lang='lat' dir='ltr'>a</span> <span class='ocrx_word' id='word_1_313' title='bbox 353 2913 437 2954; x_wconf 90' lang='lat' dir='ltr'>fine</span> <span class='ocrx_word' id='word_1_314' title='bbox 480 2917 553 2954; x_wconf 87' lang='lat' dir='ltr'>aut</span> <span class='ocrx_word' id='word_1_315' title='bbox 591 2914 633 2953; x_wconf 91' lang='lat' dir='ltr'>in</span> <span class='ocrx_word' id='word_1_316' title='bbox 676 2914 868 2954; x_wconf 89' lang='lat' dir='ltr'>ultimam</span> <span class='ocrx_word' id='word_1_317' title='bbox 914 2915 1099 2955; x_wconf 88' lang='lat' dir='ltr'>omnium</span> <span class='ocrx_word' id='word_1_318' title='bbox 1143 2913 1351 2953; x_wconf 85' lang='lat' dir='ltr'>concedat</span> <span class='ocrx_word' id='word_1_319' title='bbox 1381 2912 1589 2966; x_wconf 77' lang='lat' dir='ltr'>syllabam</span> <span class='ocrx_word' id='word_1_320' title='bbox 1621 2914 1664 2953; x_wconf 89' lang='lat' dir='ltr'>in</span> 
     </span>
     <span class='ocr_line' id='line_1_41' title="bbox 1323 2980 1390 3014; baseline 0.015 -1"><span class='ocrx_word' id='word_1_321' title='bbox 1323 2980 1390 3014; x_wconf 76' lang='lat'>30*</span> 
     </span>
    </p>
   </div>
  </div>
 </body>
</html>
