1898 3292
758 259 876 283 LIBER
897 258 1075 289 QVINTVS.
1587 251 1667 288 405

277 362 393 411 Quae
436 376 526 402 cum
569 362 627 401 ita
673 361 774 402 sint.
820 361 1041 401 confutata
1073 360 1295 401 Ritscholii
1330 364 1370 401 et
1405 360 1668 401 Fleckeiseni

163 431 374 472 sententia
406 430 552 471 videor
582 429 885 483 comprobasse
920 429 1110 482 exceptis
1145 429 1363 482 exemplis,
1396 443 1505 482 quae
1539 443 1670 483 supra

161 500 296 553 posui,
330 499 488 539 nullam
521 498 712 539 finalium
742 498 783 538 in
816 513 838 537 r
870 497 934 538 vel
968 514 986 536 s
1019 498 1083 538 vel
1115 504 1127 537 ί
1159 497 1419 547 exeuntium,
1454 512 1563 551 quae
1596 513 1668 551 po—

162 568 343 609 steriore
372 571 565 620 tempore
596 566 726 607 fuerit
758 570 978 619 correpta,
1011 580 1035 606 a
1069 565 1290 620 dactylicis
1323 565 1448 606 aliam
1483 565 1536 607 ob
1570 580 1669 606 cau-

161 651 250 677 sam
285 650 412 688 quam
444 635 619 675 licentia
649 634 774 675 metri
806 634 999 687 produci.
1050 634 1203 687 quodsi
1236 638 1372 680 erunt,
1406 635 1477 686 qui
1509 633 1671 674 malent

162 704 421 745 auctoritate
470 692 597 756 quam
644 703 811 743 ratione
860 703 971 743 hanc
1022 717 1111 744 rem
1158 702 1330 752 confici,
1382 716 1568 755 provoco
1615 702 1669 742 ad

162 772 346 814 Bentleii
387 773 644 825 opinionem,
685 772 756 824 qui
797 786 849 812 ne
881 771 1080 812 Terentio
1121 770 1292 824 quidem
1335 770 1531 812 concedit
1572 785 1669 824 pro-

162 842 292 883 ducta
323 841 474 882 ultima
504 841 609 881 illud
642 848 793 891 arcaea]
824 839 893 895 [cf.
927 839 1095 893 adelph.
1129 840 1214 894 25].

276 910 483 963 Superest
527 914 575 950 ut
620 908 867 962 expediam,
915 908 1179 961 singulorum
1226 911 1450 949 auctorum
1496 908 1668 961 quinam

161 979 291 1019 suerit
312 992 413 1019 usus
442 977 731 1031 producendis
757 977 949 1030 legitima
982 976 1231 1018 condicione
1264 976 1477 1018 brevibus.
1538 976 1670 1029 igitur

162 1062 255 1087 cum
290 1047 450 1087 Ennius
483 1060 533 1087 ac
563 1046 751 1086 Lucilius
788 1045 917 1086 rudes
960 1048 1052 1086 arte
1086 1045 1201 1086 haud
1231 1046 1292 1086 ita
1322 1045 1432 1085 raris
1465 1043 1669 1097 exemplis

161 1115 433 1156 admisissent
464 1115 575 1155 hanc
606 1115 824 1155 licentiam
854 1118 902 1154 ut
924 1115 1087 1166 pariter
1110 1114 1219 1167 epici
1244 1113 1444 1154 carminis
1467 1112 1670 1165 gravitati

162 1188 203 1225 et
235 1184 399 1225 satirici
431 1183 727 1236 neglegentiae
761 1183 1095 1233 convenientem,
1131 1181 1342 1235 Vergilius
1366 1181 1521 1223 Graeci
1545 1180 1669 1221 simul

162 1257 203 1293 ct
248 1253 426 1293 Romani
468 1252 641 1293 Homeri
690 1251 891 1292 inductus
937 1251 1176 1291 imitatione
1224 1250 1337 1291 idem
1387 1250 1543 1300 tenuit,
1586 1263 1670 1289 non

160 1326 304 1362 tamen
346 1325 395 1362 ut
434 1334 502 1361 res
545 1319 806 1373 probaretur
847 1320 1014 1360 ceteris.
1083 1333 1181 1359 nam
1224 1318 1416 1359 Catullus
1454 1323 1536 1367 ter,
1587 1331 1669 1357 nou

160 1390 330 1442 saepius
363 1390 447 1444 [62,
481 1394 526 1439 43
558 1392 622 1438 64,
653 1392 726 1439 20,
761 1392 825 1438 (3ss,
853 1388 934 1442 11],
967 1387 1167 1429 adhibuit
1198 1388 1371 1428 brevem
1401 1386 1670 1440 productam,

161 1472 329 1511 semper
365 1459 406 1498 in
450 1458 599 1511 quinta
643 1457 728 1497 arsi
769 1457 1009 1497 hexametri
1047 1461 1089 1497 et
1121 1460 1326 1509 sequente
1358 1455 1566 1497 vocabulo
1601 1459 1669 1507 ley-

159 1531 327 1568 menaei.
382 1526 586 1567 Horatius
614 1540 847 1578 numquam
878 1526 918 1566 in
954 1525 1118 1579 Epodis
1149 1525 1215 1565 vel
1238 1524 1446 1578 Epistulis
1477 1524 1670 1578 porrexit

161 1600 424 1648 correptam,
462 1594 536 1636 sed
567 1595 610 1635 in
642 1594 803 1635 melicis
837 1595 1063 1647 quinquies
1101 1594 1155 1648 [1,
1190 1598 1227 1641 3,
1261 1597 1333 1645 36,
1379 1597 1441 1644 13,
1475 1597 1521 1644 6,
1564 1596 1600 1642 2,
1632 1596 1669 1642 6,

166 1668 237 1715 14,
270 1664 342 1714 ΙΙΙ,
376 1667 439 1714 16,
475 1667 549 1714 26,
584 1666 650 1713 24,
683 1663 748 1717 5],
791 1663 948 1716 septies
978 1663 1021 1702 in
1053 1662 1221 1704 Saturis
1262 1662 1311 1716 [L
1342 1666 1379 1711 4,
1412 1666 1489 1713 82,
1523 1666 1558 1705 ὃ,
1594 1665 1669 1712 90,

160 1733 217 1782 ΙΙ,
253 1737 286 1782 1,
319 1736 390 1783 82,
424 1736 460 1781 2,
490 1735 563 1783 47,
597 1735 633 1777 3,
669 1735 713 1782 1,
748 1735 849 1782 187,
884 1731 1005 1785 260],
1053 1731 1095 1771 111
1137 1730 1204 1771 his
1245 1733 1412 1771 tantum
1457 1744 1536 1783 per
1575 1744 1669 1770 cae-

161 1815 302 1842 suram
328 1800 679 1853 semiquinariam
704 1799 768 1840 vel
800 1799 1211 1852 semiseptenariam,
1245 1799 1360 1852 quod
1387 1799 1497 1840 alter
1519 1798 1670 1839 modus

160 1870 284 1910 nimis
315 1869 534 1910 videretur
565 1868 857 1922 graecanicus.
920 1872 1109 1909 ceterum
1152 1871 1327 1921 praeter
1367 1882 1497 1908 unum
1529 1881 1669 1908 exem-

160 1939 277 1992 plum
308 1938 446 1979 omnia
480 1938 523 1978 in
554 1945 608 1985 al,
641 1945 689 1985 el,
722 1941 750 1977 it
782 1936 982 1977 finalibus
1006 1950 1196 1977 evenere.
1248 1936 1360 1977 idem
1384 1936 1515 1977 semel
1546 1937 1595 1990 [s.
1619 1936 1670 1985 ΙΙ,

162 2011 198 2056 3,
234 2007 272 2060 Ι]
305 2010 340 2047 sc'
371 2021 470 2047 raro
502 2009 667 2054 scribis,
713 2013 755 2046 ut
784 2012 860 2046 (olo
896 2020 972 2046 non
1016 2013 1160 2055 quater
1205 2020 1334 2053 anno,
1379 2004 1453 2046 ubi
1495 2004 1670 2057 quidam

161 2075 275 2116 docti
311 2083 388 2116 (olo
419 2089 497 2115 mm
533 2082 584 2115 nl.
647 2074 750 2115 alibi
783 2077 924 2114 autem
959 2074 1008 2128 [s.
1038 2074 1068 2122 I,
1102 2077 1138 2124 7,
1172 2074 1213 2127 7]
1245 2077 1360 2114 recte
1392 2073 1537 2127 plures
1579 2086 1669 2113 con-

155 2147 288 2192 sidens
321 2147 593 2194 tumidusque,
629 2147 750 2191 adeo,
788 2142 862 2183 ubi
900 2155 1001 2195 pars
1041 2142 1251 2183 librorum
1293 2146 1479 2183 leonidas.
1541 2154 1670 2194 porro

161 2216 315 2265 quater
355 2211 549 2253 Tibullus
590 2212 645 2266 [L
677 2216 715 2261 4,
746 2214 822 2262 27,
858 2215 920 2260 10,
957 2214 1028 2262 13,
1058 2211 1116 2261 ΙΙ,
1149 2214 1186 2261 2,
1220 2216 1264 2262 ἱ),
1296 2211 1365 2261 IV,
1398 2214 1435 2259 2,
1469 2210 1534 2263 3],
1578 2208 1670 2250 ubi-

161 2294 243 2334 que
281 2281 323 2321 in
368 2294 548 2321 caesura
590 2280 831 2321 hexametri
875 2280 1200 2332 semiquinaria,
1244 2279 1448 2332 produxit
1486 2277 1670 2327 finalem,

161 2349 302 2390 decies
334 2348 509 2389 Ovidius
545 2363 639 2389 cum
681 2349 787 2399 suis,
829 2353 870 2389 et
910 2349 1002 2402 ipse
1043 2361 1277 2401 numquam
1322 2351 1446 2389 extra
1486 2350 1669 2388 metrum

162 2417 391 2458 heroicum.
459 2430 556 2457 nam
600 2421 648 2457 ut
690 2417 880 2467 mittam,
928 2430 1038 2470 quae
1077 2416 1244 2470 pridem
1289 2420 1388 2457 sunt
1425 2418 1670 2470 persanata,

162 2485 302 2526 aliena
345 2485 557 2538 quaedam
599 2485 756 2526 Tibulli
799 2485 908 2539 [Tib.
939 2485 975 2533 I,
1008 2490 1046 2535 4,
1078 2489 1155 2536 44,
1187 2485 1245 2535 ΙΙ,
1282 2489 1316 2534 1,
1350 2489 1423 2536 58,
1456 2487 1492 2534 3,
1529 2487 1601 2534 17,
1632 2487 1672 2532 4,

163 2554 258 2608 38],
303 2554 417 2607 quod
458 2555 596 2594 fertur
636 2554 679 2594 111
720 2553 905 2607 epistula
936 2553 1136 2607 Sapphus
1166 2554 1251 2607 [15,
1287 2553 1385 2607 182]
1429 2552 1486 2593 ‘el
1515 2554 1587 2592 sub
1623 2565 1670 2592 ea

162 2637 302 2663 versus
335 2637 438 2663 emtus
469 2630 505 2662 et
537 2626 642 2663 alter
674 2620 791 2671 erist,
833 2622 978 2675 potius
1020 2625 1084 2662 est
1126 2621 1240 2675 quod
1273 2621 1531 2663 Sarraviano
1573 2634 1671 2673 pro-

162 2695 249 2732 stat
279 2690 390 2731 libro
429 2698 567 2739 crunt,
610 2704 749 2743 neque
793 2691 1012 2743 dignumst
1052 2690 1258 2731 memoria
1299 2691 1343 2730 in
1382 2688 1576 2743 epistulis
1620 2702 1671 2729 ex

162 2760 296 2800 Ponto
341 2758 513 2800 distichi
558 2758 717 2811 alioqui
760 2760 949 2812 suspecti
993 2762 1311 2812 pentametrum
1351 2757 1503 2798 haberi
1540 2757 1670 2798 talem

161 2827 250 2882 [1V‚
285 2830 320 2876 3,
351 2827 424 2881 44]
468 2826 653 2878 ‘itctligsccs
686 2832 854 2877 effectus
886 2830 1065 2867 omnibus
1096 2831 1182 2877 ipse
1213 2823 1379 2877 mayc's’.
1442 2829 1587 2866 tamen
1618 2839 1670 2866 ne

162 2909 395 2947 numquam
429 2894 580 2935 credas
615 2895 657 2934 in
690 2895 828 2935 medio
858 2898 1128 2948 pentametro
1169 2894 1342 2935 brevem
1383 2893 1562 2946 porrigi,
1604 2893 1671 2934 his

163 2963 376 3017 Propertii
409 2967 451 3004 et
472 2963 686 3004 Martialis
710 2964 867 3004 vetaris
897 2963 1116 3016 exemplis,
1149 2963 1221 3015 qui
1254 2962 1360 3003 alias
1382 2961 1448 3003 vel
1469 2962 1512 3002 in
1541 2962 1670 3002 hexa-
