1898 3292
217 287 297 324 294
806 293 925 317 MBER
945 292 1133 323 QVAnTvs.

217 411 311 438 011111
344 395 488 449 potius
519 395 696 449 propria
724 394 799 435 illa
821 395 905 436 sint
928 394 1069 436 Latini
1092 393 1178 435 oris
1201 393 1414 449 etjeodem
1446 394 1571 436 modo
1594 394 1722 446 dicta,

216 479 301 518 quo
341 467 498 513 adicio,
539 466 678 505 obicio.
739 477 838 504 nam
879 462 995 517 quod
1035 476 1112 516 pro
1154 462 1352 518 libidinej
1371 478 1395 504 u
1428 463 1495 504 vel
1537 477 1724 505 consona

216 532 357 574 evenit
387 532 453 573 vel
484 530 662 581 vocalis,
705 531 750 572 id
780 545 880 572 vero
911 531 1105 584 legitima
1136 545 1286 572 norma
1328 545 1550 582 sonorum,
1593 546 1724 585 supra

216 615 346 654 quam
392 600 619 654 proposui,
667 600 818 641 evenit.
885 603 1076 641 ceterum
1116 599 1170 641 ab
1212 599 1363 641 eadem
1409 600 1598 651 ratione,
1640 614 1724 641 non

217 668 486 711 Graecanica
516 668 815 722 normagvenit
845 672 996 719 Aratus
1026 681 1105 722 pro
1137 672 1332 720 Argye'vus,
1366 667 1481 721 quod
1512 667 1578 709 bis
1610 668 1725 722 apud

216 737 381 779 Livium
419 736 570 792 [XXV‚
604 740 668 786 25,
702 739 747 788 33
778 736 973 786 XXXIV,
1005 740 1071 787 25,
1105 737 1148 791 7]
1183 736 1392 777 librorum
1422 735 1630 778 Puteanei
1660 736 1725 778 vel

215 805 547 859 Bambergensis
576 804 775 846 firmatur
810 805 1090 856 auctoritate,
1132 818 1210 845 1100
1249 804 1389 845 minus
1419 803 1504 846 11110
1539 805 1726 858 pertinet

216 874 474 917 adiectivum
516 877 630 922 dius,
673 872 788 926 quod
832 872 1049 927 digamma
1089 873 1225 914 eiecto
1268 873 1475 926 primum,
1519 877 1567 914 ut
1607 877 1725 927 puto,

217 957 289 985 eas
321 943 499 993 formas,
533 955 644 995 quae
674 941 857 983 flexione
889 957 915 984 u
947 941 1131 993 addunt,
1172 945 1469 984 mox-ceteras
1500 941 1725 993 imminuit,

217 1011 297 1053 etsi
329 1025 440 1065 quae
470 1010 686 1065 pleniores
715 1010 891 1052 eaedem
922 1011 1113 1064 potiores
1145 1011 1276 1052 fuisse
1299 1010 1527 1051 videantur
1555 1011 1726 1051 omnino

218 1079 412 1133 quolibet
440 1083 645 1132 tempore.
697 1079 855 1120 mansit
885 1082 1030 1120 tamen
1065 1079 1171 1120 illud
1203 1083 1306 1127 clius,
1337 1078 1452 1132 quod
1479 1079 1727 1132 agnoscitur

219 1163 244 1190 a
275 1148 533 1189 Terentiano
565 1148 708 1202 [ss7o]‚
746 1147 801 1188 ad
831 1151 998 1188 sextum
1030 1162 1069 1201 p.
1103 1147 1198 1189 Chr.
1231 1162 1270 1188 n.
1304 1147 1523 1189 saeculum
1553 1147 1624 1202 [cs.
1657 1147 1725 1188 fin.

218 1231 362 1270 opusc.
394 1216 482 1270 IV].
547 1219 777 1270 praeterea
818 1215 994 1270 dignum
1038 1216 1247 1257 memoria
1293 1229 1461 1269 semper
1504 1216 1662 1257 omissa
1707 1230 1727 1257 e

216 1284 489 1339 pronuntiari
530 1291 774 1333 anteactum,
818 1287 1177 1333 anteambulonem,
1222 1291 1380 1334 anteea,
1413 1287 1586 1333 anteire,
1617 1292 1727 1325 ante-

218 1358 308 1403 hac,
341 1366 592 1404 neumquam,
621 1367 856 1404 neusquam,
889 1356 1135 1404 neutiquam,
1174 1352 1219 1393 id
1257 1352 1372 1406 quod
1400 1353 1443 1393 in
1480 1352 1576 1402 illis,
1618 1367 1728 1406 quae

218 1425 317 1463 sunt
339 1429 497 1470 anteea,
521 1435 773 1472 neumquam,
796 1435 1031 1472 neusquam,
1066 1434 1246 1475 semper,
1278 1420 1511 1474 aliquando
1535 1421 1664 1462 etiam
1685 1422 1728 1462 in

219 1495 449 1532 antceuna'o
482 1489 730 1531 declaratur
763 1490 991 1543 scriptura.
1051 1492 1195 1531 tamen
1238 1489 1495 1531 scholastico
1533 1490 1728 1531 acumine

222 1559 458 1610 Ausonius,
498 1561 547 1599 ut
588 1558 909 1612 compositionis
952 1561 1099 1612 partes
1136 1561 1416 1612 apparerent,
1463 1558 1572 1600 dixit
1602 1562 1730 1600 anteit

227 1627 498 1682 trisyllabum
540 1626 675 1682 [idyll.
710 1630 774 1677 11,
809 1627 879 1681 16]
923 1625 1057 1678 ‘quem
1099 1630 1263 1668 noviens
1303 1630 1441 1668 senior
1483 1630 1728 1679 Ganyete'cus

220 1698 347 1737 anteit
378 1692 502 1736 ales’.
564 1694 692 1736 huius
722 1694 853 1748 igitur
883 1694 1064 1736 facetias
1098 1699 1324 1746 excusent,
1371 1695 1444 1748 qui
1486 1695 1730 1737 etiamnunc

218 1764 330 1805 inter
351 1763 554 1817 synizesis
586 1763 783 1817 exempla
812 1763 1005 1804 referunt
1034 1768 1208 1805 antehac
1240 1767 1282 1805 et
1313 1767 1484 1805 anteire.
1538 1767 1728 1804 ceterum

218 1845 302 1873 11011
330 1831 467 1885 magis
491 1837 732 1883 fortassean
763 1831 905 1885 potuit
927 1845 1019 1873 esse
1042 1831 1173 1873 Accio
1205 1831 1547 1886 tetrasyllabum,
1580 1846 1728 1885 quam-

219 1913 349 1953 quam
391 1900 531 1941 fertur
570 1899 696 1953 vulgo
744 1900 835 1941 eius
875 1913 1024 1941 versus
1069 1899 1170 1942 talis
1213 1899 1468 1951 ‘fortassean
1507 1904 1589 1941 sint
1631 1915 1729 1952 quos

218 1972 285 2010 lte'c
317 1983 395 2009 non
427 1975 569 2009 met-tet
598 1966 764 2010 metus'.
826 1968 869 2009 in
901 1982 984 2022 quo
1015 1971 1161 2010 tamen
1193 1968 1467 2010 scribendum
1510 1982 1602 2010 esse
1637 1974 1729 2021 for-

220 2044 329 2078 tasse
361 2051 414 2078 an
445 2040 497 2077 sit
535 2040 645 2087 quod
674 2040 740 2077 llic
772 2051 844 2077 nos
874 2043 1071 2078 mertaret
1098 2043 1224 2078 metus
1267 2036 1519 2079 fatebuntur
1559 2038 1632 2091 qui
1670 2038 1729 2079 le-

220 2105 361 2158 gerint
391 2105 549 2146 lemma
570 2104 696 2146 Nonii
728 2105 994 2159 adscriptum
1026 2106 1139 2160 [138,
1174 2106 1258 2160 29].
1321 2109 1512 2148 ceterum
1544 2110 1731 2147 deorsum

220 2177 263 2214 et
292 2187 475 2215 seorsum
507 2173 767 2227 ubicumque
799 2174 1076 2227 reperiuntur
1111 2173 1340 2229 disyllaba,
1373 2174 1600 2216 scribendo
1631 2188 1730 2228 pro-

220 2241 543 2295 nuntiandoque
590 2242 719 2283 etiam
764 2242 954 2296 priorem
999 2242 1190 2283 vocalem
1239 2242 1544 2284 subtrahemus
1586 2243 1730 2296 potius

220 2309 291 2364 [cf.
325 2309 497 2350 Lachm.
529 2325 568 2363 p.
604 2311 702 2364 134]
746 2324 875 2363 quam
916 2310 1117 2365 synizesis
1162 2311 1403 2352 molestiam
1435 2310 1730 2362 adhibeamus,

221 2377 392 2431 qualem
425 2381 474 2419 ut
501 2377 714 2420 devitaret
744 2379 908 2420 Ennius
940 2382 1185 2420 deltorlanclt'
1221 2379 1397 2420 verbum
1439 2379 1612 2420 diremit
1652 2393 1731 2433 per

220 2446 375 2487 tmesin
416 2446 479 2487 ita
519 2447 639 2501 [401]
683 2445 911 2488 ‘Hannibal
939 2450 1090 2488 audace·
1119 2461 1206 2488 oum
1241 2454 1414 2498 pectore
1457 2452 1506 2489 de
1547 2461 1608 2488 me
1637 2451 1729 2488 lzor-

221 2521 344 2556 tatur.
382 2538 438 2544 —
476 2514 659 2567 denique
700 2515 812 2556 addo
856 2529 941 2556 non
984 2518 1101 2556 recte
1137 2515 1179 2556 in
1211 2515 1497 2569 Anthologiae
1541 2516 1730 2557 carmine

222 2582 409 2636 quodam
431 2581 483 2623 de
505 2583 654 2633 ventis,
686 2583 787 2624 licet
818 2597 901 2624 non
924 2584 980 2625 sit
1001 2587 1128 2625 notae
1154 2584 1355 2638 optimae,
1387 2585 1491 2639 [484
1513 2584 1593 2638 R.],
1627 2583 1729 2625 ferri

221 2666 256 2692 v.
296 2654 345 2692 19
388 2657 692 2700 euroaustrum,
738 2651 814 2692 ubi
852 2651 997 2704 plures
1039 2651 1207 2693 codices
1250 2658 1532 2701 euramtmmm
1579 2666 1630 2693 ac
1670 2652 1730 2693 sic

222 2719 352 2760 etiam
382 2718 496 2760 infra
527 2719 619 2773 [21]
651 2719 944 2772 reponendum
985 2724 1265 2772 austrasrt'cus
1297 2734 1376 2774 pro
1409 2723 1727 2772 austroafricus.

336 2787 427 2828 Iam
458 2787 514 2828 ad
546 2788 883 2828 contractionem
906 2788 1119 2830 vocalium
1142 2789 1488 2830 concurrentium
1512 2791 1559 2829 ut
1590 2791 1730 2829 trans-

223 2869 392 2906 eamus,
435 2855 636 2896 dixerunt
675 2859 830 2910 poetae
862 2859 1028 2897 veteres
1071 2862 1224 2898 eolesco
1262 2861 1305 2898 et
1342 2860 1505 2907 copario
1538 2856 1729 2911 [Lachm.

222 2938 261 2976 p.
284 2926 363 2964 134
381 2924 461 2978 sq.]
493 2938 572 2977 pro
595 2924 667 2975 eis,
691 2938 802 2978 quae
824 2927 923 2965 sunt
950 2929 1132 2966 coalesco
1165 2928 1207 2966 et
1236 2928 1437 2976 cooperto,
1469 2939 1729 2978 quamquam

223 3005 323 3035 raro
350 3006 431 3034 usu
461 2995 535 3034 aut
566 2992 848 3046 ambiguitate
870 2995 1105 3036 metrorum
1139 2993 1416 3037 subobscuro
1469 3008 1602 3048 quare
1633 3008 1728 3049 per-
