1898 3292
774 188 1011 215 OPVSCVLVM
1033 190 1081 214 iv.
1601 182 1676 221 581

169 294 311 349 pergit
341 294 401 334 sic
433 292 654 334 Sidonius:
697 291 791 332 ‘nec
821 305 900 332 non
932 293 1133 332 habentur
1156 306 1239 342 pro
1261 295 1583 339 recurrentibus,
1616 297 1684 343 qni

162 368 316 415 pedam
344 366 433 414 lesse
462 367 626 401 servam,
648 385 703 390 —-
718 374 799 411 per
826 363 990 411 sinqala
1013 384 1064 389 —-
1089 362 1212 401 verba
1240 364 1508 411 repliccmcm·‚
1542 364 1679 411 qualia

169 445 265 473 reor
306 434 488 481 equidem
529 433 609 480 leqe'
647 433 770 469 malla
809 425 1059 469 maltoram’.
1110 454 1141 457 —
1180 442 1230 469 ac
1267 428 1397 469 talem
1439 429 1524 469 iam
1566 428 1681 482 apud

170 499 388 540 Maronem
420 497 675 539 versiculum
707 497 807 538 olim
848 496 1227 549 grammaticorum
1271 496 1433 538 detexit
1474 496 1676 538 sollertia.

173 582 270 608 nam
300 567 342 608 in
374 566 587 621 principio
621 565 832 607 Aeneidos
866 565 1075 618 positum:

443 645 559 689 Musa,
586 645 674 678 mihi
702 656 828 679 causas
854 655 1028 687 memora,
1058 656 1128 688 quo
1155 644 1302 678 numine
1328 644 1436 688 laeso,

173 716 207 757 si
241 718 358 756 retro
403 714 603 764 scandas,
644 715 746 755 item
786 713 877 755 fieri
918 713 1217 754 hexametrum
1260 717 1536 764 monuerunt,
1578 713 1683 755 illud

171 783 345 837 quidem
377 797 460 824 non
491 786 705 833 curantes,
739 781 853 835 quod
882 781 1046 823 fractus
1081 784 1195 823 esset
1216 781 1403 822 numeris
1426 785 1467 822 et
1490 781 1681 823 elunibis.

171 877 226 881 —-
258 865 387 905 porro
421 865 473 892 ex
504 851 620 892 hisce
653 850 846 905 [Quintil.
877 850 902 890 l.
936 850 1030 904 ni.]:

376 934 473 965 astra
500 934 603 965 tenet
628 931 779 973 caelum,
805 941 905 963 mare
932 930 1076 971 classes,
1103 941 1187 964 area
1212 941 1379 964 messem.

376 988 534 1032 repetita
559 988 666 1032 pinus
690 987 826 1021 mobile
856 987 1000 1021 exeruit
1024 990 1146 1031 caput,

171 1059 207 1100 si
241 1072 267 1099 a
297 1058 381 1098 fine
412 1056 591 1110 relegas5
625 1056 728 1097 fient
750 1055 942 1097 sotadici.
981 1055 1115 1096 isdem
1142 1055 1308 1097 facetiis
1340 1071 1442 1098 usus
1464 1056 1683 1111 Porfyrius

170 1130 307 1168 totum
352 1139 523 1167 carmen
566 1125 755 1178 elegiaco
800 1128 937 1165 metro
982 1125 1189 1178 scriptum
1234 1124 1337 1166 fecit
1385 1125 1677 1179 anacyclicum

169 1193 397 1250 [XXV111]‚
430 1195 550 1235 cuius
582 1192 750 1246 singula
780 1192 965 1234 disticha
995 1206 1078 1233 non
1111 1192 1166 1234 ab
1197 1193 1347 1234 ultimo
1380 1193 1517 1235 minus
1549 1193 1680 1235 verbo

170 1277 298 1316 quam
332 1277 357 1303 a
387 1262 524 1316 primo
563 1261 765 1303 incohata
805 1260 1040 1302 manebunt
1080 1260 1260 1314 integra.
1327 1261 1389 1302 ita
1420 1266 1462 1302 et
1494 1262 1677 1303 alterum

172 1331 361 1373 eiusdem
392 1344 546 1385 poema
576 1330 653 1371 tali
686 1333 822 1371 metro
856 1329 1137 1383 compositum
1168 1330 1329 1384 [X111]:

377 1411 550 1455 princeps
575 1411 693 1452 beate,
719 1409 863 1453 placido
890 1410 956 1444 sub
983 1421 1051 1443 axe
1076 1410 1245 1443 iamnunc

170 1480 248 1521 hos
287 1480 404 1534 ipsos
454 1478 715 1520 recurrendo
758 1478 888 1519 etiam
929 1477 1125 1532 implebit
1169 1492 1381 1519 numeros.
1426 1502 1480 1508 —-
1523 1478 1598 1519 sed
1640 1479 1683 1519 in

170 1563 317 1599 versu,
365 1562 490 1601 quem
521 1551 731 1589 memorat
762 1546 990 1588 Diomedes
1022 1545 1136 1602 [516]
1179 1546 1273 1588 fieri
1318 1561 1370 1588 ex
1410 1551 1681 1601 pentametro

170 1617 435 1658 trimetrum:

378 1696 525 1730 numina
552 1696 750 1730 caelestum
775 1698 857 1729 ture
882 1706 1034 1739 precare
1061 1695 1133 1739 pio,

172 1769 220 1807 ut
249 1765 444 1807 senarius
464 1765 549 1806 iam
580 1768 747 1806 constet
768 1777 982 1811 numerus,
1015 1763 1331 1805 scribendumst
1353 1768 1496 1812 omina,
1530 1778 1680 1805 secun—

172 1835 272 1875 dum
301 1834 376 1874 illa
392 1833 560 1886 Virgilii
584 1831 658 1873 ‘cla
682 1840 808 1883 paler
839 1836 1057 1884 aayare‘mn
1089 1835 1203 1873 nohis
1235 1840 1356 1883 atque
1385 1836 1516 1873 omina
1533 1830 1674 1882 firma'

173 1917 223 1944 ac
253 1916 382 1956 porro
410 1900 519 1954 ‘fata
557 1904 807 1943 renarrabat
850 1898 1018 1942 dc'vam'.
1091 1904 1133 1941 et
1176 1900 1308 1941 habet
1345 1899 1455 1941 liber
1495 1901 1680 1954 scriptus

172 1975 344 2013 nomina.
407 1970 521 2011 venit
562 1973 703 2011 autem
746 1983 893 2011 versus
935 1983 987 2010 ex
1019 1969 1145 2010 simili
1185 1969 1373 2020 fabrica,
1418 1983 1681 2022 quamquam

171 2040 310 2081 minus
341 2042 406 2081 est
435 2039 623 2092 ineptus,
656 2041 785 2092 atque
816 2037 887 2079 ille
919 2051 1055 2091 aeque
1088 2037 1333 2091 reciprocus
1363 2037 1487 2092 [Mar.
1521 2037 1682 2078 Victor.

172 2108 324 2163 2562]:

379 2177 499 2210 omine
525 2175 623 2209 felici
649 2174 769 2208 Pansa
796 2186 949 2219 precare
975 2174 1074 2208 deos.

171 2257 245 2310 qui
277 2255 465 2297 eiusdem
503 2255 672 2296 videtur
711 2269 803 2296 esse
842 2255 1031 2296 auctoris
1071 2258 1202 2308 atque
1243 2268 1328 2295 una
1360 2268 1385 2295 a
1417 2254 1554 2295 Mario
1587 2254 1682 2294 Vic-

172 2325 312 2366 torino
344 2324 500 2365 allatus
531 2324 799 2365 hexameter:

378 2415 456 2438 esse
480 2405 598 2438 bonus
624 2403 653 2437 si
678 2403 741 2446 vis,
767 2404 847 2437 cole
873 2403 986 2446 divos,
1013 2404 1151 2447 optime
1178 2402 1316 2445 Pansa;

173 2487 298 2527 quem
328 2473 362 2514 si
394 2476 510 2513 retro
540 2472 658 2525 legis,
689 2472 738 2512 fit
770 2471 990 2513 sotadeus:

379 2551 497 2585 Pansa
523 2552 672 2594 optime,
699 2551 800 2585 clivos
826 2551 915 2594 cole,
944 2552 971 2585 si
998 2552 1052 2585 vis
1078 2552 1195 2586 bonus
1225 2563 1313 2586 esse.

172 2621 245 2663 ubi
280 2620 533 2670 notandum,
575 2619 688 2673 quod
720 2619 826 2660 illud
857 2623 892 2660 sc·
923 2624 980 2660 vis
1013 2621 1136 2661 unius
1164 2620 1302 2661 instar
1332 2619 1530 2660 vocabuli
1563 2618 1681 2659 habi-

173 2693 275 2731 tum.
336 2702 414 2730 nec
455 2688 499 2729 id
540 2688 719 2739 mirum3
761 2702 860 2729 nam
907 2702 958 2728 ex
998 2702 1046 2729 eo
1089 2688 1251 2729 factum
1291 2691 1359 2728 sis.
1431 2688 1499 2727 vix
1541 2691 1683 2727 autem

171 2761 316 2811 potest
347 2756 556 2807 dubitari,
602 2756 704 2809 quin
745 2756 826 2797 hoc
868 2760 1050 2797 metrum
1083 2760 1329 2797 contextum
1362 2756 1417 2796 sit
1448 2755 1501 2796 ad
1535 2754 1679 2795 simili-

172 2825 364 2867 tudinem
387 2825 490 2873 eius,
522 2838 605 2877 quo
629 2838 800 2865 carmen
828 2824 929 2865 XXI
958 2824 1224 2866 interstinxit
1246 2823 1478 2877 Porfyrius,
1510 2823 1674 2876 pariter

175 2894 374 2949 dactylici
406 2897 449 2935 et
477 2893 627 2935 ionici:
