1898 3292
735 235 855 261 LIBER
874 235 1029 260 SEXTVS.
1554 226 1630 262 441

245 340 457 381 Omissum
492 342 694 390 Bonifacz'i
723 337 962 391 exemplum
996 336 1156 391 [Sidon.
1191 350 1223 376 c.
1257 336 1333 380 IX,
1367 337 1485 390 279]
1524 335 1637 388 quod

130 410 171 450 in
196 408 382 450 editione
413 409 557 462 priore
588 420 830 462 posueram.
881 420 980 447 nam
1003 403 1276 447 scribendum
1301 407 1558 455 Bonifatium,
1591 406 1639 444 ut

131 478 296 519 Graece
332 476 519 518 habetur
550 480 765 529 Eulyches,
803 474 975 516 interim
1015 473 1398 515 demonstratumst
1437 486 1462 513 a
1493 472 1636 514 Pottio

131 560 181 587 ac
213 545 443 587 Schmitzio
476 545 639 600 [opusc.
677 548 756 586 140
789 544 881 597 sq.].

243 614 334 655 Iam
366 612 738 654 considerantibus
761 611 956 665 exempla
976 611 1061 652 ista
1083 609 1208 650 facile
1232 608 1473 663 apparebit,
1508 622 1636 661 quam

130 682 195 724 vel
227 681 341 735 apud
383 681 640 723 christianos
681 680 864 721 aliarum
908 692 1052 720 rerum
1096 690 1199 719 cura
1240 690 1345 731 prae
1386 677 1512 717 metri
1543 676 1637 729 lege

130 750 261 792 fuerit
301 752 558 803 contempta.
628 748 742 802 quod
788 762 871 790 non
917 748 1056 788 minus
1102 745 1380 788 confirmatur
1428 744 1638 798 correptis

129 820 400 875 plerumque,
434 821 482 858 ut
512 817 655 859 versui
686 816 882 860 satisfiat.
916 815 1091 870 syllabis
1124 816 1196 865 eis,
1233 827 1343 868 quae
1376 812 1538 854 habent
1568 826 1637 853 ac-

130 891 300 930 centum
332 886 672 940 grammaticum,
705 885 815 926 sicut
846 884 894 925 fit
922 884 966 924 in
996 883 1063 924 his
1096 896 1206 936 quae
1237 885 1356 924 sunt:

301 954 480 996 Adriani
514 953 661 1009 [Prud.
694 967 727 994 c.
760 953 916 1007 Symm.
949 952 979 1003 I,
1012 951 1133 1005 274],
1177 950 1367 1005 Archyta
1404 948 1509 1004 [sid.
1541 963 1638 1003 pan.

300 1022 427 1065 Anth.
454 1023 565 1077 17ss],
597 1022 856 1076 Cyprianum
888 1020 1010 1075 [Ven.
1034 1020 1150 1061 misc.
1174 1019 1285 1070 VIII,
1309 1022 1345 1069 6,
1369 1018 1483 1073 270],
1515 1017 1640 1058 detur

301 1092 532 1147 [Luxorius
565 1093 658 1141 337,
693 1094 738 1141 63
782 1090 984 1130 Dracont.
1017 1092 1054 1139 8,
1089 1092 1191 1140 3143
1235 1092 1272 1138 9,
1305 1087 1428 1142 226],
1466 1085 1639 1140 lugubri

303 1159 446 1216 [Prud.
479 1159 590 1200 cath.
624 1163 662 1209 9,
696 1158 779 1212 79],
812 1157 967 1211 spiritu
999 1156 1113 1211 [Sed.
1146 1156 1286 1211 hymn.
1319 1159 1355 1206 1,
1387 1158 1486 1207 1103
1519 1154 1638 1195 Paul.

302 1232 368 1279 21,
402 1228 522 1282 271],
554 1226 754 1268 tibicines
783 1225 898 1281 [Sed.
932 1239 964 1267 c.
1000 1240 1038 1279 p.
1071 1225 1145 1275 ΙΙΙ,
1182 1225 1301 1279 134],
1344 1223 1488 1265 triduo
1523 1222 1638 1277 [Sed.

302 1310 335 1337 c.
367 1311 407 1350 p.
438 1296 486 1347 V,
519 1295 632 1350 244}

131 1365 233 1420 quid
268 1363 382 1418 quod
420 1367 462 1405 et
488 1363 595 1405 illud
616 1363 849 1405 identidem
873 1363 1097 1413 admisere,
1129 1360 1255 1403 simul
1275 1360 1319 1402 in
1342 1359 1491 1402 eadem
1513 1362 1639 1414 parte

134 1433 340 1476 orationis
388 1435 570 1474 accentu
614 1432 896 1486 grammatico
940 1431 1144 1484 insignita
1187 1434 1235 1471 ut
1279 1428 1548 1479 breviarent,
1594 1431 1640 1469 at

130 1516 268 1544 vacua
308 1501 455 1543 eodem
498 1500 818 1554 producerent‘.>
862 1499 989 1553 quale
1028 1498 1162 1540 habes
1193 1498 1275 1540 hoc
1305 1511 1432 1538 versu
1464 1496 1639 1538 Luxorii

133 1571 251 1628 [351,
284 1571 328 1625 2]
375 1568 572 1620 ‘inpleret
611 1571 746 1609 czmcti
786 1571 946 1609 viscera
986 1564 1159 1619 neqotii’
1211 1570 1286 1608 aut
1318 1565 1518 1607 Venantii
1562 1564 1639 1605 tali

131 1639 266 1695 [misc.
289 1638 379 1690 VII,
403 1640 468 1688 12,
492 1637 592 1692 249]
635 1635 804 1685 ‘ar-ctos,
835 1640 1040 1685 meridies,
1063 1639 1213 1684 oriens,
1236 1648 1404 1676 occasus
1426 1630 1638 1674 honorat’.

131 1720 243 1762 quae
275 1720 370 1748 cum
401 1706 464 1747 ita
492 1705 588 1756 sint,
619 1718 703 1746 non
735 1703 922 1745 absurde
954 1707 1181 1755 statuetur,
1214 1703 1506 1757 quantitatum
1529 1714 1639 1755 quae

131 1775 247 1830 apud
287 1774 544 1816 christianos
584 1773 859 1814 inveniuntur
901 1786 926 1813 a
967 1771 1246 1813 classicorum
1284 1771 1545 1812 auctoritate
1577 1769 1638 1810 di-

132 1857 276 1894 versa,
318 1855 369 1884 ea
410 1841 542 1883 ferme
584 1855 666 1882 non
707 1844 796 1881 tam
836 1840 1008 1882 inscitia
1049 1843 1124 1881 aut
1161 1840 1312 1881 alienis
1357 1839 1471 1880 curis
1510 1851 1639 1891 quam

131 1924 405 1953 numerorum
438 1910 580 1964 gratia
609 1909 875 1963 provenisse,
919 1909 987 1950 cui
1028 1908 1198 1950 facilius
1242 1907 1406 1949 scilicet
1438 1906 1638 1948 licentiae

130 1979 439 2033 indulgeretur,
468 1978 503 2019 si
525 1977 653 2019 etiam
678 1976 764 2018 alia
786 1977 1062 2018 excusatione
1086 1976 1420 2018 defenderentur
1442 1973 1641 2016 novanda

130 2049 174 2090 in
208 2047 430 2089 mensuris.
492 2046 605 2087 unde
638 2059 748 2099 quae
777 2045 1031 2099 plerumque
1064 2045 1173 2086 falso
1205 2044 1397 2094 modulo,
1440 2042 1544 2084 alibi
1584 2042 1638 2083 ab

130 2115 267 2158 isdem
298 2114 535 2156 efferuntur
568 2114 747 2167 integra.
800 2117 989 2155 ceterum
1022 2117 1221 2155 auctores
1242 2113 1348 2154 istos
1369 2110 1641 2165 neglegentia

131 2183 401 2238 potissimum
442 2182 641 2223 inductos
682 2195 860 2235 gnaram
899 2182 1005 2236 ipsis
1046 2182 1239 2223 omisisse
1275 2182 1319 2222 in
1350 2180 1499 2221 metris
1530 2178 1639 2220 veri-

131 2256 266 2294 tatem
297 2251 425 2293 etiam
456 2250 669 2304 probatur
698 2250 893 2304 exemplo
923 2254 991 2291 sat
1020 2249 1202 2291 notabili
1232 2249 1454 2299 Martiani,
1492 2247 1565 2301 qui
1596 2247 1638 2288 in

133 2334 194 2372 eo,
228 2319 344 2374 quod
373 2322 438 2360 est
473 2324 541 2369 fio,
572 2319 760 2372 priorem
786 2332 882 2360 cum
912 2318 1004 2372 ipse
1033 2322 1219 2360 testetur
1249 2331 1341 2359 esse
1372 2318 1542 2370 longam
1575 2316 1639 2372 [V,

133 2389 248 2443 517],
287 2391 430 2429 tamen
467 2386 585 2428 haud
615 2400 715 2428 raro
757 2387 946 2440 corripit.
1009 2401 1110 2428 sane
1151 2386 1322 2428 facilem
1360 2385 1526 2426 veniam
1566 2384 1638 2425 de-

131 2457 330 2498 lictorum
361 2455 484 2496 licuit
513 2455 680 2508 sperari
719 2455 796 2505 eis,
839 2456 912 2509 qui
953 2455 1070 2496 haud
1114 2454 1241 2496 dubie
1282 2453 1453 2495 nacturi
1497 2455 1639 2493 essent

133 2524 352 2566 auditores
381 2523 618 2564 lectoresve
649 2523 752 2576 ipsis
783 2523 918 2564 multo
949 2524 1088 2565 minus
1119 2523 1298 2577 suptiles
1329 2522 1384 2564 ad
1415 2533 1638 2562 mensuras

132 2591 372 2634 verborum.
422 2592 570 2645 itaque
600 2591 859 2644 ubicumque
890 2592 933 2632 in
963 2591 1181 2633 mutandis
1213 2590 1387 2644 syllabis
1415 2588 1638 2630 christiani

132 2674 211 2702 sua
249 2659 316 2701 usi
356 2663 455 2701 sunt
492 2660 671 2710 ratione,
711 2663 809 2701 ante
851 2660 993 2701 omnia
1029 2660 1169 2714 perito
1201 2659 1333 2700 iudici
1365 2656 1636 2699 consideran-

133 2728 277 2770 dumst
306 2727 430 2777 illud,
461 2731 697 2769 metrorum
726 2741 937 2781 quaenam
966 2727 1098 2769 fuerit
1126 2727 1373 2768 necessitas.

245 2796 336 2837 Iam
368 2799 513 2837 cetera
543 2799 773 2849 antequam
815 2795 1062 2849 aggrediar,
1104 2794 1372 2837 denotandus
1415 2796 1480 2834 est
1517 2806 1638 2833 error

133 2863 408 2917 gravissimus
449 2877 614 2913 eorum,
658 2865 731 2917 qui
773 2867 975 2906 accentus
1015 2866 1194 2918 propter
1221 2862 1306 2903 vim
1347 2860 1579 2915 aliquando
1612 2874 1638 2901 a

133 2932 273 2987 poetis
319 2932 509 2975 classicis
560 2935 804 2986 correptam
849 2932 1040 2975 vocalem
1091 2931 1392 2973 existimarunt
1444 2930 1635 2986 produci.
