1898 3292
229 206 309 244 100
832 212 951 236 LIBER
970 210 1125 236 PRIMVS.

223 316 393 369 ingenio
425 315 710 370 persensisset
742 314 815 369 [ad
848 314 992 355 Manil.
1025 314 1093 360 IV,
1124 313 1236 366 7751,
1266 326 1342 353 nos
1375 325 1451 352 suo
1485 311 1731 351 restitutum

224 385 354 426 nitori
384 384 466 425 1100
496 384 590 425 1000
622 383 952 437 adscripsimus:

615 480 680 514 sed
706 480 788 513 diva
813 479 905 513 flava
931 479 1151 523 eticandida

615 537 736 571 Roma
763 537 965 580 Aesculapi
991 536 1064 569 filia

614 606 747 629 nomen
775 606 908 627 novum
933 593 1041 626 Latio
1072 592 1170 636 facit,

615 652 713 696 quod
740 651 954 685 conditricis
983 651 1128 684 nomine

613 710 685 743 iam
714 708 869 742 Romam
895 709 940 742 ab
966 708 1046 751 ipso
1073 718 1199 740 0111003
1224 709 1367 740 vocant.

227 799 269 838 in
303 796 459 850 quibus
491 800 635 837 tamen
668 795 781 848 quod
817 794 965 835 ultimo
997 794 1091 834 1000
1133 793 1275 846 posui,
1314 806 1397 832 11011
1439 791 1595 832 tuebor
1639 805 1734 844 per-

226 866 427 915 tinacius,
460 865 541 905 nisi
573 864 688 917 quod
718 877 801 904 11011
834 876 1030 903 veremur
1061 875 1114 902 110
1147 861 1241 914 quis
1274 861 1436 902 salvum
1471 860 1588 900 dicat
1617 860 1735 906 illud,

228 934 342 988 quod
392 933 551 986 legitur
603 932 719 986 apud
770 931 1086 985 Philargyrium
1132 928 1200 970 ‘ab
1252 933 1339 979 ipso
1388 942 1520 969 omnes
1575 931 1734 968 Romam

227 1000 406 1044 vocant'.
459 1001 634 1054 dignum
667 1004 809 1041 autem
842 1000 1060 1048 memoria,
1095 998 1209 1052 quod
1242 997 1403 1039 saeculi
1436 998 1552 1038 tertii
1582 1001 1735 1050 poetae

228 1084 426 1112 amavere
469 1074 512 1111 et
555 1084 623 1111 res
669 1072 812 1122 gestas
857 1068 1005 1122 populi
1048 1067 1227 1108 Romani
1274 1071 1441 1107 veteres
1480 1080 1559 1107 1100
1598 1066 1736 1106 minus

228 1140 510 1192 antiquitates
542 1151 758 1188 enarrare,
791 1137 834 1177 id
858 1136 971 1190 quod
1005 1140 1047 1177 et
1076 1136 1158 1177 hoc
1188 1136 1429 1189 fragmento
1457 1134 1736 1176 confirmatur

229 1214 272 1249 et
304 1208 452 1249 Sereni
484 1207 535 1248 (10
566 1207 670 1247 Iano
702 1205 906 1247 versibus.
967 1219 1065 1246 nam
1099 1209 1142 1246 et
1174 1205 1385 1255 Albinum,
1419 1204 1491 1257 qui
1524 1204 1575 1244 de
1607 1203 1736 1244 rebus

228 1277 432 1317 Romanis
465 1275 721 1328 conscripsit
753 1288 942 1324 carmen,
981 1273 1081 1315 huic
1111 1274 1201 1315 fere
1232 1273 1417 1326 tempori
1449 1286 1541 1313 esse
1573 1272 1736 1313 adscri-

228 1345 413 1387 bendum
447 1344 561 1385 infra
589 1343 967 1385 demonstrabitur.
1021 1346 1210 1384 ceterum
1243 1356 1337 1382 cum
1363 1341 1459 1383 Alfii
1481 1354 1531 1382 ac
1554 1340 1736 1381 Mariani

228 1414 381 1455 studiis
403 1413 511 1454 bene
533 1416 676 1466 potest
709 1411 906 1465 componi
928 1410 1150 1452 Prudentii
1178 1411 1271 1464 peri
1293 1410 1533 1464 stephanon
1566 1423 1737 1450 carmen

230 1484 276 1533 V,
318 1481 433 1536 quod
475 1485 517 1522 et
556 1481 695 1534 ipsum
738 1480 932 1521 dimetris
974 1483 1143 1521 constat
1181 1479 1377 1520 iambicis
1419 1482 1461 1519 et
1500 1482 1563 1519 est
1595 1478 1739 1532 epyllii

226 1552 375 1592 instar.

341 1619 432 1659 Iam
465 1632 561 1659 cum
590 1618 645 1659 sit
675 1617 902 1671 probabile
929 1616 1090 1658 saeculi
1112 1617 1173 1657 III
1205 1616 1437 1669 scriptores
1460 1619 1508 1656 ut
1530 1615 1738 1665 doctrina,

228 1688 290 1728 ita
322 1687 535 1740 elegantia
564 1686 711 1727 iudicii
741 1686 1010 1739 praestitisse
1042 1685 1330 1739 posteriorum
1364 1684 1594 1738 plerisque,
1625 1683 1739 1737 quod

230 1756 359 1797 etiam
382 1756 521 1797 minus
544 1754 824 1796 attenderunt
854 1758 1008 1808 poetae
1037 1755 1324 1807 insequentes,
1356 1752 1422 1794 vel
1453 1753 1487 1794 si
1521 1755 1739 1793 constaret

229 1825 470 1875 etiamtum,
515 1823 671 1877 quibus
712 1824 841 1864 animi
883 1822 1110 1864 affectibus
1152 1821 1440 1876 exprimendis
1483 1821 1738 1862 inservirent

229 1893 395 1935 numeri
417 1892 585 1945 singuli,
616 1906 699 1933 non
730 1892 812 1933 erit
839 1892 1004 1932 mirum.
1057 1891 1200 1941 veluti,
1231 1894 1279 1931 ut
1305 1890 1386 1931 1100
1410 1891 1605 1943 exemplo
1627 1894 1737 1939 utar,

230 1962 487 2015 quantillum
532 1961 757 2014 gravitatis
804 1961 846 2000 in
891 1960 1038 2001 metris
1081 1959 1245 2001 habent
1279 1959 1456 2000 Ausonii
1496 1957 1739 2012 parentalia

230 2030 443 2083 quaedam
475 2030 568 2084 [273
603 2029 687 2083 28].
739 2043 849 2082 quae
881 2043 906 2070 a
937 2029 1078 2070 verbis
1109 2028 1321 2081 incipiunt
1350 2028 1488 2068 hisce:
1528 2025 1586 2067 ‘el
1617 2029 1739 2067 (weila

239 2101 412 2139 Veneria
436 2101 678 2148 properiter
701 2095 849 2146 obiit',·
894 2095 1043 2148 ‘parva
1076 2101 1194 2138 eliam
1222 2099 1307 2147 fuit
1328 2092 1506 2144 Idalia',·
1545 2098 1590 2136 at
1611 2108 1739 2148 quam

230 2167 407 2207 nimium
440 2166 491 2206 de
524 2165 841 2219 professoribus
864 2165 1248 2218 Burdigalensibus
1271 2164 1461 2206 carmina
1496 2163 1740 2218 systematis

233 2235 478 2276 constantia
510 2234 726 2288 sapphicis
757 2235 799 2288 [7
814 2250 823 2286 3
859 2235 915 2289 8}
976 2248 1105 2287 porro
1139 2233 1480 2286 quotusquisque
1512 2231 1741 2285 spondebit

230 2317 313 2344 non
344 2317 467 2356 posse
500 2302 722 2343 Prudentii
754 2303 989 2343 carminum
1021 2302 1253 2356 lyricorum
1286 2305 1441 2342 cuncta
1470 2300 1630 2341 interse
1664 2301 1739 2340 1111-

229 2372 389 2412 mutari
429 2375 587 2422 metra,
629 2385 714 2412 non
752 2375 800 2412 ut
832 2371 1136 2412 detrimentum
1170 2370 1343 2424 capiant
1373 2374 1518 2410 tamen
1549 2369 1739 2410 rationes

230 2440 439 2490 musicae,
484 2453 666 2492 quarum
709 2443 784 2480 aut
826 2439 944 2480 nulla
985 2443 1060 2480 aut
1100 2452 1314 2492 perparva
1346 2452 1450 2479 cura
1482 2439 1521 2478 ei
1556 2436 1739 2478 habita?

231 2509 379 2561 itaque
412 2521 495 2548 11011
518 2507 718 2548 fallemur
740 2507 920 2548 dicendo
944 2507 1103 2548 saeculi
1127 2507 1271 2560 quarti
1295 2506 1519 2559 quintique
1542 2509 1739 2546 auctores

230 2580 409 2630 excepto
456 2589 540 2616 uno
586 2575 770 2617 fortasse
809 2575 1045 2616 Claudiano
1094 2575 1247 2628 exiguo
1296 2574 1527 2616 admodum
1571 2574 1739 2614 delectu

231 2644 521 2685 diversissima
550 2657 629 2696 pro
661 2639 842 2685 arbitrio
880 2643 1129 2684 adhibuisse
1167 2647 1324 2693 metra,
1366 2643 1500 2684 solam
1542 2641 1737 2694 equidem

231 2713 486 2753 varietatem
519 2716 580 2763 et,
622 2716 833 2765 quatenus
874 2725 951 2765 per
987 2715 1183 2764 tempora
1214 2711 1390 2761 licebat,
1431 2711 1612 2751 nitorem
1647 2723 1739 2750 ver-

232 2795 353 2821 suum
385 2784 641 2834 spectantes.
703 2784 832 2832 atque
867 2783 1049 2833 apparet
1081 2780 1209 2820 etiam
1240 2779 1310 2820 hic
1342 2778 1574 2820 scholicam
1606 2777 1738 2831 pluri—

231 2863 344 2890 mum
378 2849 562 2890 valuisse
596 2848 846 2889 doctrinam.
907 2848 1104 2901 proxima
1146 2852 1290 2889 verost
1316 2848 1625 2888 intermortuae
1657 2846 1738 2886 arti

231 2932 301 2958 ars
335 2931 396 2968 ea,
428 2918 547 2958 cuius
580 2917 752 2970 ignores
781 2916 970 2957 rationes
1004 2929 1055 2956 ac
1086 2915 1327 2957 facultates.
