1898 3292
198 235 277 272 140
775 241 894 266 LIBER
913 241 1123 267 SECVNDVS.

195 343 426 385 mutabiles
457 344 649 398 ipsorum
679 343 814 397 leges,
847 343 986 397 qualis
1019 347 1083 384 est
1114 347 1161 384 ut
1192 348 1298 397 puta
1330 345 1467 397 quinti
1498 345 1540 385 in
1572 345 1702 386 hexa-

192 416 328 453 metro
363 411 534 466 dactyli,
567 411 899 465 exceptionibus
923 411 1083 453 talibus
1114 415 1305 465 pateant,
1339 412 1494 466 quibus
1525 415 1701 467 propria

193 495 339 522 eorum
373 480 560 534 qualitas
593 480 788 522 efficitur.

307 550 361 590 At
393 563 418 589 a
460 548 642 590 circuitu
680 553 915 590 metrorum
960 553 1002 590 et
1043 548 1201 602 pedum
1243 549 1486 591 substantia
1527 550 1702 604 regulae

191 631 426 671 provenere
459 617 579 658 tales.
641 617 826 671 primum
868 631 951 670 quo
993 617 1087 670 quis
1131 616 1299 670 longior
1339 621 1403 659 est
1443 632 1611 669 versuS,
1654 633 1702 660 eo

191 685 336 739 plures
369 684 559 726 admittit
597 686 888 739 exceptiones,
930 685 1047 726 illam
1089 685 1261 739 quidem
1304 685 1358 727 ob
1390 700 1566 728 causam
1599 687 1704 728 satis

192 758 407 808 apertam,
455 753 571 807 quod
613 754 655 794 in
694 753 874 805 talibus,
920 754 1025 795 sicui
1075 754 1191 808 parti
1231 754 1334 796 insit
1377 755 1608 808 asperitas,
1653 769 1704 797 ea

191 823 451 864 relicuarum
489 826 617 864 aucta
649 823 864 876 elegantia
896 824 1164 877 compensari
1187 823 1311 876 quasi
1330 827 1475 876 potest
1498 829 1539 865 et
1562 837 1702 865 emen-

192 890 297 932 dari.
358 905 488 945 porro
530 891 730 932 licentiae
763 905 788 932 a
818 891 973 945 pedum
1004 891 1270 945 proprietate
1290 891 1602 934 'descendentis
1634 892 1704 933 hic

191 962 259 1000 est
288 959 503 1010 modulus,
542 959 639 1013 plus
670 963 718 1001 ut
747 959 939 1001 habeant
969 959 1183 1001 libertatis
1215 959 1374 1014 dactyli
1407 963 1448 1001 et
1480 961 1704 1015 anapaesti

195 1042 323 1081 quam
355 1028 550 1069 trochaei
582 1031 624 1069 et
645 1028 788 1079 iambi,
821 1028 887 1069 his
910 1032 1054 1069 autem
1077 1028 1215 1069 minus
1240 1029 1368 1069 etiam
1391 1029 1526 1070 mixta
1549 1043 1704 1082 genere

194 1111 470 1138 numerorum
502 1100 704 1150 utroque,
736 1096 889 1138 horum
922 1101 1066 1138 tamen
1097 1101 1145 1138 ut
1177 1097 1322 1138 variae
1353 1100 1501 1151 partes
1532 1111 1609 1151 pro
1643 1097 1704 1139 di-

191 1165 395 1207 versitate
436 1165 594 1219 pedum
644 1165 914 1207 differentem
957 1179 1151 1207 normam
1194 1170 1442 1219 sequantur.
1515 1170 1703 1208 ceterum

195 1237 237 1275 et
271 1247 419 1275 eorum
452 1248 665 1285 versuum,
699 1234 771 1287 qui
802 1248 887 1275 uno
919 1234 1154 1287 eodemque
1175 1238 1432 1287 perpetuum
1456 1235 1704 1276 continuato

194 1302 301 1357 pede
333 1302 586 1354 decurrunt,
628 1302 869 1344 intenditur
900 1304 1124 1353 severitas,
1165 1306 1255 1344 tum
1290 1316 1386 1343 cum
1418 1302 1705 1345 excluduntur

193 1385 268 1413 seu
295 1371 553 1413 necessitate
589 1371 676 1412 sive
709 1370 890 1413 arbitrio
922 1372 1088 1413 numeri
1131 1371 1186 1422 ei,
1231 1385 1338 1425 quos
1378 1371 1568 1425 legitime
1607 1386 1704 1426 per-

191 1443 359 1481 mutare
382 1439 691 1494 perinissumst.
735 1439 861 1493 quale
883 1439 1018 1481 habes
1042 1439 1198 1481 Catulli
1220 1443 1358 1481 metro
1380 1439 1462 1481 hoc
1493 1438 1704 1491 ‘phaselus

192 1512 270 1558 ille,
304 1522 417 1560 quem
449 1511 594 1550 videtis
626 1506 826 1560 Izospz'tes'
875 1512 917 1550 et
939 1508 1088 1550 Sereni
1119 1509 1196 1550 tali
1240 1507 1391 1560 ‘inquit
1420 1512 1572 1550 amicus
1603 1523 1705 1561 ayer

194 1574 392 1626 dome‘no',
436 1590 457 1618 e
488 1576 644 1631 quibus
678 1576 863 1619 alterum
895 1577 1031 1619 solum
1066 1576 1304 1632 dactylum,
1345 1576 1536 1619 iambum
1568 1577 1705 1619 solum

192 1645 347 1700 recipit
378 1645 509 1700 prius.
561 1659 746 1699 namque
775 1646 810 1687 is
843 1645 1012 1688 omnino
1046 1649 1228 1700 apparet
1259 1659 1350 1687 mos
1378 1649 1603 1687 auctorum
1624 1646 1705 1687 La-

191 1714 392 1765 tinorum,
436 1714 540 1756 satis
573 1714 744 1768 quidem
775 1714 978 1756 notabilis
1011 1715 1253 1767 ceterisque
1285 1728 1431 1756 eorum
1464 1714 1704 1756 rationibus

193 1796 429 1837 congruus,
476 1796 560 1836 quo
592 1782 729 1836 magis
762 1782 942 1824 subtiles
976 1783 1060 1823 sint
1100 1796 1150 1824 ao
1187 1782 1395 1824 laboriosi
1435 1796 1607 1834 versus,
1655 1797 1704 1825 eo

192 1852 438 1894 accuratius
476 1855 524 1894 ut
567 1851 829 1894 excolantur.
895 1851 1058 1893 scilicet-
1097 1851 1223 1893 aliter
1265 1852 1448 1906 primam
1494 1853 1703 1907 composi-

192 1921 321 1963 tionis
354 1920 612 1974 elegantiam
643 1921 759 1963 velut
791 1920 1054 1975 degenerare
1088 1921 1399 1963 existimarunt.

308 1989 359 2030 H.
411 1989 576 2031 Deinde
601 1989 689 2031 late
721 1992 874 2044 patens
907 1989 1031 2031 venia
1052 1988 1294 2041 verborum,
1328 1989 1483 2043 quibus
1507 1993 1705 2032 constant

191 2072 360 2109 versus,
402 2058 541 2112 spatio
583 2071 634 2099 ac
674 2058 944 2112 proprietate
989 2058 1136 2099 oritur.
1209 2071 1260 2099 ac
1302 2058 1485 2112 primum
1532 2058 1704 2113 quidem

190 2126 370 2168 liberius
401 2126 616 2168 habentur
648 2140 773 2168 voces
805 2126 990 2181 plurimo
1021 2141 1102 2168 usu
1144 2127 1379 2168 communis
1421 2127 1534 2169 vitae
1574 2127 1704 2169 tritae

193 2199 235 2236 et
280 2195 571 2247 necessariae,
618 2194 767 2249 quales
814 2198 912 2236 sunt
959 2195 1300 2246 coniunctiones,
1346 2196 1703 2250 praepositiones,

193 2263 417 2315 adverbia,
458 2264 714 2319 pronomina
758 2267 800 2305 et
834 2266 883 2305 ut
915 2277 1111 2318 quaeque
1143 2277 1245 2318 pars
1273 2264 1480 2306 orationis
1510 2265 1705 2318 proxime

195 2332 364 2374 accedit
402 2332 457 2374 ad
497 2333 679 2374 istarum
726 2332 1026 2386 frequentiam.
1073 2357 1130 2363 —
1177 2346 1307 2387 porro
1353 2333 1604 2387 perspicuas
1650 2333 1704 2375 ob

197 2415 349 2442 causas
380 2400 550 2443 facilius
589 2401 833 2455 migrantur
860 2401 977 2454 leges
1010 2400 1210 2443 carminis
1241 2401 1285 2442 in
1316 2401 1547 2443 multarum
1579 2401 1704 2456 sylla-

192 2469 345 2512 barum
379 2483 506 2524 quam
539 2469 664 2511 unius
695 2469 761 2511 vel
783 2469 965 2528 duarum
986 2469 1175 2511 vocibus.
1225 2483 1325 2511 nam
1356 2483 1440 2523 quo
1463 2469 1545 2511 erit
1566 2470 1705 2512 minus

193 2542 297 2593 apta
327 2538 516 2580 numeris
546 2551 648 2592 pars
682 2538 907 2590 orationis,
947 2551 997 2580 eo
1036 2538 1162 2580 citius
1193 2552 1342 2580 ansam
1373 2537 1601 2593 praebebit
1632 2552 1702 2580 ex-

194 2606 483 2661 ceptionibus,
524 2606 680 2660 quibus
712 2611 849 2649 metro
880 2606 1239 2649 accommodetur.
1302 2611 1492 2649 ceterum
1526 2620 1610 2648 non
1641 2607 1704 2648 in-

194 2678 292 2729 epte
335 2674 542 2717 addemus
582 2675 626 2716 in
668 2675 936 2729 adsignanda
978 2674 1293 2718 difficilioribus
1330 2675 1472 2718 verbis
1502 2674 1704 2717 libertate

192 2744 364 2785 nativae
405 2747 575 2786 tantum
620 2758 767 2785 eorum
808 2743 975 2785 formae
1016 2743 1219 2786 habuisse
1260 2744 1472 2786 rationem
1515 2743 1704 2785 Graecos

193 2825 244 2853 ao
274 2812 467 2863 Latinos,
509 2826 593 2853 non
632 2812 723 2854 eius
763 2825 874 2865 quae
916 2812 1092 2853 elisione
1124 2812 1314 2854 admissa
1343 2816 1491 2866 posset
1522 2812 1702 2854 evenire.

191 2906 244 2911 -—
288 2880 362 2922 sed
407 2880 637 2934 plurimum
676 2880 774 2922 inde
813 2880 866 2922 ab
899 2880 1075 2922 Homeri
1109 2884 1152 2922 et
1182 2880 1360 2922 Hesiodi
1394 2884 1538 2922 aetate
1568 2893 1703 2934 usque

194 2948 249 2990 ad
272 2949 505 3003 Georgium
536 2949 724 2991 Pisidam
756 2953 799 2991 et
819 2949 1058 3003 Eugenium
1081 2949 1335 2991 Toletanum
1365 2948 1559 2991 versibus
1589 2948 1704 2990 venit
