1898 3292
281 215 359 250 {344
945 222 1063 243 {Nm-..x
1088 222 1111 245 Η

395 338 592 363 versuum
634 323 764 375 pedes
815 337 892 375 pro
935 322 1182 363 condicione
1231 336 1308 362 sua
1347 321 1547 362 licentiae
1590 321 1783 363 diversae

286 397 361 433 1:55»
395 407 454 445 sq.

395 475 592 501 versuum
626 460 916 518 sotadicorum
949 459 1193 512 frequentia
1234 462 1320 499 111.
1357 462 1448 499 5252.

395 529 640 581 vespertilio
676 532 751 568 541
785 542 846 581 sq.

397 597 589 637 Vesuius.
624 597 799 637 Vesvius
832 600 925 637 293.

398 665 640 705 Victorinus
671 679 747 705 ein.
782 666 866 718 (pg.
904 668 1030 709 2523)
1070 667 1156 703 177.

397 734 518 775 viden
552 738 645 774 4223.

400 803 610 856 Vipsanus
645 806 737 842 flul.

399 872 561 911 viresco
593 872 686 911 45¹1.

402 940 461 978 vis
494 941 651 984 (arcus.
684 938 811 991 plur.)
845 942 936 977 473.

402 1009 519 1048 ulcus
553 1008 604 1047 (le
639 1023 783 1047 amore
816 1007 975 1046 dictum
1012 1010 1097 1046 1⁸7.

401 1076 605 1117 vocabula
640 1076 819 1116 liberius
854 1075 1036 1115 traiecta
1076 1079 1162 1114 12⁴».
1198 1079 1290 1113 2438.

401 1145 611 1186 vocabula
641 1144 938 1198 monosyllaba
959 1144 1000 1183 in
1023 1143 1105 1183 fine
1139 1142 1300 1183 ordinis
1334 1141 1498 1182 metrici
1529 1143 1670 1194 posita
1702 1146 1791 1181 2343.

288 1215 339 1256 of.
372 1220 450 1255 2335>
483 1229 543 1267 sq.

401 1282 612 1324 vocabula
643 1281 938 1336 monosyllaba
969 1281 1010 1321 in
1049 1280 1131 1321 fine
1170 1279 1408 1320 hexametri
1449 1279 1590 1332 posita
1634 1282 1724 1329 252,
1759 1283 1794 1319 3.

289 1352 339 1393 cf
376 1357 467 1394 278.

403 1421 613 1462 vocabula
643 1420 871 1474 plusquam
904 1418 1129 1473 trisyllaba
1160 1432 1234 1458 cur
1266 1417 1521 1471 displiceant
1550 1417 1592 1457 in
1622 1415 1706 1457 fine
1730 1430 1794 1457 or-

289 1491 399 1532 dinis
432 1491 599 1532 metrici
635 1493 726 1540 242,
761 1493 796 1530 3.
832 1493 924 1539 244,
959 1493 993 1528 ἴ).

404 1559 616 1601 vocabula
649 1559 776 1600 exilia
807 1558 932 1599 nimis
965 1571 1016 1598 ac
1044 1556 1239 1610 vulgaria
1279 1568 1363 1609 qua
1406 1557 1529 1608 parte
1560 1553 1685 1596 metri
1714 1568 1798 1596 non

290 1628 463 1683 placeat
493 1628 629 1669 locari
663 1631 740 1668 277
775 1641 835 1679 sq.

404 1696 614 1738 vocabula
646 1696 767 1737 initio
804 1695 1013 1736 enuntiati
1045 1694 1145 1747 poni
1177 1693 1310 1734 vetita
1345 1695 1435 1733 266.

405 1764 615 1806 vocabula
646 1764 890 1818 ponderosa
923 1767 964 1804 et
998 1763 1145 1816 gravia
1177 1776 1260 1803 non
1299 1761 1421 1803 decet
1464 1760 1715 1802 delitescere
1756 1759 1799 1800 in

291 1835 402 1876 thesi
437 1838 529 1874 278.

406 1902 712 1944 vocabulorum
744 1916 822 1955 pro
855 1901 996 1955 spatio
1026 1915 1076 1941 ac
1107 1900 1373 1954 proprietate
1396 1899 1565 1941 diversa
1591 1899 1634 1939 in
1663 1902 1799 1939 metro

290 1973 466 2013 licentia
503 1976 593 2022 140,
632 1975 663 2011 1.
698 1974 790 2012 333.
825 1970 877 2011 al.
911 1983 1051 2022 saepe.

408 2040 715 2081 vocabulorum
757 2038 967 2080 formulae
1012 2038 1128 2079 velut
1170 2036 1334 2091 ‘paullo
1365 2033 1481 2077 ante'
1526 2035 1662 2077 ‘certe
1700 2049 1776 2088 ego

288 2107 409 2162 ‘ergo
441 2106 533 2149 ubi'
573 2111 663 2149 333.
700 2111 792 2148 343.
826 2107 878 2148 al.

407 2177 566 2218 vocalis
596 2177 738 2218 brevis
768 2175 981 2230 producta
1011 2176 1053 2216 in
1087 2175 1225 2216 medio
1248 2173 1379 2216 verbo
1403 2173 1569 2215 Graeco
1597 2176 1801 2226 sequente

293 2247 429 2288 vocali
462 2250 553 2287 239.

409 2314 568 2356 vocalis
614 2313 755 2355 brevis
803 2313 1017 2367 producta
1067 2314 1110 2354 in
1158 2312 1334 2354 Graecis
1383 2310 1640 2364 quibusdam
1687 2310 1803 2351 velut

287 2382 496 2425 ‘Codrus’
529 2386 733 2436 sequente
765 2386 884 2423 muta
916 2396 1010 2422 cum
1040 2381 1204 2434 liquida
1241 2384 1332 2422 3s4.

410 2452 568 2492 vocalis
599 2451 728 2504 longa
760 2454 959 2504 correpta
989 2464 1013 2490 a
1046 2449 1291 2490 christianis
1317 2451 1522 2502 sequente
1555 2451 1674 2488 muta
1707 2461 1802 2488 cum

293 2520 458 2573 liquida
492 2523 584 2560 3⁵4.

408 2589 567 2629 vocalis
612 2588 741 2641 longa
790 2591 989 2640 correpta
1036 2600 1113 2640 per
1158 2585 1467 2627 derivationem
1521 2588 1726 2637 sequente
1771 2584 1801 2624 il

297 2659 402 2711 (sive
435 2658 490 2705 ol)
520 2657 652 2706 brevi,
684 2657 784 2697 item
821 2659 1025 2708 sequente
1058 2655 1194 2696 vocali
1227 2654 1356 2707 longa
1388 2657 1481 2694 447.

410 2725 619 2766 vocalium
649 2725 934 2765 communium
968 2723 1126 2764 moduli
1155 2723 1214 2763 IX
1251 2727 1428 2763 13—15.
1467 2725 1526 2763 16.
1559 2722 1713 2762 tertius
1742 2724 1800 2761 16.

410 2794 629 2835 vocativus
661 2793 766 2834 decl.
798 2794 815 2834 Ι
846 2793 890 2833 in
921 2806 966 2832 -a
997 2793 1142 2833 exiens
1175 2795 1268 2832 459.
1313 2791 1364 2832 cf.
1398 2795 1491 2832 437.
1522 2795 1615 2831 490.
1661 2790 1703 2830 in
1736 2803 1803 2830 -ee

298 2867 393 2905 473.
427 2867 520 2904 432.
571 2863 614 2904 in
647 2863 704 2904 -ie
737 2865 830 2904 473.
865 2865 958 2902 495.
1020 2861 1239 2902 vocativus
1280 2874 1359 2915 pro
1402 2858 1663 2900 nominativo
1707 2862 1802 2902 484.

412 2932 638 2974 Volcacius
673 2946 750 2974 em.
786 2934 878 2973 537.
