1898 3292
184 241 262 279 252
787 250 906 275 LIBER
925 250 1099 276 TERTIVS.

182 356 279 394 sunt
311 352 596 393 existimandi.
649 366 775 405 quam
809 367 897 393 rem
931 353 1074 393 statim
1108 352 1303 406 probabo
1337 353 1554 406 exemplis.
1607 354 1690 394 vel-

180 422 243 462 uti
276 435 371 462 cum
402 421 590 462 Lucretii
621 421 720 462 libri
752 422 880 475 primi
911 422 1104 463 versibus
1133 436 1157 462 a
1190 422 1328 474 primo
1364 422 1417 462 ad
1451 422 1690 463 ducentesi-

180 505 294 531 mum
327 489 537 531 decimum
569 493 770 543 quartum
803 490 966 531 habeas
996 490 1212 531 laesarum
1244 490 1387 543 legum
1422 504 1528 543 quas
1561 505 1693 544 supra

184 558 385 612 proposui
418 558 615 612 exempla
647 558 786 608 XXII,
825 562 870 600 at
909 559 1083 600 hercule
1120 559 1163 598 in
1195 558 1341 599 Iliadis
1371 559 1478 599 initii
1510 559 1690 600 totidem

181 626 375 668 versibus
426 631 524 668 sunt
569 640 747 667 numero
793 627 981 667 LXVIII.
1043 630 1134 667 tum
1186 627 1227 667 in
1280 627 1420 667 ult-imi
1465 627 1692 667 voluminis

178 696 329 749 primis
371 699 540 736 centum
572 695 783 736 Homerus
825 695 983 736 viciens
1030 696 1235 749 septiens.
1286 695 1358 736 ille
1401 695 1571 737 deciens
1616 696 1691 737 mi-

180 764 320 817 gravit
350 764 556 817 regulam.

294 833 431 887 Igitur
452 832 730 873 vetustissimi
759 847 854 873 cum
877 846 1005 886 saepe
1029 832 1316 886 neglexissent
1339 833 1489 886 legem,
1523 833 1692 874 facilius

181 902 353 956 quidem
385 902 534 955 quinto
567 915 694 954 quam
718 905 839 943 sexto
861 900 982 954 pede,
1014 901 1140 954 longe
1162 905 1306 942 tamen
1331 901 1458 942 aliam
1481 902 1690 942 rationem

180 975 356 1012 tenuere
402 970 629 1020 neoterici,
677 970 792 1023 quod
833 974 875 1010 et
919 969 1076 1010 Catulli
1118 960 1379 1011 carminibus
1423 974 1606 1023 apparet
1651 974 1693 1011 et

179 1040 406 1089 Varronis‚
456 1039 523 1079 cui
565 1039 618 1080 ab
654 1041 786 1079 Atace
826 1052 1000 1079 nomen.
1041 1038 1302 1091 fragmentis.
1364 1052 1385 1079 e
1425 1038 1580 1091 quibus
1621 1039 1691 1079 ille

179 1108 368 1161 exceptis
415 1107 610 1148 versibus
664 1107 930 1160 spondiacis,
990 1121 1096 1160 quos
1143 1110 1235 1147 arte
1283 1111 1323 1147 et
1371 1106 1546 1147 consilio
1595 1122 1691 1148 con-

179 1176 383 1227 cinnavit„
423 1190 507 1216 non
546 1176 730 1230 amplius
761 1176 935 1216 triciens
983 1175 1113 1216 semel
1153 1176 1289 1227 legem
1333 1176 1526 1222 invertit,
1571 1177 1691 1229 quin-

180 1245 329 1298 quiens
363 1244 533 1286 deciens
564 1245 607 1285 in
635 1245 805 1285 nomine
836 1244 1023 1297 proprio.
1072 1244 1295 1285 intendere
1318 1258 1407 1285 rem
1428 1244 1692 1297 insequentis

178 1314 270 1354 aevi
313 1317 468 1367 poetae
510 1317 551 1354 et
591 1314 755 1367 primus
796 1312 948 1353 horum
995 1313 1228 1365 Vergilius,
1277 1313 1396 1353 cuius
1447 1313 1602 1354 merita
1648 1314 1690 1354 in

179 1386 316 1423 artem
345 1382 569 1422 metricam
593 1382 844 1422 Latinorum
879 1395 929 1422 ea
962 1381 1145 1422 maxime
1178 1395 1224 1422 re
1258 1381 1543 1431 continentur,
1577 1382 1690 1435 quod

179 1450 487 1504 aequalitatem
520 1464 795 1491 numerorum
829 1450 1081 1493 hexametri.
1114 1450 1165 1491 de
1199 1464 1284 1503 qua
1309 1438 1442 1503 supra
1475 1450 1573 1493 dixi,
1606 1451 1690 1491 iam

159 1520 392 1560 ,firmatam
425 1532 450 1559 a
481 1519 658 1560 novellis
687 1519 826 1573 poetis
859 1519 1055 1572 exemplo
1100 1532 1175 1560 suo
1219 1523 1261 1559 et
1292 1519 1470 1573 propria
1505 1519 1691 1560 auctori-

177 1592 268 1629 tate
304 1587 602 1641 comprobavit
628 1587 966 1640 insequentibus.
1028 1588 1161 1640 igitur
1201 1588 1299 1628 inde
1345 1587 1399 1628 ab
1442 1588 1523 1629 hoc
1554 1588 1597 1629 id
1629 1592 1691 1629 te-

178 1670 310 1698 nuere
339 1659 494 1709 poet-ae
527 1655 694 1697 classici
727 1656 918 1709 exceptis
948 1656 1152 1703 satiriciS,
1195 1661 1243 1697 ut
1284 1660 1326 1697 et
1364 1657 1582 1698 rarissime
1615 1671 1692 1697 nec

178 1739 382 1778 umquam
424 1724 514 1765 fere
561 1725 640 1765 nisi
685 1725 875 1778 legitime
922 1738 1125 1766 concessa
1162 1725 1285 1766 venia
1330 1724 1517 1766 finientis
1560 1725 1692 1766 hexa-

179 1793 305 1834 metri
345 1793 568 1835 laederent
610 1793 795 1846 regulas.
855 1794 1040 1834 maxime
1083 1796 1226 1834 aut-em
1271 1793 1434 1846 placuit
1470 1793 1692 1835 discedere

179 1876 204 1903 a
227 1865 348 1903 sueto
370 1876 451 1903 usu
477 1862 520 1902 in
554 1862 772 1915 exemplis,
805 1876 916 1915 quae
946 1862 1159 1915 praeisset
1183 1862 1405 1915 Vergilius,
1438 1862 1549 1903 sicut
1577 1862 1691 1916 apud

181 1931 371 1972 Graecos
403 1931 611 1985 pleraque
645 1931 944 1984 exceptionum
976 1931 1020 1971 in
1052 1930 1292 1972 Homericis
1323 1931 1576 1972 tolerarunt.

293 1999 378 2041 Sed
418 1998 586 2052 singula
628 2003 860 2052 antequam
905 1999 1119 2040 declarem
1163 1999 1322 2041 additis
1365 2000 1587 2053 exemplis,
1630 2000 1691 2041 di-

180 2067 361 2109 cendum
393 2082 521 2120 quam
554 2071 670 2108 recte
699 2068 825 2121 vulgo
857 2071 1076 2109 statuatur
1107 2068 1174 2109 vel
1207 2082 1229 2109 a
1264 2069 1511 2109 cultissimis
1544 2072 1691 2109 aucto-

180 2136 321 2187 ribus,
364 2139 412 2177 ut
450 2139 525 2177 aut
566 2136 822 2189 gravitatem
867 2141 941 2177 aut
980 2137 1207 2178 ridiculum
1251 2137 1461 2178 adderent
1491 2137 1690 2185 numeris,

178 2205 346 2260 finitum
380 2218 471 2246 esse
508 2204 726 2245 interdum
763 2205 1061 2246 hexametrum
1103 2205 1397 2260 monosyllabo
1429 2205 1581 2254 verbo,
1625 2206 1690 2246 cui

178 2273 459 2327 praecederet
489 2273 816 2328 polysyllabum.
871 2274 986 2326 quod
1017 2288 1092 2315 cur
1122 2274 1356 2315 irrideatur
1386 2278 1435 2315 ut
1457 2274 1689 2315 absurdum

179 2356 202 2382 a
245 2341 461 2394 Madvigio
504 2342 631 2397 [bem.
663 2342 733 2383 ab.
765 2342 1069 2383 verschiedene
1100 2342 1262 2396 punkte
1295 2343 1371 2383 der
1399 2343 1472 2384 lat.
1506 2342 1690 2396 sprachl.

177 2425 216 2463 p.
251 2414 346 2464 87j‚
389 2410 588 2463 equidem
632 2424 716 2452 non
756 2410 972 2463 intellego.
1035 2411 1190 2452 etenim
1233 2426 1328 2452 cum
1368 2411 1576 2451 miraculo
1614 2412 1691 2453 im—

179 2478 351 2531 proviso
403 2479 604 2520 remissos
654 2479 872 2532 percutiat
920 2479 1084 2520 animos
1130 2493 1333 2520 numerus
1381 2479 1425 2520 in
1469 2480 1562 2532 ipso
1608 2478 1691 2519 fine

180 2546 356 2596 alienus,
390 2551 573 2599 apparet
602 2561 686 2588 non
720 2547 868 2600 gravia
896 2547 1035 2591 minus
1067 2562 1197 2601 quam
1227 2549 1373 2589 iocosa
1402 2562 1451 2589 eo
1473 2561 1598 2601 posse
1621 2561 1691 2588 ex-

177 2614 316 2668 primi.
378 2615 473 2667 quis
512 2615 621 2655 enim
659 2616 830 2668 ignorat
862 2619 1055 2657 extrema
1088 2630 1285 2669 quaeque
1316 2616 1433 2658 haud
1464 2630 1563 2657 raro
1599 2630 1690 2657 esse

179 2683 327 2724 affinia
366 2683 527 2724 interse
567 2687 609 2724 et
652 2683 886 2736 contigua?
927 2710 981 2714 —
1024 2698 1074 2725 ac
1113 2688 1257 2725 tamen
1299 2699 1368 2726 res
1410 2685 1522 2738 ipsa,
1563 2688 1691 2738 prout

178 2753 304 2804 vulgo
338 2751 656 2801 circumfertur,
701 2765 786 2792 non
827 2752 998 2805 quidem
1039 2752 1216 2806 ineptis,
1261 2753 1335 2794 sed
1375 2753 1496 2794 falsis
1538 2754 1691 2793 nititur

178 2819 431 2860 rationibus.
494 2833 605 2872 quae
652 2820 865 2872 quomodo
912 2820 1095 2871 habeat,
1144 2821 1229 2862 iam
1278 2822 1482 2875 aperiam.
1543 2822 1689 2874 itaque

179 2902 274 2928 cum
315 2887 430 2941 apud
472 2887 706 2928 Homerum
751 2891 896 2929 extent
937 2888 1149 2941 quaedam
1193 2893 1332 2929 metra
1376 2889 1499 2930 finita
1544 2903 1689 2929 mono-

180 2955 343 3012 syllabo
378 2970 472 2997 cum
504 2955 737 2997 accedent-e
763 2956 1043 3010 polysyllab0‚
1078 2971 1188 3010 quae
1210 2958 1377 3011 possint
1398 2957 1532 2998 videri
1555 2957 1688 3010 supti-
