1898 3292
717 224 953 250 opvscvnvm
971 225 1023 250 1v.
1538 219 1617 257 593

229 323 408 366 Mirifice
440 329 583 367 autem
615 325 818 367 delectati
849 326 1032 380 Porfyrii
1064 327 1366 381 Venantiique,
1412 329 1484 381 qui
1525 328 1618 369 imi-

112 396 230 434 tatus
276 397 341 434 est
387 407 498 443 eum,
550 394 795 447 praestigiis
844 395 958 435 docti
1001 395 1316 448 insequentium
1362 400 1616 450 temporum.

112 474 210 501 nam
265 461 424 502 similia
475 466 780 515 prompserunt
826 462 1077 512 Rhabanus,
1131 463 1350 513 Alcuinus,
1398 465 1616 518 Iosephus,

113 529 366 579 Teudulqu,
409 529 592 583 denique
634 531 805 571 saeculo
847 530 884 570 X
924 530 1044 571 Abho
1089 531 1158 585 [cf.
1193 531 1413 586 Polycarp.
1446 533 1616 587 Leyser.

112 598 208 639 hist.
234 597 341 638 med.
366 599 458 638 aevi
484 601 596 652 poet.
617 612 685 652 pg.
708 602 810 650 3013
844 613 971 640 carm.
994 614 1045 640 m.
1067 600 1170 648 aevi,
1195 600 1258 640 ed.
1277 600 1331 641 ab
1357 601 1407 641 H.
1427 601 1617 653 Hageno,

112 680 180 720 pg.
218 666 327 720 115].

225 734 314 775 Iam
346 734 510 784 horum,
544 735 595 775 de
627 735 782 788 quibus
814 738 938 776 modo
970 736 1159 789 exposui,
1191 736 1474 778 ludibriorum
1508 752 1617 791 quae

110 802 354 843 litterarum
386 802 554 844 facetiis
587 804 799 853 oriuntur,
841 804 1003 845 habent
1043 809 1204 845 certam
1247 806 1462 858 quandam
1504 807 1615 847 utili-

110 874 255 911 tatem.
303 870 467 911 scilicet
496 875 639 924 potest
671 885 722 912 ex
745 873 804 912 eis
828 872 1129 925 plerorumque
1152 872 1378 914 verborum
1404 875 1618 927 scriptura
1680 883 1683 886 '

112 942 229 979 certo
272 939 483 992 cognosci,
530 953 611 980 non
655 939 832 981 alterius
874 941 1062 982 auctoris
1096 941 1235 982 Latini
1268 956 1369 983 usus
1400 956 1537 995 aeque
1570 947 1616 983 ut

111 1007 166 1048 sit
197 1010 371 1060 apertus
402 1012 612 1060 notusque
653 1022 703 1048 ac
734 1008 916 1062 Porfyrii
958 1010 1021 1049 vel
1057 1010 1264 1051 Venantii.
1327 1010 1433 1051 hacc
1474 1016 1614 1052 autem

111 1076 253 1129 quarti
287 1076 481 1128 sextique
512 1091 550 1129 p.
583 1076 678 1117 Chr.
705 1091 742 1117 n.
776 1077 934 1118 saeculi
967 1079 1213 1119 testimonia
1244 1079 1340 1119 ideo
1373 1080 1614 1133 inscriptio-

111 1158 212 1185 num
244 1144 310 1185 vel
341 1145 631 1197 antiquiorum
673 1145 889 1198 plerisque
931 1150 1029 1186 sunt
1071 1147 1258 1199 potiora,
1299 1148 1412 1200 quod
1451 1148 1531 1189 hae
1571 1154 1617 1189 ut

108 1212 337 1266 plurimum
385 1213 648 1266 sculptorum
701 1218 830 1266 atque
883 1214 1079 1255 similium
1132 1215 1349 1268 imperitia
1399 1216 1615 1257 hominum

108 1280 280 1321 incultis
322 1284 619 1334 temperantur
668 1281 876 1332 arbitriis,
929 1287 973 1323 at
1014 1282 1088 1323 illa
1133 1283 1329 1325 doctrina
1372 1284 1616 1337 iudicioque

109 1349 296 1389 virorum
341 1348 580 1390 liberaliter
631 1349 908 1391 eruditorum.
987 1365 1083 1391 nam
1134 1353 1285 1405 nequis
1338 1353 1487 1393 credat
1538 1353 1615 1393 hos

109 1416 363 1458 difficultate
399 1418 538 1471 operis
560 1418 694 1459 victos
724 1418 930 1472 pleraque
963 1419 1152 1460 barbara
1184 1420 1405 1462 admisisse
1436 1421 1478 1461 in
1500 1422 1616 1475 leges

109 1485 464 1539 orthographiae,
505 1499 556 1527 ea
586 1500 631 1527 re
662 1491 874 1537 vetamur,
916 1488 1028 1540 quod
1073 1502 1218 1529 eorum
1258 1490 1496 1542 scriptume
1528 1490 1615 1543 ple-

107 1568 288 1606 rumque
321 1568 414 1595 cum
445 1555 626 1595 firmatis
657 1556 815 1608 optime
847 1555 1018 1608 alioqui,
1052 1557 1200 1609 quales
1225 1558 1415 1598 Mediceo
1439 1558 1615 1610 Vergilii

111 1622 257 1662 codice
287 1626 328 1663 et
357 1623 474 1676 paris
515 1623 786 1676 antiquitatis
827 1624 948 1664 libris
989 1625 1262 1675 exhibentur,
1306 1626 1530 1667 mirificum
1574 1628 1613 1667 in

110 1690 280 1731 modum
313 1691 601 1742 consentiunt,
640 1695 688 1733 ut
718 1696 928 1746 appareat
961 1697 1178 1742 auctores,
1209 1708 1301 1735 cum
1338 1696 1544 1736 sermonis
1575 1701 1615 1736 et

110 1763 345 1800 metrorum
369 1759 562 1813 adeoque
593 1759 758 1813 logicae
790 1760 905 1814 leges
937 1761 1169 1814 aliquando
1199 1761 1433 1813 laederent,
1464 1764 1504 1803 in
1535 1764 1616 1804 hac

107 1831 251 1868 tamen
284 1832 409 1881 parte
450 1828 581 1870 fuisse
621 1828 881 1870 ambitiosos.
914 1831 1120 1871 memoria
1154 1835 1296 1872 autem
1330 1831 1457 1883 digna
1500 1832 1614 1885 apud

109 1895 351 1949 Porfyrium
388 1896 495 1937 haec
535 1896 668 1938 ferme
710 1898 958 1938 invenimus.
992 1923 1049 1928 —-
1080 1899 1263 1952 primum
1296 1900 1467 1952 quidem
1501 1901 1614 1953 quod

111 1968 330 2005 auctorem
353 1979 448 2015 non,
481 1969 529 2006 ut
550 1965 676 2018 vulgo
707 1965 766 2016 fit,
805 1966 892 2006 dixi
925 1970 1209 2019 Porphyrium,
1241 1968 1375 2021 ipsius
1407 1968 1490 2009 fide
1522 1969 1614 2019 feci,

109 2036 158 2073 ut
189 2046 314 2086 quem
349 2047 381 2074 0.
414 2037 463 2076 21
507 2034 570 2074 ita
609 2047 762 2075 nomen
802 2049 923 2076 suum
967 2036 1189 2089 scripsisse
1222 2040 1398 2077 constet.
1457 2037 1518 2077 ita
1550 2041 1614 2085 23,

117 2104 163 2142 10
194 2100 351 2154 legitur
383 2105 510 2154 Fryoe.
557 2106 599 2143 et
630 2102 783 2143 similia
817 2103 941 2156 plura
974 2103 1180 2145 adnotata
1213 2104 1411 2145 editionis
1443 2110 1615 2147 nostrae

109 2182 177 2222 pg.
206 2169 381 2211 XXXII.
432 2170 542 2211 adde
575 2171 688 2224 quod
721 2171 836 2224 apud
868 2171 1063 2222 Felicem,
1097 2172 1148 2213 de
1181 2187 1264 2226 quo
1297 2187 1428 2226 supra
1460 2188 1615 2215 memo-

109 2238 201 2278 ravi
222 2238 265 2278 in
287 2238 368 2279 hoc
390 2239 608 2292 opusculo,
640 2239 744 2280 illud
777 2244 938 2291 tzgsmfae
969 2240 1034 2281 vel
1063 2241 1207 2294 potius
1238 2246 1386 2293 lynes‘ae
1416 2243 1615 2283 carminis

109 2309 202 2347 arte
234 2306 522 2348 confirmatur.

223 2374 457 2416 Praeterea
489 2375 679 2416 notanda
714 2376 888 2418 fuerunt
933 2377 1060 2418 haec:
1106 2383 1330 2429 amsi-aclas
1373 2379 1521 2433 [schol.
1551 2384 1615 2429 22,

114 2442 178 2496 ]];
210 2450 353 2484 artare
385 2443 471 2497 [26‚
510 2444 598 2498 11];
632 2451 722 2485 arto
755 2444 808 2486 ab
841 2452 957 2485 artus
989 2445 1045 2499 [3,
1069 2446 1162 2500 29];
1196 2460 1367 2487 ascensu
1397 2448 1517 2502 [2ob,
1549 2448 1614 2502 8];

111 2513 290 2552 Bacheia
333 2511 418 2565 [12‚
455 2512 544 2566 10],
577 2512 651 2553 sed
684 2512 786 2554 alibi
818 2516 966 2554 Bacchi
996 2514 1080 2568 [27,
1115 2515 1176 2568 ζ)],
1217 2517 1365 2555 Christi
1395 2516 1452 2570 [8,
1486 2521 1530 2567 53
1564 2516 1614 2557 cf.

111 2581 178 2629 24,
209 2583 256 2631 43
291 2579 380 2634 18];
423 2583 489 2621 dle
520 2581 655 2621 eiecto
691 2581 907 2634 digamma
948 2582 1032 2636 [22,
1066 2583 1131 2636 2],
1172 2582 1246 2623 sed
1278 2583 1379 2624 alibi
1412 2587 1499 2624 (line
1531 2585 1615 2639 [24,

111 2647 180 2701 7];
219 2651 393 2698 fecundi
437 2648 492 2701 [2,
525 2649 594 2702 4];
634 2654 725 2698 feta
760 2649 844 2703 [24,
878 2651 971 2704 24];
1018 2653 1140 2691 Foebi
1183 2651 1300 2704 [20a‚
1335 2652 1428 2705 25];
1469 2656 1615 2702 ylaelm

113 2714 262 2768 [schol.
295 2719 363 2765 18,
397 2716 489 2770 10];
536 2720 660 2767 qnare?
704 2717 764 2770 [5,
799 2718 892 2772 14];
939 2722 1150 2759 leezwanle's
1192 2718 1283 2771 [27‚
1318 2720 1384 2773 (5];
1428 2723 1616 2760 e'ammmc

113 2782 197 2836 [13‚
233 2784 297 2838 1];
339 2787 488 2836 inclyta
523 2785 606 2838 [16,
640 2788 683 2836 23
718 2786 811 2839 21];
849 2789 1119 2836 induperator
1152 2787 1236 2840 [15,
1271 2787 1336 2840 5];
1373 2791 1616 2838 immet-ator,-

111 2854 316 2902 imperare
357 2851 516 2905 ubique
555 2856 729 2906 praeter
770 2855 1011 2908 exemplum
1051 2855 1177 2896 modo
1229 2856 1437 2908 positum,
1490 2860 1614 2897 isdem

113 2918 234 2972 [QOb.
265 2920 357 2974 12],
390 2924 639 2972 medrllisero
674 2921 758 2975 [24,
788 2923 877 2976 12Ι;
916 2927 1084 2978 νομίζιν
1105 2937 1183 2977 pro
1208 2926 1399 2978 νομίζειν
1424 2926 1496 2977 [μμ
1525 2926 1616 2979 138]3

178 2998 418 3029 L.Mue11eri;
444 3001 486 3025 ne
508 3008 526 3024 r.
548 3008 583 3026 m.
603 3009 629 3031 p.
651 3002 682 3026 L.
1299 2994 1342 3025 ὃὸ
