1898 3292
294 231 316 269 2
325 232 342 269 1
351 232 376 270 Ο
891 237 1011 263 LIBER
1029 236 1204 262 TERT1vs.

293 342 504 391 muniant,
552 355 812 393 quamquam
855 344 1031 393 stupore
1078 344 1119 380 et
1160 339 1376 392 imperitia
1416 343 1641 380 auctorum
1685 342 1802 379 vetu—

293 411 471 452 stiorum
504 413 740 463 praecepta
779 409 928 461 utique
971 408 1101 461 plana
1144 412 1186 448 et
1224 411 1343 448 certa
1384 407 1438 448 ab
1478 407 1563 448 illis
1596 410 1697 448 sunt
1728 407 1802 447 ob-

292 483 477 520 scurata.

408 549 467 586 Ac
508 546 693 599 primum
737 545 909 598 quidem
943 544 1226 585 Terentianus
1258 543 1434 585 Maurus
1475 547 1703 597 postquam
1744 544 1803 584 le-

293 615 463 667 gitimas
497 628 589 655 esse
632 615 816 655 asseruit
851 627 998 654 versus
1041 613 1203 653 heroici
1245 613 1473 653 incisiones
1515 626 1606 661 eas,
1648 612 1804 665 quibus

291 687 389 736 post
427 683 599 724 tertiam
648 686 723 723 aut
765 686 965 735 quartam
1008 682 1124 721 arsin
1165 682 1420 722 terminetur
1450 695 1552 734 pars
1584 681 1803 729 orationis,

291 752 352 792 ita
384 751 520 792 tradit
550 751 601 791 de
635 765 816 791 caesura
847 750 1070 791 trochaica
1101 750 1273 804 [1685]:

564 842 696 876 horum
722 843 751 875 si
778 842 865 875 nihil
892 844 957 885 est,
986 845 1123 885 specta,
1150 853 1194 875 ne
1220 841 1315 875 forte
1342 841 1538 874 trochaeus

566 899 613 933 sit
637 899 768 933 tertius
792 898 975 942 finemque
1002 898 1065 931 det
1090 898 1280 932 vocabulo.

563 953 770 989 ‘infandum
795 953 948 999 regina⁷.
998 955 1105 989 datur
1129 956 1232 989 locus
1259 962 1346 989 ecee
1372 954 1560 998 trochaeo,

566 1025 674 1057 quem
701 1016 785 1057 post
810 1013 902 1046 duos
928 1013 1042 1057 pedes
1070 1013 1232 1046 videmus
1258 1012 1419 1046 tertium.

290 1095 403 1135 hunc
435 1098 607 1135 secutus
640 1093 803 1134 Marius
835 1094 1080 1134 Victorinus
1111 1093 1245 1134 habet
1274 1093 1382 1133 haec
1412 1092 1464 1133 de
1496 1092 1804 1144 semiquinaria

291 1167 333 1203 et
371 1162 726 1216 semiseptenaria
770 1162 848 1216 [gr.
880 1161 952 1202 lat.
989 1162 1054 1211 VI,
1088 1161 1182 1215 65]:
1227 1160 1368 1202 ‘erunt
1408 1164 1534 1212 iqttzcr
1577 1164 1655 1201 hae
1699 1164 1804 1201 duae

290 1240 418 1272 tornae
446 1235 702 1281 principales
733 1255 788 1259 ——
821 1233 964 1280 quibus
995 1233 1179 1270 similiter
1213 1237 1249 1270 et
1281 1232 1442 1270 iambici
1463 1242 1604 1269 versus
1632 1232 1804 1269 trimetri

291 1303 541 1340 (lividuntnr.
603 1302 679 1339 sed
714 1302 776 1339 leis
820 1302 925 1339 dnae
966 1302 1073 1340 aliae
1114 1301 1350 1339 succedunt.
1414 1312 1505 1338 nam
1546 1301 1581 1337 si
1618 1304 1804 1338 neutram

289 1371 433 1408 harum
466 1370 688 1415 inveneris,
723 1370 884 1407 tertium
915 1370 1147 1408 trochaeum
1179 1369 1219 1406 in
1250 1380 1369 1406 verset
1403 1370 1637 1416 conque'res,
1673 1369 1717 1406 id
1746 1373 1806 1405 est

286 1439 628 1486 penthemimeren
673 1438 868 1487 disyllabo
910 1440 1112 1484 clausam,
1161 1443 1202 1475 nt
1248 1442 1307 1475 est
1350 1433 1584 1486 ‘infandum
1615 1431 1801 1485 reyina'.

289 1519 379 1545 nam
408 1507 620 1554 percussis
651 1506 806 1544 dnobus
832 1507 1006 1554 pedibus
1029 1507 1174 1544 tertius
1199 1518 1277 1554 pes
1308 1507 1525 1544 trochaeus
1556 1510 1614 1543 est
1647 1499 1802 1553 ‘qe'na’.

289 1576 354 1614 cui
401 1576 617 1613 coniuncta
659 1574 791 1613 brevis
836 1570 917 1612 ‘fu'
964 1576 1185 1613 secundnm
1225 1577 1351 1624 leglem
1393 1586 1535 1613 versus
1576 1574 1804 1611 hexametri

290 1645 493 1692 dactylum
536 1645 728 1691 complet,
772 1638 879 1681 ‘bes’
927 1648 1057 1681 autem
1100 1643 1255 1692 syllaba
1296 1648 1333 1681 et
1375 1654 1534 1681 sensnm
1575 1642 1803 1690 superioris

288 1714 365 1750 coli
396 1713 590 1760 inteqrat.
624 1717 667 1749 ut
694 1714 768 1758 liat
790 1712 1163 1759 heplctleeme'meres,
1196 1716 1235 1749 et
1262 1712 1467 1759 sequentis
1491 1711 1615 1758 pedis
1647 1711 1802 1748 initiunt

288 1775 483 1818 inducit'.
548 1782 698 1818 contra
735 1777 964 1818 Diomedes
1007 1777 1107 1831 [496
1141 1779 1221 1832 sq.]
1263 1777 1396 1818 refert
1438 1776 1586 1818 eodem
1626 1776 1802 1828 Vergilii

287 1860 413 1887 versu
440 1846 564 1886 binas
597 1847 736 1886 inesse
770 1860 984 1895 caesuras,
1012 1850 1110 1899 post
1140 1845 1393 1887 trochaeum
1422 1846 1597 1886 tertium
1615 1849 1657 1885 et
1675 1858 1802 1897 quar-

286 1918 375 1955 tam
414 1915 541 1955 arsin.
595 1919 637 1955 et
677 1915 729 1955 de
770 1915 1008 1955 coniunctis
1048 1914 1220 1967 quidem
1261 1915 1450 1956 caesuris
1495 1917 1658 1967 quanta
1706 1927 1800 1954 cum

286 1983 445 2036 peritia
486 1982 774 2024 iudicaverint
818 1983 912 2033 isti,
956 1983 1022 2024 vel
1066 1983 1164 2024 inde
1212 1983 1344 2024 cuivis
1392 1982 1637 2037 apparebit,
1686 1982 1799 2035 quod

287 2051 435 2092 dicunt
466 2051 607 2106 [ibid]
642 2051 803 2092 Marius
835 2055 878 2092 et
907 2051 1136 2092 Diomedes
1168 2052 1362 2093 versibus
1395 2051 1483 2092 his:

494 2142 595 2164 arma
619 2131 811 2175 virumque
838 2143 941 2173 cano,
969 2130 1101 2165 Troiae
1127 2132 1188 2175 qui
1214 2131 1355 2175 primus
1381 2132 1426 2165 ab
1455 2132 1538 2165 oris.

492 2188 626 2222 talibus
651 2187 825 2223 Ilioneus.
876 2189 1000 2222 cuncti
1027 2189 1134 2222 simul
1161 2200 1224 2222 ore
1250 2188 1457 2223 fremebant

285 2251 364 2298 tris
395 2257 534 2298 inesse
567 2271 784 2307 caesuras,
818 2258 1168 2311 semiquinariam
1201 2271 1251 2298 ac
1282 2258 1681 2311 semiseptenariam
1703 2271 1798 2298 cum

285 2325 495 2366 bucolica.
557 2325 722 2367 scilicet
759 2326 953 2367 homines
999 2326 1236 2367 doctissimi
1277 2326 1482 2367 terminos
1523 2326 1684 2367 ordinis
1712 2340 1798 2367 me-

284 2395 381 2434 trici
425 2408 521 2435 cum
559 2394 716 2435 finibus
757 2394 986 2436 verborum
1019 2394 1263 2436 confudere.
1326 2408 1587 2448 quamquam
1628 2395 1695 2435 his
1733 2394 1799 2435 vel

284 2463 471 2516 ineptior
502 2463 766 2513 Priscianus,
808 2464 879 2516 qui
918 2467 1129 2504 memorat
1161 2464 1310 2518 [1217]
1342 2477 1441 2504 raro
1472 2477 1598 2516 posse
1629 2456 1798 2504 versum

285 2530 447 2571 habere
479 2528 875 2583 penthemnnerem,
908 2532 942 2572 si
974 2531 1136 2572 habeat
1166 2532 1341 2572 tertiam
1372 2532 1651 2572 trochaicam.
1702 2545 1796 2584 pes-

286 2599 391 2640 sime
434 2602 579 2640 autem
626 2599 812 2640 omnium
861 2599 1015 2641 Atilius
1063 2599 1400 2640 Fortunatianus
1446 2600 1602 2641 asserit
1647 2599 1796 2654 [2691]

285 2667 493 2720 optimum
524 2667 677 2708 haberi
706 2667 1022 2717 hexametrum,
1061 2668 1181 2708 cuius
1215 2681 1396 2709 caesura
1427 2668 1588 2708 habeat
1617 2667 1796 2721 penthe-

284 2736 503 2776 mimerem
539 2738 665 2789 parte
688 2736 894 2776 orationis
915 2736 1036 2776 finita
1064 2740 1112 2776 ut
1155 2734 1291 2777 ‘arma
1322 2740 1530 2786 virumque
1559 2733 1683 2776 cctno'
1721 2739 1797 2777 aut

284 2803 391 2844 duos
434 2804 566 2856 pedes
607 2808 649 2844 et
691 2803 943 2844 trochaeum
986 2805 1184 2845 similiter
1224 2804 1474 2845 distinctum
1504 2804 1631 2858 pleno
1662 2803 1794 2845 verbo

283 2875 331 2912 ut
375 2870 609 2923 ‘infandum
643 2869 829 2923 reye'na'.
891 2872 966 2913 sed
1005 2886 1081 2913 nos
1113 2872 1296 2926 simplici
1327 2873 1494 2914 ratione
1525 2872 1592 2913 usi
1624 2876 1666 2913 et
1695 2885 1794 2926 pro-

282 2939 384 2980 fecti
418 2953 443 2980 a
473 2941 729 2981 testimoniis
752 2940 997 2982 'l'erentiani
1021 2945 1063 2981 et
1088 2941 1305 2991 Victorini,
1339 2941 1412 2994 qui
1448 2941 1619 2982 disertis
1650 2940 1794 2981 verbis
