1898 3292
756 273 874 296 LIBER
894 272 1066 296 'rERTlvs
1584 266 1664 303 233

159 374 350 427 quintam
400 388 567 428 semper
613 374 819 428 syllabam
864 374 977 415 finiri
1020 374 1215 426 verbum,
1260 376 1557 417 recordatione
1605 377 1665 417 ni-

157 443 310 483 mirum
343 442 537 496 sapphici
570 443 766 493 minoris,
811 443 921 484 sicut
963 443 1075 484 idem
1117 444 1171 498 [1,
1204 444 1248 497 4]
1291 444 1333 483 in
1365 444 1508 497 priore
1539 449 1663 498 parte

157 511 417 552 archilochei
448 512 684 565 asynarteti
726 512 1024 553 observatione
1065 526 1213 553 versus
1260 512 1420 553 heroici
1467 513 1665 554 adhibuit

157 593 378 621 caesuram
409 579 771 632 semiquinariam.

270 648 360 688 Iam
410 648 453 688 in
505 648 667 688 alcaico
714 647 1074 702 hendecasyllabo
1122 652 1218 701 post
1265 649 1459 702 quintam
1505 649 1664 702 ubique

155 715 362 769 syllabam
393 715 543 756 incidit
574 716 764 769 exceptis
795 716 912 757 hisce
944 717 992 770 [1,
1026 720 1091 767 37,
1124 720 1196 768 14;
1228 717 1298 767 IV,
1330 720 1393 768 14,
1429 718 1520 771 17]:

520 798 753 839 mentemque
777 795 1004 840 lymphatam
1030 795 1249 830 Mareotico.

521 852 744 897 spectandus
770 854 806 886 in
832 854 1031 888 certamine
1057 853 1206 887 Martio.

155 935 265 974 quae
296 925 439 962 tamen
473 924 572 962 sunt
604 925 806 975 suspecta
836 921 1013 963 fraudis.
1066 923 1328 976 posteriores
1360 926 1503 963 aetate
1534 923 1662 963 toties

155 992 368 1030 servatam
409 990 545 1043 legem
589 1004 718 1042 quam
759 990 824 1031 bis
856 990 1058 1032 violatam
1097 991 1298 1032 maluisse
1332 979 1453 1045 sequi
1483 992 1551 1032 cui
1583 992 1664 1032 erit

155 1058 340 1099 mirum?

268 1126 352 1167 Sed
383 1126 439 1167 ad
467 1126 699 1167 secundam
721 1126 847 1168 huius
870 1127 1094 1169 voluminis
1117 1131 1286 1181 partem
1308 1131 1356 1169 ut
1378 1131 1663 1178 transeamus,

152 1194 336 1248 primum
369 1208 525 1248 ponam
557 1195 733 1236 mutatis
767 1195 1047 1248 quibusdam,
1081 1211 1191 1250 quae
1223 1197 1267 1237 in
1299 1196 1484 1238 editione
1517 1197 1662 1250 priore

155 1263 446 1304 disseruimus.

266 1331 445 1384 Igitur
482 1331 627 1372 sicut
664 1332 805 1386 apud
842 1333 1082 1374 Graecos
1125 1337 1176 1374 et
1207 1334 1474 1375 Romanos
1511 1333 1663 1374 nulla

152 1400 257 1441 fuit
287 1403 538 1454 potestas
569 1404 831 1442 accentus
866 1402 1222 1454 grammatici
1254 1402 1318 1443 ad
1349 1402 1661 1456 producen-

152 1468 247 1509 das
284 1468 529 1523 syllabas
571 1469 802 1520 breves,
844 1470 930 1510 ita
973 1471 1203 1511 minime
1252 1471 1410 1512 ratio
1452 1470 1659 1511 habita

152 1536 391 1578 eiusdem
425 1538 475 1578 in
512 1538 817 1591 pangendis
854 1539 1119 1580 versibus.

266 1605 414 1659 Neque
447 1606 718 1659 grammatici
750 1610 934 1658 veteres,
977 1622 1073 1648 cum
1104 1608 1279 1661 plurimi
1311 1608 1396 1650 sint
1428 1611 1470 1649 et
1500 1607 1543 1648 in
1575 1621 1661 1648 me-

151 1673 230 1715 tris
261 1674 442 1727 poeticis
474 1678 517 1715 et
547 1674 590 1715 in
622 1675 803 1729 rythmis
835 1676 1037 1717 oratoriis
1070 1676 1377 1727 describendis,
1409 1675 1661 1730 pronuntia—

149 1741 278 1784 tionis
328 1742 518 1796 pedestri
569 1757 650 1784 usu
700 1743 946 1786 modulatae
996 1744 1128 1786 ullam
1173 1759 1378 1799 umquam
1423 1745 1663 1786 iniecerunt

150 1811 421 1852 mentionem.
896 1805 899 1807 ⁵

266 1880 408 1930 Quare
449 1893 501 1921 ne
541 1883 632 1921 tum
675 1881 869 1934 quidem,
914 1895 1009 1922 cum
1056 1882 1226 1923 nativus
1267 1882 1409 1923 Latini
1452 1880 1660 1923 sermonis

149 1948 430 2002 proprietatis
471 1962 619 1990 sensus
664 1949 856 2003 elanguit
892 1950 1104 2004 simulque
1148 1964 1221 1992 ore
1266 1950 1405 2004 plebis
1452 1950 1659 2004 pleraque

151 2016 442 2069 quantitatum
490 2020 590 2058 sunt
634 2018 822 2068 inversa,
867 2019 1197 2071 grammaticum
1244 2019 1297 2060 ad
1344 2021 1568 2060 accentum
1618 2021 1661 2059 et

149 2085 544 2138 pronuntiationem
575 2085 793 2139 vulgarem
838 2086 1219 2128 accommodarunt
1258 2090 1413 2141 poetae
1456 2087 1660 2128 carmina.

266 2152 388 2203 Quod
420 2166 515 2194 cum
545 2154 609 2194 ita
640 2154 705 2205 sit,
737 2154 843 2195 nihil
874 2154 1071 2208 equidem
1104 2155 1261 2206 obstat,
1294 2156 1397 2208 quin
1424 2169 1572 2196 versus
1594 2154 1661 2195 vel

150 2224 272 2262 totus
298 2221 364 2262 vel
394 2222 583 2262 maxima
614 2235 666 2263 ex
695 2226 821 2276 parte
853 2226 1011 2276 aequet
1053 2227 1201 2265 tonum
1240 2224 1503 2277 pedestrem,
1544 2222 1660 2264 velut

149 2288 283 2330 habes
316 2289 493 2343 Vergilii
521 2290 628 2331 illud
660 2291 771 2345 [aen.
802 2292 872 2343 IV,
906 2292 1002 2346 81]:

353 2363 440 2397 luna
464 2365 599 2408 premit
626 2365 854 2409 suadentque
882 2365 1052 2400 cadentia
1081 2366 1201 2400 sidera
1226 2377 1396 2409 somnos;

150 2438 226 2466 seu
256 2425 446 2467 Lucretii
478 2427 526 2481 [1,
561 2428 654 2482 77];

355 2511 512 2543 quanam
537 2501 584 2534 sit
608 2501 750 2535 ratione
776 2504 886 2546 atque
913 2503 985 2536 alte
1010 2503 1188 2537 terminus
1213 2503 1388 2546 haerens3

150 2561 217 2602 vel
249 2561 421 2603 Horatii
453 2563 535 2617 [ep.
564 2563 595 2614 I,
627 2568 664 2614 9,
698 2565 763 2618 4]:

355 2636 506 2680 dignum
530 2640 652 2671 mente
679 2638 861 2682 domoque
887 2639 1043 2682 legentis
1069 2639 1222 2674 honesta
1247 2639 1416 2674 Neronis.

149 2698 211 2738 ita
242 2702 393 2740 auctor
423 2699 677 2752 perelegans
710 2701 853 2755 epyllii
885 2701 937 2742 de
968 2702 1072 2743 Iona
1104 2703 1157 2757 [v.
1182 2704 1276 2758 92]:

357 2773 533 2807 sternitur
558 2774 725 2817 aequoris
752 2775 858 2818 unda,
886 2776 1080 2810 resolvitur
1105 2777 1264 2811 aetheris
1290 2776 1429 2809 umbra.

111 2845 115 2849 ·
152 2834 306 2886 quibus
335 2837 480 2876 tamen
518 2836 740 2889 aliquanto
783 2837 931 2879 durius
969 2843 1033 2879 est
1065 2843 1107 2880 et
1138 2840 1207 2879 vix
1238 2838 1510 2880 tolerandum
1544 2838 1658 2891 quod

150 2901 450 2944 Lachmannus
482 2917 557 2957 per
591 2905 881 2946 coniecturam
911 2906 1056 2948 intulit
1085 2907 1284 2948 Lucretio
1318 2907 1412 2961 [VI,
1447 2907 1599 2961 1197]:

357 2994 512 3028 quorum
536 2984 648 3028 siquis
672 2984 732 3018 vix
757 2985 890 3019 vitarat
915 2986 1042 3020 funera
1066 2986 1152 3031 leti,
