1898 3292
777 214 1014 240 opvscvmns
1034 214 1056 240 1.
1587 205 1667 244 535

276 317 382 358 Item
410 318 453 357 in
486 317 691 357 Varronis
724 315 1030 356 Eumenidibus
1062 316 1154 370 [42]
1183 320 1283 369 post
1313 317 1531 357 trimetros
1563 316 1669 357 duos

162 386 364 439 leguntur
404 385 530 426 haec:
569 390 658 425 luce
694 389 819 425 locum
849 388 1054 435 afficiens,
1095 384 1303 424 incertum
1348 399 1400 424 an
1447 385 1506 425 sic
1548 399 1668 425 scan-

162 453 320 495 denda:
361 452 450 494 luce*
479 457 604 494 locum
637 453 847 504 afficiens;
888 452 940 492 de
980 466 1063 505 quo
1104 453 1190 493 iam
1223 467 1353 506 supra
1385 456 1668 493 memoratum

161 521 367 575 exemplo.

278 590 365 630 Iam
399 589 439 629 in
473 589 700 643 plusquam
733 588 954 642 disyllabis
990 602 1116 642 posse
1159 589 1273 629 arsin
1318 588 1429 629 effici
1469 587 1551 629 fine
1594 588 1666 629 da—

161 658 302 711 ctylici
334 656 450 698 verbi
485 658 599 698 circa
629 657 885 710 principium
917 671 1084 706 versus,
1128 661 1173 697 ut
1207 656 1321 710 apud
1353 656 1571 697 scaenicos
1602 655 1667 711 [cf.

161 725 362 766 Ritschcl.
407 725 565 778 proleg.
607 725 650 765 in
693 725 985 766 Trinummum
1027 739 1093 778 pg.
1128 724 1376 778 CCXXIV],
1431 725 1509 765 etsi
1551 728 1668 765 certo

160 793 354 847 exemplo
385 794 453 833 vix
495 797 682 843 constat,
726 808 809 834 non
842 793 1053 847 negarim,
1095 808 1189 834 cum
1221 793 1286 834 vel
1328 793 1582 846 graecanico
1626 793 1669 833 in

159 862 356 902 trimetro
387 861 430 902 id
463 861 686 902 admiserit
717 875 810 902 cum
845 862 1007 902 Seneca
1036 861 1262 903 Petronius
1295 861 1376 917 [85ss
1410 862 1474 915 ss]:

470 947 602 981 robora
629 947 809 980 minacem
840 959 930 990 quae
957 947 1158 990 figurarent
1184 959 1326 991 equum.

160 1024 206 1062 at
236 1020 352 1074 quod
387 1020 487 1061 olim
511 1035 562 1062 ex
594 1021 799 1062 Varronis
824 1021 999 1074 Virgula
1033 1021 1177 1062 divina
1209 1021 1335 1062 attuli
1364 1022 1407 1062 111
1439 1021 1667 1062 trochaeos

160 1088 340 1130 divisum
371 1089 454 1129 ita:

708 1186 775 1219 ego
802 1186 898 1208 1111110
924 1175 1071 1219 postulo
1098 1186 1219 1209 meum

409 1231 700 1276 Agamemnona.
750 1232 861 1266 tantis
887 1232 1050 1266 coturnis
1077 1232 1214 1276 accipit
1241 1232 1407 1266 Critonia

413 1288 648 1327 caliandrum,

158 1363 202 1404 id
234 1367 349 1403 stare
381 1376 464 1403 non
485 1377 609 1416 posse
633 1363 732 1404 olim
759 1363 959 1404 intellexi.
1008 1362 1127 1404 libri:
1148 1367 1347 1414 pascalem
1372 1366 1671 1414 Afflzmemnona,

158 1446 296 1473 meam.
358 1431 523 1473 numeri
554 1435 652 1473 sunt
679 1436 828 1485 aperte
857 1431 1051 1472 iambici:

570 1517 681 1550 tantis
710 1517 873 1551 coturnis
899 1517 1035 1561 accipit
1064 1516 1225 1550 Critonia

573 1573 809 1608 caliandrum.

158 1650 201 1690 in
242 1648 459 1702 prioribus
498 1647 681 1689 fortasse
720 1648 947 1702 legendum
989 1662 1062 1699 esso
1094 1662 1202 1689 nunc
1234 1652 1435 1698 postulem
1473 1652 1526 1688 mi
1565 1654 1669 1700 Agya-

159 1731 379 1758 memnona.
428 1730 526 1758 nam
549 1721 731 1770 apparet
757 1731 864 1766 eum,
889 1717 961 1770 qui
983 1716 1115 1757 verba
1137 1715 1251 1766 facit,
1271 1717 1487 1757 Critoniae
1510 1716 1668 1757 calian-

159 1785 284 1827 drum
325 1785 574 1839 accipientis
616 1785 827 1838 gravitate
866 1784 1122 1833 adductum,
1162 1789 1209 1825 ut
1248 1786 1568 1837 Agamemnona
1615 1786 1669 1826 ab

160 1868 209 1895 eo
249 1855 292 1894 in
333 1868 489 1895 scaena
532 1854 849 1907 repraesentari
889 1853 1026 1894 vellet.
1093 1853 1166 1895 sed
1199 1857 1346 1894 notum
1379 1867 1507 1906 quam
1541 1868 1669 1906 saepe

159 1922 419 1977 Porphyrio,
451 1922 524 1975 qui
555 1921 682 1963 affert
712 1922 788 1962 illa
819 1922 872 1962 ad
904 1921 1003 1963 Hor.
1037 1925 1123 1963 Sat.
1156 1922 1185 1967 Ι,
1218 1925 1254 1971 ὃ,
1287 1925 1353 1971 48,
1388 1936 1482 1962 011111
1516 1922 1670 1962 ceteris

160 1990 402 2032 scholiastis
424 1991 467 2031 in
490 1990 671 2031 citandis
694 1989 976 2043 scriptoribus
1000 2004 1151 2043 parum
1175 1989 1341 2030 curiose
1364 2004 1452 2031 rem
1476 1990 1668 2042 gesserit.

274 2060 407 2100 Porro
440 2058 555 2112 apud
587 2058 822 2113 dactylicos
861 2071 944 2099 non
976 2058 1113 2112 magis
1147 2072 1273 2111 quam
1307 2057 1422 2110 apud
1451 2058 1670 2099 scaenicos

158 2128 201 2168 111
232 2127 430 2168 iambicis
472 2127 789 2180 trochaicisque
830 2126 968 2168 locum
1004 2140 1095 2167 esse
1137 2126 1302 2167 solutae
1335 2126 1420 2166 arsi
1463 2127 1505 2166 in
1552 2126 1670 2167 verbi

159 2195 380 2237 tribracho
411 2195 599 2236 conclusi
632 2195 897 2249 paenultima
928 2199 969 2236 et
1003 2195 1154 2236 ultima
1187 2193 1353 2249 syllaba
1384 2195 1554 2247 penitus
1584 2195 1670 2235 iam

159 2264 263 2305 mihi
294 2278 558 2317 persuasum.
619 2263 803 2305 videnda
835 2277 945 2316 quae
982 2262 1185 2304 adnotavi
1215 2262 1269 2303 ad
1301 2262 1427 2302 Nonii
1467 2262 1669 2303 lemmata

153 2330 407 2386 ‘suspicere'
454 2336 497 2373 et
522 2331 812 2373 ‘accusativus
846 2346 923 2385 pro
956 2329 1168 2385 genetivo'
1206 2332 1320 2386 [400‚
1358 2334 1429 2383 163
1463 2336 1557 2381 495,
1586 2330 1669 2387 20].

274 2401 511 2442 Tribracho
534 2414 612 2454 pro
634 2400 776 2442 iambo
799 2401 939 2454 posito
970 2400 1012 2440 in
1034 2400 1172 2453 primo
1196 2399 1302 2453 pede
1335 2414 1385 2440 ac
1407 2399 1670 2453 paenultimo

161 2469 285 2510 metri
317 2468 490 2509 iambici
522 2482 617 2509 cum
648 2472 775 2521 neget
806 2468 947 2509 locum
977 2468 1219 2517 Phaedrus,
1264 2468 1432 2509 dedisse
1472 2467 1671 2508 videntur

160 2537 426 2578 vetustiores.
488 2550 538 2578 ac
566 2536 618 2577 de
639 2536 776 2590 primo
798 2536 907 2590 pede
928 2536 1055 2577 facile
1078 2536 1313 2577 concedent
1335 2550 1491 2585 omnes,
1522 2550 1669 2588 quam-

161 2620 287 2658 quam
331 2605 527 2658 exempla
568 2609 686 2646 certa
729 2605 797 2645 vix
840 2609 1084 2658 suppetunt.
1156 2604 1311 2645 etenim
1354 2604 1556 2645 Varronis
1595 2603 1670 2644 illa

163 2671 281 2729 [ὄνος
311 2672 446 2727 λύρας
479 2678 524 2724 53
556 2673 665 2713 mod.
700 2672 766 2729 5]:

344 2761 375 2791 ct
401 2758 618 2792 fluiditatem
643 2758 810 2801 speribus
836 2758 950 2792 lactet
975 2758 1066 2799 suis3

345 2814 435 2857 quid
459 2814 563 2848 <iliud
590 2818 654 2856 est,
681 2814 780 2857 quod
806 2814 986 2859 Delphice
1013 2818 1120 2848 canat
1147 2814 1316 2848 columna
1341 2814 1473 2848 litteris

163 2902 214 2930 ex
255 2888 519 2941 graecanicis
556 2889 692 2942 pet-ita
733 2892 830 2929 sunt
869 2888 1034 2930 iambis.
1097 2888 1169 2928 sed
1203 2887 1243 2928 111
1278 2888 1519 2941 septenario
1559 2888 1668 2929 eius·
