1898 3292
210 231 264 268 44
824 235 1102 260 PROHOEMIVM.

212 344 455 394 compertas
488 339 713 394 dactylicis
744 339 990 392 ingererent
1024 338 1147 391 quasi
1179 337 1349 378 certas?
1393 339 1544 376 contra
1575 335 1647 375 alii
1679 335 1721 375 in

210 410 359 463 paucis
389 408 495 449 locis
527 406 822 448 communibus
847 421 896 447 ae
918 405 1183 460 pervulgatis
1206 404 1441 446 subsistere
1466 403 1721 453 maluerunt,

212 477 335 531 quasi
383 491 434 517 ex
484 476 725 529 sapientum
773 475 943 528 templis
989 474 1150 515 serenis
1190 477 1238 514 ut
1280 475 1455 526 possent
1502 472 1722 526 despicere

213 545 356 587 onmia
388 548 431 586 et
466 543 586 585 verbi
617 543 734 584 velut
766 542 908 596 gladio
940 556 1088 583 secare
1110 542 1387 583 metricarum
1411 541 1723 594 quaestionum,

212 617 260 655 ut
290 614 352 654 ita
384 612 536 663 dicam,
568 612 714 653 nodos.
778 625 888 664 quae
921 611 1027 652 adeo
1060 610 1224 664 placuit
1252 610 1470 663 plerisque
1507 610 1636 659 ratio,
1677 612 1725 650 ut

214 683 278 724 vel
316 683 361 723 in
401 682 555 722 horum
594 684 822 734 poetarum
870 683 963 720 arte
1006 679 1193 733 plurima
1233 678 1448 731 hodieque
1490 677 1726 718 manserint

213 751 367 802 dubia,
412 763 594 803 quorum
634 748 735 789 libri
769 748 1088 789 commentariis
1121 747 1253 788 vastis
1285 750 1328 788 et
1360 746 1559 788 doctrina
1589 746 1725 786 sterili

212 820 379 875 pridem
402 821 544 860 essent
565 817 720 859 obruti.
773 830 895 858 nemo
927 820 1032 870 puto
1066 816 1251 856 omnium
1275 815 1495 856 hominum
1517 814 1638 868 peius
1662 818 1727 855 est

212 892 311 943 post
342 890 523 929 mortem
554 889 735 927 vexatus
767 885 979 938 naufrago
1011 885 1096 935 illo,
1130 899 1255 938 quem
1279 884 1487 925 Horatius
1516 886 1727 924 memorat

214 973 246 999 e.
279 957 305 998 l.
338 957 357 998 Ι
388 956 502 1011 [28],
536 955 694 1008 quippe
725 954 776 995 de
808 954 928 995 cuius
959 953 1157 994 manibus
1189 956 1277 994 tam
1310 952 1469 993 multae
1510 966 1560 992 ac
1594 952 1726 992 mirae

216 1029 337 1068 ortae
369 1025 454 1066 sint
476 1024 701 1065 doctorum
725 1022 1051 1076 disputationes,
1083 1025 1132 1062 ut
1162 1021 1252 1063 fere
1287 1021 1462 1075 quidam
1496 1020 1724 1061 videantur

213 1093 417 1136 statuisse
460 1092 511 1133 de
559 1091 715 1133 umbra
760 1095 808 1133 ut
858 1095 900 1132 et
945 1091 1040 1145 ipsa
1086 1090 1260 1131 excordi
1310 1089 1566 1130 iudicaturis
1611 1088 1728 1129 haud

215 1163 395 1204 multum
446 1174 553 1215 opus
600 1174 692 1201 esse
742 1159 943 1214 pectoris.
1016 1160 1097 1200 suit
1144 1159 1274 1199 etiam
1325 1158 1398 1211 qui
1445 1157 1586 1198 animo
1627 1171 1728 1197 usus

214 1230 522 1279 crudelissime,
556 1243 682 1282 quem
716 1228 965 1282 sepulturae
997 1231 1219 1281 expertem
1255 1226 1389 1268 fuisse
1422 1225 1556 1280 probe
1588 1225 1728 1275 sciret,

212 1300 311 1342 huic
348 1299 414 1340 vel
453 1297 754 1352 cenotaphium
803 1296 936 1347 istud,
986 1296 1100 1350 quod
1147 1299 1276 1350 poeta
1325 1295 1361 1336 ei
1415 1294 1586 1348 paravit
1637 1308 1728 1334 car-

214 1369 338 1419 mine,
371 1367 624 1408 imminuere
656 1366 888 1407 sustineret
926 1365 1231 1418 suspectando,
1274 1364 1344 1404 hic
1376 1363 1547 1417 quidem
1580 1377 1729 1403 averso

215 1438 307 1479 deo.
370 1439 531 1490 quanto
564 1438 707 1476 autem
741 1434 884 1476 fuerat
915 1433 1062 1475 utilius
1096 1433 1263 1474 Horatii
1303 1436 1548 1474 saturarum
1582 1445 1730 1472 versus

216 1521 308 1548 cum
351 1504 503 1547 Lucilii
535 1504 758 1557 Persiique
801 1517 851 1544 ac
893 1502 1126 1552 Iuvenalis,
1166 1502 1301 1557 lyrica
1343 1515 1438 1542 cum
1481 1500 1638 1542 Catulli
1681 1515 1731 1542 ac

215 1575 343 1617 Statii
377 1573 691 1626 Claudianique
721 1576 764 1613 et
795 1571 1020 1612 Prudentii
1058 1571 1246 1612 numeris
1280 1583 1544 1624 comparare.

331 1643 387 1684 At
422 1655 501 1695 ego
549 1641 735 1695 primum
778 1640 964 1681 omnium
1006 1639 1112 1680 illud
1153 1638 1302 1680 induxi
1347 1638 1390 1679 in
1432 1638 1638 1688 animum,
1680 1652 1731 1679 ne

215 1711 412 1766 cupidius
436 1724 583 1752 eorum
605 1712 931 1764 praeceptorem
956 1722 1084 1762 agere
1107 1708 1287 1757 viderer,
1321 1721 1346 1748 a
1378 1706 1534 1760 quibus
1567 1706 1732 1748 discere

214 1781 340 1834 longe
372 1782 486 1821 esset
517 1783 559 1820 et
590 1778 946 1820 iucundissimum
979 1781 1021 1818 et
1052 1776 1339 1827 utilissimum,
1371 1789 1477 1817 neve
1509 1775 1728 1816 crederem

216 1853 292 1891 aut
323 1863 390 1890 me
421 1851 496 1889 aut
527 1861 787 1901 quemquam
819 1846 950 1887 alium
982 1860 1142 1896 eorum,
1176 1845 1247 1899 qui
1271 1845 1356 1886 iam
1378 1844 1535 1886 litteris
1558 1843 1734 1885 student

215 1918 396 1969 Latinis,
442 1917 594 1958 melius
636 1929 763 1970 posse
817 1915 1050 1969 dispicere,
1099 1914 1203 1967 quid
1254 1913 1501 1955 conveniret
1547 1912 1733 1954 sermoni

217 1987 383 2038 Latino,
406 2000 535 2040 quam
549 1985 785 2038 Vergilium
808 1987 850 2025 et
872 1983 1069 2024 Ovidium
1093 1986 1136 2024 et
1157 1982 1426 2036 sequentium
1451 1981 1733 2023 doctissimos.

216 2059 447 2110 praeterea
469 2054 572 2108 quid
593 2054 795 2095 iniustius
819 2066 948 2107 quam
970 2052 1218 2106 vituperare
1241 2065 1351 2105 quae
1374 2065 1457 2093 non
1481 2050 1734 2092 sustinueris

218 2125 445 2179 explorare
456 2124 476 2164 ‘?

333 2192 417 2233 Sed
459 2191 599 2232 missis
645 2190 712 2232 his
758 2190 835 2244 qui
875 2190 1021 2244 priore
1063 2192 1258 2243 tempore
1297 2188 1349 2230 de
1390 2190 1484 2229 arte
1522 2186 1736 2241 dactylica

219 2261 471 2303 Latinorum
504 2260 613 2301 bene
644 2259 881 2300 meruerint
912 2258 996 2299 iam
1029 2258 1231 2311 deinceps
1277 2256 1502 2298 enarrabo.
1565 2270 1617 2296 ac
1648 2256 1735 2309 pri-

219 2344 331 2371 mum
358 2329 531 2383 quidem
554 2328 795 2369 Bentleium
818 2342 901 2369 non
924 2327 1006 2368 hoc
1027 2327 1297 2381 praestitisse
1321 2326 1371 2377 ei,
1405 2325 1519 2379 quod
1542 2325 1736 2379 potuisse

219 2399 298 2441 tibi
341 2397 607 2452 persuadeas
655 2396 927 2437 altitudinem
975 2396 1322 2450 elegantiamque
1369 2394 1603 2448 spectando
1645 2393 1736 2434 eius

218 2467 396 2517 indolis,
439 2480 524 2507 non
571 2469 637 2506 est
681 2465 796 2518 quod
841 2465 1005 2506 mirere.
1069 2464 1269 2505 nimirum
1320 2464 1383 2504 vir
1422 2462 1552 2504 variis
1596 2461 1736 2503 turbis

219 2536 332 2577 vitae
373 2536 562 2576 iactatus
604 2534 889 2588 plurimisque
928 2533 1121 2587 illigatus
1163 2532 1347 2586 negotiis
1384 2545 1462 2572 nec
1493 2531 1627 2572 voluit
1658 2544 1736 2571 nec

218 2605 361 2659 potuit
392 2603 644 2657 singillatim
676 2616 881 2643 enarrare
905 2605 980 2643 aut
1002 2602 1298 2643 scaenicorum
1321 2604 1397 2641 aut
1419 2599 1732 2654 dactylicorum

221 2673 471 2714 Latinorum
503 2671 748 2721 metricam,
792 2671 951 2725 quippe
984 2671 1027 2711 in
1059 2684 1144 2723 qua
1174 2683 1240 2720 re,
1287 2669 1366 2710 etsi
1411 2668 1595 2722 plurima
1635 2667 1737 2708 insit

220 2742 379 2795 ingenii
430 2739 674 2782 ostentandi
721 2739 924 2789 facultas,
967 2739 1035 2779 vix
1079 2739 1217 2779 minus
1261 2751 1368 2791 opus
1413 2737 1468 2778 sit
1514 2736 1737 2789 diligentia

222 2824 350 2864 quam
382 2809 566 2850 maxime
596 2809 726 2849 anxia
758 2822 809 2848 ac
839 2807 1036 2848 taediosa
1071 2807 1301 2860 animoque
1323 2805 1501 2846 remisso
1526 2808 1567 2846 ot
1590 2818 1734 2845 vacuo.

222 2878 325 2932 quid
367 2878 499 2932 igitur
534 2878 691 2918 mirum
722 2876 963 2918 Bentleium
997 2876 1082 2917 alia
1126 2876 1290 2929 potius,
1333 2874 1368 2916 si
1397 2887 1480 2915 non
1514 2873 1737 2914 fructuosa

221 2947 370 3001 magis,
402 2950 448 2988 at
469 2947 605 3000 magis
629 2945 825 3000 speciosa
857 2949 900 2986 et
920 2944 1121 2995 iucunda,
1145 2943 1456 2998 capessivisse?
1495 2941 1610 2996 quod
1633 2954 1734 2982 sane
