1898 3292
751 227 988 254 OPVSCVLVM
1008 229 1057 253 1v.
1572 221 1651 260 579

145 326 333 368 ludibria
362 340 492 381 supra
522 327 711 369 indicata
740 329 802 369 ita
833 329 1106 382 temperavit,
1149 333 1195 369 ut
1235 344 1313 382 pro
1353 330 1436 371 illis
1474 348 1514 386 η,
1545 336 1582 383 λ,
1613 348 1651 385 ρ,

145 413 178 446 ς,
211 413 235 450 χ
265 399 445 448 poneret
477 395 652 437 Latinas
683 400 721 445 Ιι,
753 411 790 445 α,
816 411 861 447 p,
894 410 928 443 C,
959 412 1000 437 ,1.

259 463 392 504 Porro
409 467 457 504 ut
479 464 733 515 acrosticha,
752 464 886 505 habes
908 464 1146 514 telesticha,
1170 464 1285 506 velut
1307 469 1490 518 utraque
1512 467 1651 519 figura

143 531 290 572 iuncta
325 532 365 572 in
398 531 592 573 versibus
622 532 845 574 Bellesarii
874 536 916 573 et
947 531 1139 573 Liberati
1182 533 1535 574 scholasticorum
1580 535 1650 589 [cf.

146 599 308 640 Sedulii
340 599 511 641 edition.
544 600 742 642 Huemer.
775 615 843 654 pg.
877 604 956 642 307
991 601 1113 655 sqq.].
1174 615 1273 642 nam
1311 602 1354 642 in
1387 603 1574 643 carmine
1604 607 1651 643 ut

143 667 286 718 huius,
327 668 388 708 ita
428 667 542 709 illius
573 669 616 709 in
647 669 851 710 honorem
885 669 1045 710 Sedulii
1076 673 1229 723 poetae
1263 671 1500 724 composito
1533 674 1576 712 et
1608 671 1650 711 in

144 736 354 789 principio
388 739 431 777 et
462 737 504 777 in
538 736 621 778 fine
655 737 889 778 decurrunt
910 738 1064 779 verba:
1096 742 1285 781 sedulius
1318 743 1498 780 (animes.
1549 740 1651 780 item

142 804 185 844 in
228 804 464 857 appendice
501 805 613 846 Aviti
654 806 895 859 Peiperiani
940 806 1135 847 Nicholai
1174 807 1395 848 cuiusdam
1442 808 1650 861 epitaphii

143 872 321 926 [XVIII]
354 886 551 914 versuum
584 873 740 914 litteris
768 874 917 927 primis
950 879 992 915 et
1021 877 1224 916 extremis
1246 875 1492 916 referuntur
1520 876 1647 917 haec:

143 944 337 982 Nicleolcco
360 944 573 982 Euantius.
626 943 901 995 reperiuntur
933 947 974 983 et
1007 944 1285 995 mesosticha3
1319 943 1444 996 quale
1478 944 1649 985 demon-

143 1013 297 1050 stumst
327 1009 426 1050 olim
458 1023 483 1050 a
512 1009 635 1051 nobis
666 1011 708 1050 in
742 1011 928 1051 carmine
951 1011 1116 1061 Felicis,
1149 1012 1394 1053 scholastici
1426 1011 1535 1062 Afri,
1578 1013 1650 1065 qui

143 1078 435 1120 Vandalorum
465 1092 613 1132 regum
644 1082 837 1132 tempore
869 1080 974 1121 vixit
1006 1080 1138 1134 [anth.
1162 1081 1234 1121 lat.
1267 1084 1349 1121 214
1382 1081 1460 1135 R.].
1499 1081 1650 1134 incipit

143 1151 285 1188 autem
316 1147 399 1187 ita:

448 1226 645 1270 tranquillo
672 1226 815 1271 nymfae
841 1227 1026 1262 decurrite
1054 1227 1213 1262 fluminis
1237 1232 1329 1262 ortu.

140 1305 202 1347 ibi
245 1306 379 1359 igitur
425 1309 467 1347 et
516 1306 789 1347 acrostichon
839 1307 972 1349 habes
1015 1308 1058 1348 in
1104 1308 1242 1361 prima
1288 1322 1459 1361 quaque
1503 1308 1650 1349 littera

142 1377 184 1415 et
225 1374 514 1416 mesostichon
553 1375 595 1414 in
637 1374 953 1416 undevicesima
990 1380 1030 1416 et
1070 1376 1325 1417 telestiohon
1357 1377 1399 1417 in
1432 1377 1649 1418 tricesima

105 1459 107 1461 ¹
141 1443 334 1496 septima.
387 1446 428 1483 et
460 1442 693 1485 decurrunt
715 1443 847 1485 verba
873 1443 1002 1485 haec:
1040 1447 1072 1484 T
1071 1448 1373 1486 lerasamzmclus
1396 1452 1517 1486 cunm
1549 1446 1590 1500 (i.
1614 1460 1647 1486 e.

141 1513 304 1564 cuncta)
338 1515 502 1553 e'mzovcct
532 1519 620 1553 rota
651 1526 862 1554 serenan&

256 1579 364 1621 Sunt
396 1584 438 1621 et
470 1580 553 1621 alia
575 1594 774 1622 versuum
807 1581 962 1622 litteris
993 1584 1092 1635 apte
1124 1582 1244 1623 nexis
1277 1582 1648 1624 interstinctorum

141 1647 337 1698 artificia,
370 1648 525 1701 quibus
556 1649 739 1690 maxime
771 1663 873 1690 usus
897 1649 1128 1704 Porfyrius.
1181 1650 1232 1691 de
1256 1664 1339 1703 quo
1361 1651 1474 1691 infra
1496 1655 1649 1704 agetur

138 1716 345 1770 pluribus.

256 1784 339 1827 Sed
370 1798 422 1826 ne
453 1785 578 1826 nimis
609 1786 823 1827 increscat
850 1786 1113 1840 opusculum,
1146 1786 1412 1839 relinquetur
1433 1787 1519 1828 iam
1541 1787 1648 1829 haec

139 1867 241 1907 pars
271 1853 593 1907 disputationis,
634 1854 696 1895 ita
738 1859 882 1896 tamen
921 1859 969 1896 ut
1001 1859 1129 1896 antea
1160 1868 1389 1896 memorem
1423 1856 1646 1897 duodecim

143 1921 384 1975 sapientum
418 1922 497 1973 (sic
526 1922 635 1963 enim
669 1922 771 1964 dicti
804 1925 919 1977 sunt)
948 1923 1086 1965 lusum
1108 1923 1239 1973 illum,
1273 1937 1356 1976 quo
1379 1925 1648 1965 monosticha

141 1990 193 2031 de
225 1990 392 2031 ratione
422 1990 598 2032 tabulae
631 1991 874 2046 [495—-506
910 1991 972 2033 ed.
1004 1991 1070 2045 R]
1103 1991 1274 2032 voluere
1305 1996 1502 2033 constare
1534 1994 1646 2034 senis

140 2072 340 2101 senarum
370 2058 614 2100 litterarum
646 2059 821 2101 vocibus
852 2063 919 2100 ut:

414 2155 545 2188 sperne
570 2144 722 2179 lucrum.
772 2148 894 2179 versat
921 2148 1061 2180 mentes
1087 2146 1211 2179 insana
1236 2145 1382 2190 cupido.

138 2218 182 2259 in
214 2218 370 2272 quibus
402 2232 504 2260 sane
542 2233 619 2273 per
661 2220 837 2262 ene-lisin
868 2220 933 2261 vel
973 2220 1178 2274 proclisin
1219 2221 1366 2262 iuncta
1406 2220 1480 2262 illa
1521 2222 1645 2276 [4993

142 2290 244 2339 5023
279 2290 381 2339 5043
415 2290 495 2328 505
524 2288 683 2329 anthol.
708 2289 775 2343 R]
808 2303 877 2330 aes
909 2297 979 2337 est,
1004 2303 1097 2339 pax
1130 2297 1200 2338 est,
1234 2303 1306 2340 690
1337 2304 1436 2337 sum,
1466 2298 1508 2330 ut
1539 2304 1644 2332 vere.

254 2355 365 2396 Hinc
395 2358 495 2409 apte
525 2356 599 2398 fiet
629 2357 837 2398 transitus
870 2357 924 2398 ad
957 2357 1136 2398 facetias
1162 2357 1205 2397 in
1228 2357 1368 2398 verbis
1392 2357 1646 2399 adhibendis

137 2423 361 2476 repositas.

254 2492 346 2542 Quo
368 2491 462 2532 loco
483 2492 667 2545 primum
691 2493 990 2535 memorandus
1013 2507 1214 2535 numerus
1236 2493 1495 2547 rhopalious,
1524 2496 1643 2548 quin-

140 2573 222 2613 que
245 2563 444 2601 constans
464 2560 662 2613 partibus
685 2562 903 2612 orationis,
934 2576 1044 2615 quae
1073 2562 1250 2615 singulis
1277 2562 1477 2616 deinceps
1499 2564 1645 2605 clavae

138 2628 182 2668 in
220 2628 391 2669 modum
433 2628 678 2670 increscunt
716 2629 901 2683 syllabis.
964 2631 1054 2671 eius
1091 2630 1331 2684 exemplum
1372 2631 1547 2672 ductum
1590 2632 1644 2673 ab

140 2695 338 2737 Homero.
400 2710 498 2737 nam
530 2697 572 2737 in
605 2711 730 2739 versu
760 2698 838 2739 tali
868 2698 930 2752 [11.
962 2698 1035 2748 ΙΙΙ,
1074 2699 1192 2752 182];

414 2774 442 2814 ὦ
467 2776 588 2824 μάκαρ
613 2778 782 2826 Ἀτρείδη,
812 2782 1037 2826 μοιρηγενές,
1065 2779 1315 2826 ὁλβεόδαιμον,

142 2868 237 2896 cum
278 2855 554 2907 ignoraretur
592 2855 698 2897 illud
731 2854 922 2912 Ἀτρείδη
964 2861 1170 2910 quattuor
1215 2861 1412 2898 constare
1458 2858 1643 2912 syllabis,

141 2937 246 2974 eam,
278 2937 406 2977 quam
439 2924 564 2965 modo
597 2924 816 2978 descripsi,
848 2925 1025 2978 figuram
1061 2939 1293 2979 agnoscere
1327 2926 1407 2967 sibi
1439 2931 1536 2967 sunt
1567 2928 1644 2968 visi

1300 2994 1370 3028 37*
