1898 3292
220 209 300 247 392
810 215 929 240 LIBER
949 216 1128 247 varvs.

219 322 381 360 ortum.
425 318 693 358 severissima
736 318 978 359 continetur
1020 332 1182 360 norma.
1244 318 1401 359 secutis
1442 320 1599 373 quippe
1634 334 1726 372 spe-

220 388 325 428 ciem
349 386 577 428 Homerico
611 387 799 427 carmine
822 401 906 427 uon
929 387 1100 440 quidem
1129 400 1309 441 semper,
1342 386 1416 428 sed
1439 387 1610 440 saepius
1632 387 1727 428 aliis

217 458 471 509 usurpatam
504 455 758 496 observatur
790 455 993 496 Romanis
1034 455 1231 509 primum,
1276 459 1323 496 ut
1365 459 1440 496 aut
1472 456 1622 509 quinta
1653 460 1728 497 aut

218 524 362 577 potius
395 523 582 564 secunda
615 523 700 564 arsi
732 522 809 564 fiat
839 523 1065 577 productio
1097 548 1152 554 -
1181 523 1294 565 unde
1317 523 1528 565 Homerus
1550 524 1728 565 Latinus

218 606 386 633 versum
417 592 548 632 istum
578 591 835 645 exemplaris
864 591 928 632 sui
961 591 1021 648 [ll.
1048 592 1099 642 ll,
1122 591 1221 648 495]
1255 590 1520 646 Ἀρκεσίλαός
1546 609 1590 635 τε
1616 597 1726 646 Προ-

218 660 400 715 θοήνωρ
432 677 476 703 τε
508 663 697 711 Κλονίος
728 677 772 703 τε
812 660 872 701 sic
904 660 1055 701 maluit
1091 660 1271 702 reddere
1313 660 1427 717 [168]
1474 659 1728 702 ‘Arcesilaus

218 736 340 769 atrox
372 732 706 779 Protlmenorque
744 728 1008 780 Cloniusque’
1054 753 1130 780 —,
1180 733 1292 779 tum,
1342 732 1390 771 ut
1440 729 1729 782 subsequatur

218 797 363 838 stat-im
396 797 582 851 repetita
614 797 814 838 enclitica
845 800 888 838 et
918 801 966 838 ut
998 812 1019 838 e
1051 797 1204 848 verbis,
1235 797 1391 851 quibus
1424 798 1609 850 cingitur
1641 797 1728 847 illa,

218 880 329 919 quae
372 865 647 919 producitur,
688 865 808 918 prius
852 879 904 906 ne
947 866 1085 907 minus
1127 869 1334 919 quattuor
1372 865 1543 919 expleat
1585 866 1728 916 moris,

217 934 433 988 posterius
466 937 748 988 anapaestum
785 933 963 987 impleat
990 934 1057 975 vel
1088 934 1344 988 spondeum,
1379 935 1490 975 sicut
1520 934 1655 975 habes
1686 934 1730 974 in

217 1003 284 1044 his
328 1001 568 1053 ‘sideraque
612 1000 841 1053 zvenle'qzce’,
898 1001 1200 1054 ‘Noemonaque
1238 1000 1571 1055 Prylanimque'.
1643 1003 1728 1042 iam

216 1071 394 1113 ludibrii
424 1071 550 1122 illius,
584 1070 698 1124 quod
729 1084 963 1124 numquam
996 1075 1120 1112 extra
1151 1071 1424 1112 continuat-os
1447 1071 1730 1112 adhibitumst

221 1140 507 1191 hexametros7
529 1140 693 1194 primus
717 1143 868 1181 auctor
889 1139 971 1181 fuit
994 1140 1146 1181 Accius
1168 1140 1250 1181 hoc
1267 1154 1393 1181 versu
1415 1139 1540 1196 [Fest.
1555 1154 1594 1193 p.
1614 1139 1729 1195 146];

495 1220 642 1254 calones
667 1220 865 1264 famulique
890 1220 1103 1264 metallique
1131 1220 1365 1264 caculaeque.

219 1290 263 1330 id
302 1289 515 1342 Vergilius
555 1289 709 1342 cupide
751 1292 973 1342 arreptum
1014 1289 1077 1330 ita
1121 1289 1367 1340 adornavit,
1409 1293 1456 1330 ut
1498 1302 1729 1342 numquam

219 1358 299 1399 nisi
339 1361 414 1398 aut
455 1357 566 1398 binis
610 1358 807 1398 consonis
849 1361 924 1398 aut
964 1357 1130 1411 liquida
1162 1358 1227 1399 vel
1269 1357 1396 1399 sibila
1439 1357 1729 1411 subsequente

219 1426 461 1467 encliticam
506 1425 740 1467 intendisse
782 1440 878 1467 eum
916 1426 1158 1467 observarit
1200 1427 1450 1480 Wagncrus.
1514 1440 1599 1479 qua
1637 1426 1729 1466 dili-

218 1495 363 1549 gentia
404 1495 523 1536 illum
565 1494 756 1548 alioquin
795 1495 1036 1536 aemulatus
1079 1495 1255 1537 Ovidius
1297 1510 1380 1537 non
1423 1498 1594 1548 aequat.
1656 1494 1731 1536 sed

217 1567 313 1617 post
358 1563 435 1604 hos
476 1563 592 1617 apud
634 1563 837 1605 classicos
879 1567 1078 1605 auctores
1119 1578 1202 1605 non
1232 1564 1372 1606 inveni
1405 1563 1601 1616 exempla
1632 1578 1730 1617 pro-

220 1632 337 1673 ducti
368 1632 482 1673 illius
515 1646 591 1683 que
622 1636 796 1686 praeter
834 1632 1023 1686 singulos
1054 1646 1201 1674 versus
1235 1632 1393 1674 Grattii
1437 1632 1580 1687 [13ol‚
1624 1632 1730 1673 Ger-

219 1701 377 1741 manici
419 1700 558 1755 [262]‚
601 1700 693 1742 Silii
738 1701 851 1756 [VIL
885 1701 1004 1755 618],
1047 1701 1223 1743 Homeri
1262 1701 1403 1742 Latini
1445 1701 1584 1756 [IGSL
1623 1715 1730 1753 quos

219 1768 391 1822 quidem
422 1769 688 1810 adscribam:

492 1850 640 1893 taxique
668 1850 849 1895 pinusque
875 1850 1133 1894 Altinatesque
1160 1854 1343 1895 genestae.

492 1906 644 1941 Electra
668 1906 912 1952 Alcyoneque
942 1907 1173 1951 Celaenoque
1199 1906 1440 1952 Meropeque.

494 1964 689 2008 Sullaeque
717 1964 911 2008 Crassique
937 1965 1043 1999 simul
1068 1965 1288 2008 iunctusque
1313 1964 1477 1999 Metello.

492 2021 706 2055 Arcesilaus
732 2025 839 2055 atrox
863 2021 1170 2066 Prothoenorque
1198 2022 1433 2066 Cloniusque.

219 2104 358 2143 neque
400 2090 537 2143 magis
579 2090 824 2131 christianis
870 2091 1034 2144 placuit
1078 2091 1160 2132 iste
1202 2090 1419 2141 modulus,
1469 2104 1729 2144 quamquam

217 2158 352 2200 habes
383 2158 498 2212 apud
531 2158 763 2213 Corippum
795 2159 928 2214 [laud.
960 2159 1107 2201 lustin.
1140 2159 1211 2209 ΙΙΙ,
1245 2159 1364 2214 177]:

492 2239 667 2282 laevaque
692 2239 896 2283 dextraque
921 2240 1019 2274 acies
1045 2239 1189 2274 adstare
1216 2239 1369 2274 videres.

219 2307 293 2348 ubi
317 2308 447 2348 etiam
470 2307 661 2349 notanda
683 2307 802 2348 elisio
835 2308 877 2348 in
910 2307 1046 2349 altero
1080 2322 1156 2359 que
1187 2308 1425 2349 commissa.
1477 2311 1523 2348 at
1546 2307 1731 2349 Avienus

218 2374 291 2416 ubi
324 2376 520 2417 imitatur
550 2376 795 2418 Germanici
828 2376 969 2417 locum
1003 2390 1135 2430 supra
1166 2376 1431 2430 adscriptum
1470 2376 1540 2430 [cf.
1574 2380 1616 2417 et
1646 2376 1729 2417 Cic.

220 2447 326 2484 arat.
361 2447 412 2485 35
443 2444 537 2498 sq.],
568 2444 629 2485 sic
661 2444 813 2486 maluit
846 2444 1035 2486 scribere
1068 2445 1211 2500 [580]:

495 2523 645 2558 Electra
673 2524 915 2569 Alcyoneque
943 2524 1102 2559 Celaeno
1130 2524 1366 2569 Taygeteque

496 2584 532 2614 et
560 2580 718 2626 Sterope
744 2581 973 2626 Meropeque
999 2582 1105 2616 simul
1133 2582 1342 2626 famosaque
1373 2581 1470 2616 Maia

494 2638 599 2682 prole
625 2638 706 2672 deo.

337 2718 421 2759 Sed
461 2718 603 2759 missis
649 2718 848 2761 ludibriis
893 2720 1274 2773 grammaticorum
1316 2722 1391 2760 aut
1437 2719 1730 2772 grammaticis

222 2785 422 2827 similium
453 2790 681 2840 poetarum
711 2791 855 2828 cetera
887 2792 934 2829 ut
965 2802 1222 2842 persequar,
1263 2787 1589 2841 productionem
1623 2785 1725 2828 fina-

219 2854 321 2895 lium
362 2854 471 2896 arsis
509 2855 601 2896 sola
631 2855 672 2896 vi
704 2855 900 2898 effectam
929 2857 1081 2898 statuit
1115 2856 1414 2898 Lachmannus
1443 2870 1525 2897 non
1559 2855 1728 2897 admitti

219 2936 244 2963 a
274 2922 491 2977 plerisque
525 2924 605 2966 nisi
637 2928 712 2967 aut
742 2925 784 2966 in
815 2939 994 2967 caesura
1025 2926 1217 2980 legitima
1255 2930 1329 2967 aut
1368 2928 1572 2979 sequente
1606 2938 1727 2965 voca-
