1898 3292
670 224 789 249 LIBER
809 224 1008 249 SEPTIMVS.
1506 217 1586 254 499

289 329 375 370 post
400 337 507 370 quam
532 338 603 360 non
629 326 738 370 longe
766 329 966 359 cernuntur
990 325 1098 359 litora
1124 325 1243 369 Cyrni,

290 383 441 417 Corsida
469 395 576 427 quam
602 383 740 427 pariter
770 383 956 427 geminato
982 383 1127 415 nomine
1154 382 1301 425 dicunt3

84 457 157 498 sed
187 458 330 510 potius
361 460 525 498 Corsica
549 471 663 508 qnae.
718 456 829 497 idem
863 455 965 496 alibi
994 456 1141 496 Indiae
1170 457 1362 508 pericula
1394 456 1586 497 declara-

82 529 204 566 turus
236 539 318 566 non
351 525 459 566 dixit
492 525 630 579 [603]

287 622 370 643 nam
395 610 488 644 mala
515 614 590 644 tam
614 611 766 654 pelagus
794 620 900 653 quam
927 612 1024 643 terra
1050 609 1274 643 merentibus
1302 609 1417 644 offert.

83 685 190 725 dixit
220 687 481 726 morantibus.
544 698 622 725 nec
653 685 809 725 rectius
838 683 995 724 ibidem
1028 683 1235 724 tradit-um
1266 683 1346 724 hoc
1381 684 1522 738 [833]:

286 770 409 814 aspice
435 781 530 803 nunc
557 770 678 813 igitur,
705 769 790 803 dum
817 770 924 803 tinem
950 769 1113 803 versibus
1139 776 1240 803 ortus

286 827 459 870 pervenio
487 830 656 870 retegens
682 827 748 859 tibi
775 826 869 859 veris
896 826 1015 858 omnia
1042 826 1170 867 rebus:

80 901 153 942 ubi
186 904 369 954 apparet
402 903 535 941 verbis
568 900 858 953 reponendum
891 914 982 940 esse
1014 913 1091 952 pro
1123 902 1255 940 rebus.

194 969 240 1009 Iu
272 968 486 1009 adverbiis
517 969 699 1021 primum
733 968 892 1008 notabo
924 967 1132 1008 Lucilium
1167 967 1324 1007 dixisse
1349 972 1470 1018 facul
1499 968 1584 1021 ΠΙ,

84 1038 134 1091 2}
196 1037 262 1077 cui
291 1037 552 1077 contrarium
586 1040 744 1085 diffisa]
781 1050 800 1076 a
834 1037 1025 1076 Varrone
1060 1049 1137 1088 pro
1171 1035 1380 1075 adiectivo
1413 1037 1585 1088 ponitur

79 1105 227 1145 eodem
260 1119 397 1146 versu,
432 1118 514 1157 quo
546 1104 749 1159 simplicis
779 1104 895 1144 vorbi
928 1103 1161 1156 legitimam
1193 1104 1373 1144 sormam
1409 1104 1584 1144 adhibet

80 1173 282 1228 [Bimarc.
312 1173 405 1227 ]ι”)];

284 1257 382 1301 quod
407 1261 529 1291 utrum
555 1257 602 1290 sit
626 1269 798 1301 magnum
823 1269 866 1290 an
895 1268 1056 1300 parvum,
1084 1257 1190 1289 facilc
1217 1268 1260 1290 an
1289 1256 1436 1290 difficul.

78 1346 179 1374 sane
210 1332 315 1373 illud
339 1336 461 1383 facul
489 1345 542 1371 ne
572 1331 734 1372 Afranii
766 1331 949 1384 quidem,
984 1331 1055 1384 qui
1078 1330 1262 1371 Pacuvio
1295 1331 1583 1384 exprobravit,

77 1405 272 1455 tempore
311 1401 416 1441 satis
461 1399 542 1440 fuit
580 1399 809 1453 probatum
852 1399 1064 1439 Romanis.
1103 1424 1158 1428 —-
1204 1399 1355 1439 deinde
1397 1402 1462 1439 illo
1504 1413 1582 1452 pro

79 1474 187 1518 illuc,
222 1469 300 1510 etsi
322 1468 458 1521 magis
480 1468 683 1508 usitatum
710 1468 789 1508 fuit
813 1467 924 1521 apud
950 1468 1216 1509 vetustiores.
1249 1481 1430 1519 posuere
1454 1469 1582 1508 otiam

78 1539 241 1579 Seneca
288 1536 432 1591 [Herc.
465 1535 544 1577 fur.
577 1537 693 1589 864}
741 1536 904 1576 Statius
949 1535 1080 1589 [theb.
1114 1535 1190 1581 IX,
1231 1540 1303 1586 303
1344 1535 1440 1584 ΧΠ,
1479 1539 1582 1587 20:53

77 1606 166 1647 silv.
189 1606 258 1654 IV,
281 1609 318 1654 4,
341 1605 426 1658 96],
459 1604 543 1645 alii.
595 1608 784 1645 ceterum
817 1604 922 1644 mire
944 1604 1125 1643 variavit
1149 1603 1336 1644 Lucilius
1358 1604 1399 1643 in
1433 1604 1580 1644 codem

76 1688 201 1715 versu
233 1672 424 1728 [XXVIL
458 1673 549 1726 16]:

280 1757 342 1791 illo
369 1757 466 1791 oculi
491 1756 680 1790 deducunt
702 1757 772 1801 ipsi
800 1761 908 1800 atque
933 1757 1092 1789 animum
1119 1766 1202 1800 spes
1227 1755 1312 1789 illuc
1339 1756 1444 1799 rapit.

77 1852 205 1894 porro
228 1841 271 1879 et
299 1841 375 1878 isto
406 1837 620 1890 reperitur
644 1837 823 1889 Augusti
852 1840 994 1876 aetate
1017 1835 1129 1889 apud
1153 1840 1372 1876 auctorem
1397 1836 1581 1877 Leandri

77 1907 285 1961 epistulae
316 1904 445 1961 [205]
486 1929 539 1934 -—
577 1908 802 1958 praeterea
841 1904 1064 1944 imminuta
1106 1903 1179 1944 illa
1217 1912 1325 1953 stote,
1357 1911 1433 1951 sat,
1465 1918 1582 1956 maye

76 1975 191 2017 nullo
231 1978 424 2027 tempore
465 1976 690 2026 poet-arum
734 1972 787 2013 ab
829 1986 908 2012 usu
947 1985 1124 2024 prorsus
1163 1972 1281 2012 fuere
1319 1971 1469 2013 aliena.
1531 1986 1581 2013 ac

76 2056 193 2094 maye
225 2041 339 2095 quod
369 2044 594 2094 poetarum
628 2040 936 2094 dactylicoruni
964 2040 1007 2079 in
1029 2039 1150 2079 libris
1173 2043 1302 2091 negat
1322 2040 1423 2092 poni
1447 2040 1581 2081 Lach-

76 2124 256 2153 mannus
291 2108 374 2165 [pg.
398 2107 495 2164 424]
529 2108 610 2149 nisi
642 2108 893 2161 insequente
923 2121 1120 2155 consona,
1154 2121 1247 2147 cum
1279 2107 1389 2147 idem
1414 2121 1582 2161 semper

77 2179 190 2233 apud
234 2177 434 2218 Plautum
481 2176 813 2229 Terentiumque
863 2175 1024 2216 habeat
1066 2174 1337 2216 subiunctam
1379 2176 1581 2217 vocalem.

76 2246 295 2288 sciendum
335 2257 530 2285 normam
571 2245 687 2285 illam
720 2244 849 2284 etiam
881 2257 906 2283 a
943 2243 1187 2283 christianis
1231 2247 1462 2289 servatam,
1505 2258 1582 2284 noc

75 2315 294 2368 indignum
338 2312 545 2352 memoria
587 2311 804 2353 abstinere
846 2311 981 2351 forma
1016 2325 1065 2351 ea
1098 2311 1343 2360 Horatium,
1376 2312 1580 2362 Persium,

75 2381 332 2424 Iuvenalem.
369 2404 424 2410 —
466 2384 515 2420 ut
555 2384 699 2420 autem
738 2386 801 2420 sat
833 2393 884 2419 ex
915 2386 1014 2427 sate,
1060 2386 1152 2429 pos!
1183 2392 1235 2418 ex
1272 2386 1388 2429 poste
1432 2380 1580 2420 oritur.

77 2453 206 2502 atque
235 2448 318 2489 hoc
347 2462 450 2489 usus
474 2447 632 2488 Ennius
667 2446 778 2503 [ann.
803 2446 914 2503 244}
967 2460 1049 2487 non
1081 2450 1225 2487 tamen
1258 2450 1333 2486 aut
1362 2450 1581 2496 postidhac

31 2538 40 2543 -
76 2520 152 2558 aut
173 2519 368 2557 (mzticlhac
387 2515 539 2569 poetis,
566 2515 618 2556 de
641 2515 796 2568 quibus
818 2515 888 2555 hic
911 2515 1064 2567 agitur⁷
1096 2514 1270 2567 placuit.
1324 2515 1582 2555 conferenda

76 2598 186 2638 quae
219 2583 524 2636 adscripsimus
556 2583 610 2624 ad
643 2583 747 2624 Non.
776 2586 866 2633 187,
890 2587 926 2625 9.
958 2607 1012 2612 -—
1045 2596 1172 2635 porro
1204 2596 1283 2622 usu
1306 2582 1470 2634 vulgari
1502 2596 1580 2635 pro

75 2653 159 2693 illis
201 2655 362 2700 deinde,
396 2654 557 2699 exinde,
593 2655 769 2701 proinde
808 2651 1060 2704 plerumque
1101 2650 1325 2690 imminuta
1364 2654 1581 2702 ponuntur

77 2723 184 2768 dein,
217 2723 310 2760 exin
342 2718 408 2759 vel
440 2721 558 2766 exim,
596 2722 731 2769 proin.
794 2719 854 2759 sic
885 2719 1021 2759 solum
1054 2718 1239 2771 optinuit
1268 2721 1366 2770 post
1398 2718 1579 2758 Ennium

77 2791 120 2829 et
149 2787 394 2828 Lucretium
429 2785 516 2841 [983
543 2789 643 2837 1323
676 2787 705 2837 Ι,
730 2786 826 2842 640]
866 2801 981 2836 quam
1015 2799 1092 2839 pro
1123 2790 1293 2835 quamde
1324 2785 1389 2825 vel
1420 2790 1581 2834 quande

76 2855 140 2897 vel
172 2857 336 2905 meandi.
370 2879 422 2882 —
455 2857 544 2894 tum
578 2854 766 2894 Lucilius
800 2854 909 2894 dixit.
938 2858 1070 2894 simitu
1102 2853 1126 2892 l.
1162 2853 1281 2893 XXX
1315 2852 1422 2908 [15]
1456 2867 1578 2893 nomo

1235 2931 1305 2964 32*
