1898 3292
171 186 253 226 238
769 195 889 220 mmm
908 195 1081 220 TERTIVS.

170 311 310 339 nonne
342 297 396 338 ab
428 297 794 338 obtrectatoribus
825 311 959 338 novae
988 298 1094 338 artis
1118 298 1315 338 certatim
1338 297 1380 338 id
1404 298 1442 338 ei
1465 298 1678 339 obiectum

172 366 468 408 existimabis?
501 369 547 406 at
576 379 628 406 ne
651 366 756 406 Cato
790 366 961 418 quidem
994 366 1065 407 ille
1088 366 1328 415 Censorius,
1359 370 1407 407 ut
1435 367 1679 416 memoravi,

169 434 440 476 modulorum
472 437 663 475 veterum
696 437 988 487 contemptum
1021 435 1055 475 ei
1091 434 1379 487 exprobravit.

285 504 485 544 Ceterum
531 516 677 543 omnes
722 502 901 555 implere
952 503 1274 556 probabilitatis
1325 516 1542 552 numeros,
1597 516 1681 544 non

171 572 296 613 modo
328 571 531 612 Indorum
565 570 916 624 Graecorumque
947 574 990 612 et
1021 571 1271 612 Latinorum
1303 571 1347 611 in
1387 571 1562 624 linguis,
1606 571 1681 612 sed

170 641 212 680 in
264 639 483 689 omnibus,
535 652 642 691 quas
690 639 1101 692 Indeuropaicarum
1153 640 1322 680 nomine
1369 639 1683 692 comprendunt

171 708 307 757 docti,
354 707 617 748 carminibus
657 707 896 761 pangendis
938 707 1036 749 olim
1077 708 1350 749 observatam
1390 709 1680 760 quantitatum

169 777 307 830 legem
341 780 384 817 et
413 776 587 829 quidem
617 776 759 827 unice,
797 775 903 816 nihil
935 777 1106 818 omnino
1139 780 1360 827 accentus,
1400 777 1442 816 in
1486 776 1597 817 libro
1630 776 1681 817 de

170 859 296 886 versu
329 844 531 886 Saturnio
561 844 747 885 indicavi
779 845 866 899 [pg.
891 845 976 899 44].
1038 845 1159 886 cuius
1192 845 1254 886 rei
1286 845 1401 898 quod
1438 845 1480 885 in
1522 859 1681 886 sermo-

170 914 295 955 nibus
328 913 614 964 Germanicis,
648 913 844 965 Slavicis,
874 913 1044 955 Celticis
1080 913 1257 956 nullum<
1281 914 1366 954 iam
1407 917 1526 954 extat
1555 914 1680 954 vesti-

168 983 296 1036 gium,
327 996 412 1023 non
441 982 604 1036 poterit
637 995 730 1023 esse
760 982 914 1023 mirum
948 983 1167 1036 reputanti
1200 983 1502 1036 antiquissima
1535 996 1682 1023 eorum

169 1055 447 1092 monumenta
477 1051 647 1105 poet-ica
681 1052 827 1092 multis
857 1051 1040 1093 saeculis
1073 1065 1165 1093 esse
1198 1052 1441 1092 recentiora
1464 1065 1591 1104 quam
1614 1052 1680 1092 In-

170 1121 320 1161 dorum
354 1120 706 1173 Graecorumque
739 1123 782 1161 et
812 1120 1061 1161 Latinorum
1105 1124 1147 1161 et
1185 1121 1257 1173 qui
1299 1120 1365 1161 usi
1408 1120 1492 1161 sint
1522 1120 1606 1161 illis
1641 1124 1684 1160 et

168 1190 388 1243 paucitate
433 1188 665 1230 flexionum
710 1192 752 1229 et
790 1188 1057 1230 abundantia
1105 1202 1389 1230 consonarum
1437 1189 1562 1230 citius
1607 1189 1682 1229 ad-

171 1257 336 1307 ductos,
371 1261 420 1298 ut
453 1258 674 1311 antiquam
708 1257 962 1298 abdicarent
992 1258 1227 1298 metricam.

284 1325 368 1367 Sed
396 1326 481 1367 iam
518 1325 573 1367 ad
602 1340 744 1367 meam
774 1340 865 1367 rem
898 1326 1108 1379 agendam
1141 1326 1354 1379 accingor.

286 1395 439 1448 Itaque
471 1398 518 1435 ut
554 1394 672 1435 nulla
711 1408 832 1435 mora
871 1394 1103 1445 indicetur,
1149 1408 1234 1448 qua
1274 1394 1368 1448 lege
1412 1394 1684 1435 contineatur

171 1464 307 1505 omnis
333 1477 645 1517 usquequaque
674 1464 800 1504 metri
822 1463 965 1504 Latini
997 1477 1080 1514 ars,
1110 1463 1273 1504 nullum
1301 1463 1345 1503 in
1378 1467 1559 1504 accentu
1591 1476 1683 1504 ver-

170 1532 336 1583 borum,
368 1546 491 1573 omne
525 1532 569 1572 in
598 1532 720 1573 initio
744 1546 891 1573 eorum
924 1535 1000 1573 aut
1031 1533 1149 1574 exitu
1180 1532 1268 1573 sive
1291 1546 1479 1585 congruo
1501 1531 1683 1586 pedibus

171 1601 373 1642 carminis
404 1615 479 1642 seu
511 1600 704 1642 dissimili
737 1604 1042 1642 momentumst
1072 1601 1271 1654 positum.
1326 1605 1368 1642 et
1398 1600 1569 1654 quidem
1599 1600 1683 1640 dis-

171 1670 406 1724 positiones
437 1683 709 1723 conexusque
745 1669 992 1720 verborum,
1040 1669 1195 1723 quibus
1235 1670 1380 1710 mixtis
1418 1673 1461 1710 et
1496 1668 1683 1710 confusis

172 1742 372 1780 constant
417 1739 606 1789 numeri,
657 1742 775 1779 recte
827 1739 968 1780 animo
1015 1742 1162 1780 nostro
1207 1742 1255 1780 ut
1298 1741 1683 1791 repraesentemus,

171 1808 351 1861 optime,
404 1807 485 1848 nisi
532 1807 658 1848 fallor
713 1808 951 1858 sententia,
1003 1807 1213 1861 magnetis
1262 1807 1450 1860 ferrique
1500 1806 1682 1847 invicem

172 1877 416 1917 coeuntium
460 1876 761 1920 adhibebimus
799 1876 1041 1929 imaginem.
1101 1890 1199 1917 nam
1232 1877 1343 1917 sicut
1373 1876 1415 1916 in
1447 1875 1514 1915 his
1546 1879 1680 1916 attra-

172 1945 290 1986 hitur
323 1959 348 1986 a
378 1945 541 1986 maiore
573 1945 730 1995 minus,
773 1945 835 1985 ita
878 1948 920 1985 et
958 1945 1001 1985 in
1034 1945 1176 1986 verbis
1208 1944 1451 1998 pedumque
1483 1943 1682 1997 partibus

172 2028 275 2055 sono
307 2017 350 2055 et
376 2014 516 2067 spatio
546 2012 756 2054 infirmius
786 2013 899 2054 cedit
929 2013 1100 2066 potiori.
1160 2013 1246 2054 iam
1280 2013 1346 2054 vel
1376 2013 1522 2066 pueris
1556 2012 1683 2053 credo

173 2082 404 2136 apparebit
446 2082 618 2123 minime
660 2085 809 2135 aptum
850 2095 942 2123 esse
973 2082 1028 2122 ad
1061 2081 1299 2123 coeundum
1332 2095 1427 2122 cum
1458 2082 1684 2134 insequen—

172 2151 289 2192 tibus
320 2151 473 2205 pedem
506 2150 632 2192 simul
664 2154 707 2192 et
737 2150 915 2192 verbum
944 2150 1094 2191 eodem
1126 2150 1221 2192 loco
1253 2150 1438 2200 finitum,
1480 2150 1514 2191 si
1558 2149 1684 2191 modo

173 2221 230 2261 sit
269 2234 345 2274 pes
387 2219 617 2273 principali
657 2219 860 2260 carminis
902 2223 1040 2260 metro
1087 2219 1174 2260 sive
1211 2232 1291 2272 par
1337 2232 1413 2260 seu
1459 2221 1680 2272 cognatus.

172 2288 299 2330 facile
341 2289 453 2330 enim
493 2288 659 2329 animus
698 2291 843 2329 servat
882 2301 1063 2342 pausam
1106 2287 1228 2328 finita
1269 2301 1372 2328 voce
1410 2287 1682 2337 incidentem,

172 2357 299 2399 modo
330 2371 382 2398 ne
415 2371 617 2398 numerus
641 2356 856 2398 efficiatur
877 2356 1004 2410 plane
1028 2356 1193 2397 alienus
1216 2370 1240 2397 a
1263 2369 1339 2397 suo
1362 2370 1501 2397 versu.
1549 2368 1684 2408 quare

174 2427 249 2480 qui
291 2426 616 2480 anapaesticum
653 2425 871 2479 rythmum
911 2439 1162 2479 germanum
1204 2425 1389 2466 voluerit
1427 2423 1558 2475 effici,
1600 2437 1683 2465 non

174 2498 274 2549 apte
318 2494 497 2535 diversis
538 2494 610 2535 ille
651 2493 795 2535 verbis
835 2493 1131 2548 pyrrhichium
1173 2496 1216 2534 et
1257 2493 1429 2547 longam
1471 2492 1686 2546 copularit

174 2563 396 2618 syllabam.
462 2576 573 2616 pone
619 2562 904 2604 contrarium:
946 2562 1136 2603 invenies
1179 2562 1329 2603 eadem
1371 2562 1557 2612 ratione,
1600 2574 1684 2614 quo

175 2646 340 2673 conexu
379 2645 538 2685 pravus
581 2629 819 2685 dactylicus
861 2631 1088 2684 proveniat
1128 2644 1343 2672 numerus.
1414 2630 1495 2671 hoc
1534 2629 1684 2670 vitium

174 2714 252 2754 per
284 2714 328 2741 se
359 2699 554 2741 odiosum
591 2699 741 2752 augeri
771 2703 979 2749 verumst,
1019 2702 1253 2753 utcumque
1293 2698 1413 2740 laesa
1451 2698 1545 2751 lege
1586 2698 1684 2738 novi

175 2772 217 2809 et
249 2782 274 2809 a
304 2768 525 2822 permissis
557 2767 714 2808 diversi
745 2767 961 2821 prodeunt
990 2768 1169 2809 numeri.
1231 2781 1366 2820 quare
1397 2767 1508 2808 sicut
1549 2766 1684 2807 homi-

174 2837 301 2878 nibus
332 2837 393 2877 rei
426 2836 625 2890 publicae
657 2835 871 2889 regendae
901 2835 1053 2889 peritis
1084 2835 1190 2876 nihil
1222 2836 1414 2876 curatius
1448 2838 1512 2876 cst
1534 2848 1683 2875 caven-

176 2906 294 2956 dum,
336 2919 464 2958 quam
505 2918 557 2945 ne
599 2905 641 2945 in
676 2905 771 2958 ipsa
810 2904 982 2945 civitate
1025 2905 1111 2944 alia
1153 2904 1319 2945 oriatur
1361 2904 1530 2951 civitas,
1572 2916 1684 2955 quae
