1898 3292
710 271 826 296 LIBER
849 271 1037 301 QVARTVS.
1543 263 1623 301 315

123 374 263 414 cillum
312 373 453 414 Bedac
500 374 789 413 testimonium
838 373 1001 427 [2:755il,
1051 387 1144 413 cum
1192 373 1402 414 diversum
1451 377 1625 414 tueatur

124 442 367 484 Priscianus
401 441 543 498 [735].,
577 441 709 494 igitur
732 441 947 494 vulgarem
980 441 1386 494 pronuntiationem,
1419 456 1502 483 non
1529 441 1625 483 her-

123 510 215 551 cule
261 510 557 564 graecanicam
608 509 824 550 licentiam
877 509 1013 551 secuti
1056 509 1264 550 Pacuvius
1310 509 1423 566 [136]
1470 514 1512 550 et
1553 510 1625 563 qui

123 578 294 632 scripsit
331 578 600 632 pervigilium
643 577 820 618 Veneris
867 576 950 633 [813]
992 591 1070 631 per
1111 577 1423 632 diphthongum
1461 582 1626 632 ponunt

131 649 330 698 Capherei
360 646 427 687 vel
463 650 578 687 Terei
608 646 690 687 ita:

327 741 432 782 pater
456 737 620 771 Achivos
645 737 681 770 in
707 737 886 781 Capherei
913 738 1008 771 saxis
1035 737 1156 781 pleros
1182 736 1354 781 perdidit.

329 794 483 828 adsonat
507 794 614 828 Terei
640 794 759 838 puella
789 797 915 838 supter
940 795 1107 828 umbram
1134 795 1272 839 populi.

123 889 261 928 neque
303 875 442 916 minus
484 877 744 928 apertumst,
788 874 903 927 quod
934 874 1133 915 Lucanus
1172 875 1215 915 in
1250 875 1333 916 fine
1361 875 1485 916 metri
1519 875 1629 916 dixit

123 947 270 994 Enipei
311 942 424 999 [VIL
467 942 588 999 224]‚
637 957 731 983 011111
776 943 847 983 ille
891 942 945 984 ab
993 943 1106 984 omni
1153 943 1333 997 synizesi
1372 943 1629 997 graecanica

122 1010 351 1052 abstineat.
413 1011 569 1065 quibus
599 1016 902 1063 'congruumst,
946 1011 1059 1064 quod
1101 1011 1145 1051 hi
1182 1012 1366 1064 genetivi
1395 1011 1627 1064 aliquando

123 1079 305 1132 simplici
337 1083 350 1120 ι’
381 1079 649 1129 scribuntur,
693 1080 804 1120 sicut
835 1079 970 1120 habes
1000 1079 1042 1119 in
1072 1079 1193 1121 libris
1227 1079 1403 1132 Vergilii
1434 1079 1626 1121 Mediceo

123 1148 269 1189 codice
300 1147 516 1189 firmatum
555 1151 632 1189 oili
675 1147 781 1204 [aen.
815 1147 844 1197 I,
878 1147 948 1204 41]
993 1151 1036 1188 et
1072 1162 1096 1188 a
1128 1148 1274 1189 Servio
1306 1148 1497 1201 agnitum
1529 1152 1629 1188 Neri

125 1216 195 1272 [ad
226 1231 316 1258 aen.
351 1217 469 1266 VlII,
505 1216 613 1272 383}
674 1216 735 1257 ita
777 1216 892 1270 apud
935 1216 1243 1258 Merobaudem
1286 1216 1423 1257 fertur
1465 1216 1520 1272 [1,
1559 1217 1624 1273 15]

122 1289 221 1326 Peli.
283 1288 473 1326 ceterum
504 1299 588 1326 non
618 1284 825 1326 abhorret
861 1299 886 1325 a
917 1299 1016 1325 vero
1049 1285 1155 1326 alios
1188 1285 1319 1326 alium
1350 1285 1391 1325 in
1421 1286 1628 1338 genetivis

121 1353 215 1394 istis
246 1357 415 1395 secutos
448 1367 540 1395 esse
571 1353 1085 1407 pronuntiandimodum.
1136 1357 1365 1407 praeterea
1387 1368 1483 1394 cum
1505 1353 1626 1407 diph-

121 1422 282 1475 thongo
321 1422 365 1463 in
409 1422 539 1463 dandi
572 1436 675 1463 casu
706 1421 834 1462 etiam
876 1422 984 1462 dixit
1030 1425 1181 1473 Orphei
1221 1426 1263 1463 et
1302 1425 1501 1464 Mnesthei
1542 1423 1628 1463 sive

123 1494 298 1532 Mnesthi
342 1490 553 1544 Vergilius
602 1490 699 1547 [ecl.
732 1496 775 1540 4,
810 1494 882 1542 573
925 1504 1016 1531 aen.
1050 1490 1096 1541 V,
1131 1490 1230 1547 184]
1277 1495 1320 1532 et
1366 1491 1627 1532 Claudianus

128 1562 281 1610 Orphei
324 1558 415 1615 [40,
448 1558 532 1615 33].
594 1563 784 1600 ceterum
827 1558 1078 1600 Latinorum
1124 1560 1344 1600 nominum
1386 1559 1470 1600 fine
1515 1559 1628 1600 idem

123 1627 358 1681 optinuisse
390 1641 474 1668 11011
511 1627 790 1677 crediderim,
833 1627 907 1668 sed
939 1627 1199 1681 ubicumque
1232 1631 1363 1677 aurei,
1396 1631 1535 1669 aureis
1565 1628 1628 1668 in-

122 1696 350 1737 veniuntur
395 1695 627 1750 disyllaba,
685 1709 736 1735 ea
786 1710 885 1737 vero
922 1696 1050 1737 docta
1090 1696 1442 1749 graecanicorum
1488 1710 1628 1738 exem-

122 1763 307 1817 plarium
351 1764 592 1805 imitatione
635 1764 834 1805 videntur
873 1778 965 1806 esse
1009 1764 1216 1815 admissa,
1262 1779 1401 1818 neque
1447 1768 1630 1818 apparet

122 1831 234 1872 ratio
272 1846 484 1873 sonorum.
544 1832 630 1872 iam
670 1833 713 1873 in
751 1832 946 1885 genetivo
985 1832 1284 1874 declinationis
1317 1833 1492 1887 quintae
1523 1832 1629 1874 illud

123 1903 172 1949 ei,
206 1900 326 1941 cuius
356 1900 475 1954 prior
499 1914 601 1954 pars
622 1901 745 1942 initio
768 1901 896 1954 longa
918 1901 1011 1952 fuit,
1034 1915 1133 1942 mox
1156 1906 1367 1955 correpta,
1400 1916 1477 1955 per
1506 1902 1627 1955 diph-

122 1968 329 2022 thongum
371 1969 504 2010 fuisse
545 1970 732 2023 positum
774 1983 799 2010 a
841 1970 981 2023 poetis
1023 1970 1239 2011 difficilest
1271 1970 1325 2011 ad
1356 1970 1627 2011 credendum.

123 2052 199 2079 cur
230 2037 354 2087 enim,
386 2041 434 2078 ut
461 2037 542 2078 hoc
574 2037 769 2091 exemplo
800 2042 911 2088 utar,
945 2052 1040 2079 cum
1072 2038 1181 2080 dura
1202 2038 1382 2093 synizesi
1404 2038 1628 2079 Lucretius

123 2106 286 2146 diceret
328 2103 420 2146 ‘aut
449 2109 556 2147 aliae
595 2110 709 2147 cuius
747 2110 994 2147 desiderium
1035 2110 1212 2148 insideat
1255 2105 1356 2156 rei',
1399 2120 1494 2148 cum
1535 2107 1629 2160 ipso

121 2188 202 2215 usu
222 2173 422 2227 populari
444 2174 795 2227 suppeditaretur
822 2189 868 2215 re
901 2175 971 2229 [cf.
990 2175 1194 2216 Ritschel.
1215 2175 1322 2229 prol.
1340 2176 1452 2217 Trin.
1471 2190 1510 2229 p.
1529 2174 1629 2231 90]‘?

236 2243 293 2283 At
332 2249 518 2283 neutrum
555 2242 775 2284 Bentleius
820 2243 934 2296 quod
971 2243 1087 2284 haud
1125 2243 1254 2285 dubie
1294 2244 1448 2285 habuit
1487 2243 1629 2298 trisyl-

122 2310 269 2352 labum
301 2310 372 2365 [cf.
405 2311 535 2352 Andr.
565 2310 686 2367 839]‚
727 2325 805 2352 nec
837 2311 869 2351 F
872 2311 1114 2353 leckeiseno
1154 2313 1370 2366 persuasit
1405 2326 1484 2353 nec
1513 2312 1628 2353 mihi.

123 2379 281 2432 quippe
317 2393 366 2419 eu
397 2378 708 2432 diphthongum
740 2380 912 2421 minime
946 2394 1038 2421 esse
1069 2380 1254 2421 alienam
1286 2394 1312 2421 a
1342 2381 1506 2422 Latinis
1537 2395 1629 2421 ver-

123 2446 189 2488 bis
215 2446 421 2500 probatur
442 2447 667 2500 particulis
689 2461 821 2501 supra
852 2447 995 2489 allatis
1028 2462 1114 2497 ceu,
1147 2462 1239 2498 neu,
1269 2463 1354 2497 seu,
1386 2462 1465 2489 nec
1485 2448 1630 2490 hercle

123 2515 259 2567 magis
291 2522 434 2555 neuter
463 2515 607 2568 potuit
634 2516 845 2568 integram
877 2530 1050 2557 servare
1080 2521 1249 2569 partem
1280 2517 1469 2570 priorem
1501 2530 1629 2569 quam

124 2585 380 2632 neutiquam,
424 2596 684 2633 neumquam,
729 2598 962 2634 neecsquam.
1033 2598 1168 2637 quare
1213 2585 1293 2626 nisi
1335 2584 1629 2639 pyrrhichium

123 2663 208 2690 non
228 2653 373 2703 potest
393 2663 477 2690 non
499 2650 671 2703 explere
692 2651 956 2702 trochaeum,
980 2656 1097 2693 certo
1119 2656 1167 2693 ut
1187 2653 1396 2706 probetur
1418 2652 1629 2706 diphonos

123 2716 265 2758 Plauti
298 2717 547 2759 Vidulariae
577 2732 702 2760 versu
734 2719 859 2774 [Non.
894 2724 987 2771 508,
1020 2720 1084 2776 5]:

330 2819 398 2852 ego
424 2810 587 2852 servabo,
615 2809 716 2853 quasi
741 2810 922 2853 sequestri
948 2810 1053 2845 detis.
1102 2812 1223 2845 neutri
1248 2811 1413 2846 reddibo.

126 2890 168 2928 et
199 2887 338 2928 Ovidii
374 2887 470 2944 [am.
501 2889 531 2939 Ι,
566 2892 628 2939 14,
661 2888 748 2945 10]:

331 2979 395 3014 sed
421 2979 584 3023 quamvis
609 2982 748 3024 neuter,
773 2981 910 3015 mixtus
935 2983 1090 3029 uterque
1116 2981 1228 3026 color,
