1898 3292
773 217 892 241 LIBER
911 216 1066 243 PRnrvs.
1625 212 1673 248 71

169 323 218 360 ut
247 319 409 373 passim
440 320 563 361 fieret
601 319 809 360 transitus
850 319 903 360 ab
946 319 1082 360 altero
1116 334 1269 372 genere
1300 321 1353 361 ad
1387 321 1569 362 alterum
1602 322 1676 362 ad-

170 402 305 442 eoque
346 388 389 429 in
431 388 580 430 eodem
613 388 833 429 enuntiato
864 402 942 429 nec
974 388 1061 429 ullo
1090 402 1240 429 sensus
1272 389 1517 430 interstitio.
1579 405 1678 431 nam

168 457 276 498 haec
308 456 479 510 quidem
513 457 555 497 in
587 455 940 509 inscriptionibus
969 456 1244 497 inveniuntur
1281 456 1397 498 haud
1443 472 1561 509 raro,
1604 459 1677 500 ubi

170 525 297 566 etiam
331 525 417 566 alia
446 525 655 578 pleraque
689 528 889 578 prostant
920 524 1127 575 barbara,
1160 529 1206 566 at
1237 539 1320 566 non
1352 526 1529 579 perinde
1562 528 1677 580 apud

169 598 368 635 auctores
400 597 494 635 arte
527 593 676 644 cultos,
710 593 782 646 qui
814 593 997 635 solutam
1031 593 1268 635 orationem
1302 594 1559 648 copularunt
1581 610 1676 636 cum

167 663 328 714 vincta,
369 662 450 704 hoc
490 665 555 703 est
595 662 832 703 Lucianum
872 665 915 703 et
953 662 1166 704 Iulianum
1212 662 1419 712 Graecos,
1467 664 1676 705 Senecam

167 731 501 784 Petroniumque
533 734 575 772 et
596 730 856 771 Martianum
890 744 941 771 ac
972 730 1200 772 Boethium
1232 731 1420 772 Latinos.
1469 745 1494 772 a
1521 732 1677 785 quibus

166 799 376 840 hactenus
422 802 590 840 tantum
634 798 804 843 videtur
848 798 1021 840 differre
1053 799 1210 850 Varro,
1259 799 1374 853 quod
1414 799 1541 853 plura
1580 814 1675 842 eum

166 868 337 921 poetica
366 867 649 909 immiscuisse
681 881 765 909 non
797 867 1004 909 abhorret
1035 882 1060 909 a
1090 867 1412 921 probabilitate.
1466 883 1544 910 nec
1572 883 1673 910 vero

166 936 277 977 ullus
299 936 342 976 in
372 936 530 978 saturis
562 936 652 978 eius
685 940 750 977 est
780 936 911 987 locus,
946 936 1018 977 ubi
1052 936 1337 990 copulationis
1359 937 1471 987 talis,
1504 937 1673 990 qualem

165 1008 430 1046 commentus
462 1008 527 1046 est
548 1004 750 1055 Kochius,
783 1005 849 1046 vel
882 1005 1034 1046 umbra
1064 1004 1308 1046 inveniatur
1343 1005 1527 1059 exempli
1555 1007 1673 1047 certi.

280 1074 432 1127 Itaque
463 1073 578 1127 apud
609 1073 722 1115 hunc
750 1074 915 1127 pariter
947 1077 990 1115 et
1019 1076 1184 1115 ceteros
1220 1088 1303 1115 non
1343 1074 1555 1128 excipitur
1600 1079 1675 1116 aut

164 1156 295 1196 prosa
338 1143 526 1184 carmine
572 1146 648 1184 aut
694 1156 867 1184 carmen
906 1156 1037 1196 prosa
1075 1142 1157 1183 nisi
1195 1142 1320 1196 plene
1362 1142 1483 1184 finito
1525 1157 1672 1195 sensu3

164 1225 275 1264 quae
322 1225 391 1252 res
438 1211 587 1265 puncti
637 1211 727 1253 fere
775 1214 878 1252 nota
930 1211 1039 1252 solet
1084 1211 1310 1252 declarari.
1382 1215 1674 1266 excerpuntur

163 1283 306 1320 tamen
349 1280 585 1331 orationes,
633 1294 740 1334 quas
782 1293 859 1333 per
900 1293 944 1321 se
986 1283 1202 1331 constare,
1249 1280 1283 1321 si
1328 1284 1471 1322 essent
1514 1284 1672 1331 rectae,

163 1351 362 1390 auctores
395 1352 560 1390 veteres
596 1349 782 1390 voluisse
820 1348 886 1389 vel
924 1348 1023 1389 inde
1063 1352 1262 1402 apparet,
1303 1348 1417 1402 quod
1458 1349 1673 1391 interdum

161 1416 204 1457 in
237 1416 297 1458 eis
329 1416 497 1458 diverso
530 1432 555 1458 a
589 1418 742 1458 ceteris
773 1418 839 1458 usi
871 1420 970 1458 sunt
992 1417 1161 1458 dicendi
1185 1431 1352 1470 genere.
1403 1418 1535 1471 igitur
1558 1419 1673 1472 apud

163 1485 400 1526 Varronem
423 1485 559 1527 habes
590 1485 698 1527 haec
728 1485 853 1541 [Non.
882 1489 973 1536 182,
998 1489 1073 1539 303
1106 1489 1199 1537 230,
1224 1487 1316 1541 32]:
1347 1490 1520 1538 izquare
1542 1491 1673 1538 coepit

163 1557 325 1595 (licens.-

209 1631 303 1665 quae
327 1622 410 1665 scis,
436 1632 503 1667 aye
530 1623 615 1666 quei
639 1623 678 1657 in
701 1623 844 1667 volyzim
869 1623 994 1667 volacis
1019 1626 1204 1666 artemque
1230 1623 1413 1667 o-cpromz's
1438 1624 1592 1658 inertem
1609 1623 1628 1656 ,2

162 1689 293 1738 atque
324 1685 386 1726 ita
407 1685 570 1727 Seneca
601 1685 837 1741 [apocoloc.
862 1686 924 1741 7]:
960 1693 997 1727 el
1030 1701 1106 1738 qiio
1139 1689 1362 1728 terribilior
1394 1694 1510 1737 esset,
1543 1691 1670 1739 trayl-

163 1768 234 1795 cus
263 1759 310 1804 fil
339 1761 378 1795 el
406 1758 489 1796 aii:

483 1821 651 1855 orprome
670 1821 837 1855 propere,
863 1811 945 1845 sede
970 1822 1045 1856 qua
1069 1811 1214 1856 genitus
1240 1811 1365 1854 cleta-55

162 1887 240 1915 nec
274 1874 412 1916 minus
444 1874 670 1916 Petronius
703 1875 845 1930 [108]:
883 1882 1004 1926 alque
1036 1878 1076 1915 iri
1109 1878 1345 1926 colloquium
1379 1878 1517 1917 venire
1545 1890 1671 1917 occsa.-

388 1945 485 1992 ‘quis
509 1945 633 1991 furor'
662 1949 822 1983 &clamat
846 1946 987 1992 ‘pacem
1013 1949 1188 1983 converlit
1212 1949 1253 1982 in
1279 1945 1438 1982 arma'?

161 2011 204 2052 in
234 2010 390 2064 quibus
413 2011 520 2053 adeo
543 2011 660 2053 vides
682 2012 790 2054 illud
822 2017 1023 2054 exclamat
1055 2012 1098 2053 in
1128 2012 1222 2066 ipso
1255 2012 1511 2054 collocatum
1534 2026 1670 2054 versu.

164 2079 239 2121 sed
280 2079 362 2121 hoc
402 2094 486 2121 non
532 2081 614 2122 erit
659 2082 814 2123 mirum
858 2080 1163 2135 reputantibus
1211 2080 1381 2122 dicendi
1428 2081 1604 2123 verbum
1647 2096 1673 2123 a

164 2148 381 2190 veteribus
427 2163 505 2203 pro
557 2150 692 2203 ipsius
739 2150 946 2192 orationis
994 2153 1118 2204 parte
1164 2149 1418 2203 plerumque
1464 2150 1672 2192 habitum.

163 2230 291 2270 quam
315 2217 368 2259 ob
392 2231 483 2259 rem
506 2218 636 2259 etiam
659 2218 850 2260 Catullus
872 2219 915 2259 in
937 2218 1027 2259 Atti
1057 2219 1099 2273 [7
1106 2219 1161 2273 7],
1192 2232 1287 2260 cum
1317 2219 1437 2272 prius
1458 2219 1673 2273 posuisset

162 2285 207 2326 id
242 2286 357 2339 quod
388 2290 453 2327 est
484 2290 674 2337 loquitur,
707 2287 853 2328 statim
884 2287 1042 2328 adiecit
1072 2291 1226 2338 inquil:

366 2354 583 2399 laevumque
610 2356 757 2400 pecoris
783 2355 929 2390 hostem
956 2356 1145 2390 stimulans
1170 2356 1222 2389 ita
1246 2356 1428 2400 loquitur:

366 2408 562 2456 ‘agedum’,
589 2413 718 2457 inquit,
743 2409 834 2458 ‘age,
862 2414 965 2447 ferox
990 2413 1012 2457 i,
1038 2413 1095 2447 fac
1122 2416 1163 2447 ut
1185 2413 1283 2447 hunc
1309 2414 1410 2447 furor
1436 2413 1578 2457 agitet‘.

162 2477 205 2515 et
238 2474 394 2516 similia
423 2475 590 2517 Graeci.
632 2501 687 2506 —
731 2476 967 2530 eademque
1007 2479 1180 2517 causast
1220 2476 1437 2528 effectum,
1478 2481 1526 2518 ut
1557 2477 1672 2530 apud

162 2543 360 2584 Ovidium
403 2547 445 2585 et
486 2544 592 2586 alios
637 2559 766 2598 saepe
812 2543 929 2596 Ἀκί
978 2545 1217 2598 particula,
1266 2559 1361 2587 cum
1409 2545 1463 2586 ad
1504 2545 1672 2586 dicendi

161 2611 339 2653 verbum
361 2613 611 2666 pertineret,
644 2613 856 2654 adnexast
887 2613 1085 2665 orationi,
1118 2613 1251 2654 veluti
1282 2613 1454 2655 Metam.
1481 2614 1496 2654 Ι
1526 2613 1670 2668 [753];

390 2698 462 2720 non
489 2687 574 2721 tulit
598 2686 795 2722 Inachides
822 2682 1031 2731 ‘matrique'
1057 2688 1108 2722 ait
1131 2684 1266 2721 ‘onmia
1293 2688 1442 2722 demens

391 2740 537 2778 credis'.

277 2806 427 2860 Neque
466 2807 602 2860 magis
648 2810 713 2848 est
759 2806 874 2860 quod
920 2807 1076 2849 mirere
1118 2807 1333 2848 interdum
1375 2806 1566 2848 carmina
1609 2809 1672 2849 in-

164 2874 311 2916 cohari
342 2889 367 2916 a
397 2875 623 2929 particulis
653 2874 909 2929 copulativis
930 2875 1047 2917 velut
1068 2875 1183 2929 apud
1206 2875 1467 2916 Martianum
1489 2875 1529 2916 II
1551 2877 1671 2931 [141]

157 2941 445 2995 ‘continuoque
477 2957 576 2985 novo
607 2946 838 2986 solidantur
869 2948 1046 2986 membra
1077 2941 1259 2996 viqore';
1289 2958 1388 2985 nam
1420 2944 1482 2985 ita
1505 2948 1547 2985 et
1569 2944 1673 2986 alibi
