1898 3292
220 210 301 248 304
805 215 924 240 LIBER
944 215 1133 246 QVARTVS.

330 319 467 372 Igitur
496 319 681 372 primum
703 318 889 359 omnium
921 318 1016 370 quis
1048 317 1194 358 credet
1225 330 1308 367 eOS,
1341 318 1414 370 qui
1445 331 1677 370 numquam
1710 322 1724 359 i

217 388 283 429 vel
313 403 339 429 u
370 386 579 428 mutarint
609 387 652 427 in
685 399 933 436 consonam,
974 385 1131 426 dixisse
1162 389 1384 433 semiesum,
1415 389 1722 435 semihominem,

216 459 469 497 semiobolum
516 454 736 511 [Priscian.
769 454 821 495 de
852 454 978 507 pond.
1012 453 1074 509 8],
1113 453 1280 504 similia,
1312 468 1406 494 cum
1437 454 1611 507 vulgat-0
1642 469 1722 495 usu

218 528 231 565 ἱ
276 524 342 565 vel
383 524 494 565 demi
534 526 682 577 posset
722 522 790 563 vel
833 521 944 562 addi.
1015 522 1089 562 sed
1126 536 1177 562 ne
1221 526 1387 563 ceteros
1430 521 1601 574 quidem
1643 536 1722 575 pro

216 592 378 634 relicua
423 591 634 633 modestia
680 590 951 645 probabilest
997 590 1269 631 durissimam
1321 591 1543 644 synizesim
1595 605 1722 643 quam

216 664 416 715 paratum
442 660 642 713 ultroque
665 658 857 700 oblatum
880 658 1081 699 maluisse
1104 658 1322 700 auxilium.
1373 659 1556 699 maxime
1580 663 1721 700 autem

217 730 405 771 omnium
443 728 676 770 notabilest
717 741 769 767 ne
812 727 853 767 in
895 727 1049 768 iambis
1091 727 1262 780 quidem
1308 741 1511 780 umquam
1543 728 1723 768 inveniri

213 799 395 839 formam
426 797 683 850 longiorem,
729 795 803 836 sed
842 796 1036 848 posuisse
1069 796 1274 836 Senecam
1304 799 1534 836 seme'ustzcm
1576 797 1722 846 ternis,

214 867 317 907 item
358 868 631 907 semiam'nmm
672 864 893 917 quaternis
940 863 1114 917 syllabis
1158 877 1236 904 nec
1278 863 1404 904 aliter
1442 863 1723 905 prudentium

217 934 325 991 [peri
356 938 407 975 st.
438 937 475 985 2,
511 932 607 989 348]
652 936 967 973 semiustulatum
1010 932 1160 985 quinis.
1221 935 1449 985 praeterea
1488 933 1722 974 notandum

214 1002 413 1044 Ovidium
459 1001 556 1058 [am.
588 1001 628 1052 I,
662 1003 698 1051 6,
727 999 767 1056 4]
816 1004 1156 1051 semiadopermm
1205 1001 1349 1054 potius
1396 1000 1552 1042 dixisse
1594 1016 1723 1054 quam

214 1075 511 1122 semiapertum.
557 1095 613 1100 —
652 1070 736 1111 iam
784 1083 878 1110 cum
922 1083 973 1110 ne
1014 1069 1128 1123 apud
1160 1070 1379 1111 scaenicos
1412 1070 1584 1122 quidem
1614 1070 1722 1111 anti-

215 1140 443 1193 quissimos
480 1138 683 1180 recorder
720 1151 901 1191 usquam
940 1152 1006 1179 me
1046 1137 1187 1191 legere
1219 1142 1317 1179 semi
1348 1142 1553 1191 sequente
1585 1139 1721 1179 vocali

213 1209 447 1262 integrum,
487 1211 606 1249 recte
644 1210 861 1248 statuetur
902 1220 1070 1260 semper
1100 1206 1426 1260 pronuntiatum
1458 1207 1501 1247 in
1534 1207 1722 1248 carmine

213 1280 262 1318 ut
306 1280 413 1331 puta
451 1290 666 1323 semesum,
699 1278 974 1323 semanimem,
1017 1274 1132 1328 quod
1174 1288 1257 1315 non
1300 1278 1365 1316 est
1405 1274 1581 1316 dubium
1621 1275 1722 1328 quin

213 1345 517 1386 florentissima
549 1347 692 1385 aetate
722 1343 893 1396 linguae
916 1343 1095 1384 Latinae
1127 1343 1255 1384 etiam
1278 1342 1491 1397 pedestris
1514 1343 1720 1384 orationis

213 1428 295 1455 usu
338 1413 585 1467 optinuerit.
657 1417 807 1454 contra
845 1411 958 1464 quod
1001 1411 1240 1465 Wagnerus
1283 1410 1354 1468 [ad
1386 1425 1476 1453 aen.
1509 1410 1720 1467 111,57s]

212 1482 309 1524 ideo
342 1482 518 1523 damnat
547 1485 839 1530 semhominem,
871 1481 973 1534 quia
1007 1494 1091 1521 non
1113 1480 1339 1521 videantur
1370 1481 1574 1521 Romanis
1607 1484 1722 1521 certe

213 1550 530 1604 antiquioribus
560 1550 774 1604 placuisse
807 1549 1033 1602 coiugatae
1064 1549 1236 1590 litterae
1269 1564 1304 1590 m
1336 1552 1379 1590 et
1407 1553 1453 1597 Ιι,
1486 1549 1613 1603 plane
1643 1548 1722 1590 fal-

213 1623 350 1661 sumst
380 1632 634 1672 vanumque.
696 1618 808 1659 unde
841 1618 952 1659 enim
983 1618 1066 1659 hoc
1098 1618 1161 1658 illi
1197 1618 1494 1671 compertum?
1555 1617 1629 1658 sed
1661 1617 1722 1658 di-

211 1691 369 1729 xerunt
411 1690 689 1728 semlzominem
734 1686 996 1740 complures,
1041 1700 1171 1740 porro
1205 1685 1397 1727 Catullus
1438 1687 1481 1726 in
1528 1685 1722 1740 glyconio

211 1759 349 1797 metro
384 1754 468 1812 [61‚
497 1754 594 1812 216]
626 1759 883 1796 semlze‘antem
917 1759 960 1796 et
989 1755 1152 1796 amicus
1186 1754 1313 1796 Gellii
1346 1753 1474 1810 [X1X,
1507 1753 1600 1810 ll],
1641 1751 1722 1797 οὐκ

213 1822 417 1880 ἄμουσος,
449 1827 498 1866 ut
520 1824 581 1865 ait
601 1823 685 1874 ille,
713 1823 977 1874 adulescens,
1010 1827 1282 1864 senzhiulcum.
1333 1827 1535 1874 ceterum,
1566 1827 1615 1864 ut
1636 1823 1721 1864 iam

214 1893 469 1944 memoravi,
511 1893 593 1944 eis,
637 1893 710 1946 qui
750 1892 856 1933 nihil
896 1892 1084 1946 probant
1115 1892 1197 1933 nisi
1228 1891 1438 1933 librorum
1467 1892 1722 1933 testimoniis

212 1965 374 2012 tutum,
418 1960 571 2003 solatio
615 1961 697 2002 erit
739 1964 781 2002 et
824 1974 1016 2002 semesum
1050 1964 1092 2002 et
1121 1964 1379 2002 semane‘mum
1421 1964 1463 2002 et
1495 1960 1580 2001 alia
1609 1960 1723 2002 bona

212 2029 290 2071 niti
320 2029 514 2071 codicum
546 2029 807 2070 auctoritate
845 2027 912 2085 [cf.
947 2029 1069 2070 Lucr.
1102 2029 1171 2079 VI,
1205 2032 1334 2081 12663
1368 2029 1491 2082 Verg.
1527 2042 1618 2070 aen.
1648 2028 1722 2080 ΙΙΙ,

215 2101 318 2150 2443
352 2101 456 2150 5783
495 2098 607 2148 VIII,
641 2101 744 2149 2973
789 2098 859 2148 XI,
893 2100 997 2150 2003
1037 2097 1179 2139 Iuven.
1214 2102 1250 2149 5,
1285 2096 1408 2154 167],
1461 2111 1722 2151 quamquam

212 2167 383 2220 saepius
414 2166 629 2208 invenitur
664 2166 814 2208 addita
845 2171 868 2208 ι’.
932 2166 1006 2208 sed
1037 2167 1122 2207 iam
1152 2165 1300 2208 taedet
1329 2179 1553 2220 nugarum,
1584 2179 1723 2219 neque

214 2235 324 2276 enim
355 2235 400 2286 id
427 2235 606 2288 agimus,
636 2238 684 2276 ut
715 2235 1056 2277 demonstremus
1078 2235 1398 2288 pronuntiando
1431 2234 1603 2277 easdem
1636 2247 1722 2275 om-

212 2304 311 2344 nino
352 2317 460 2357 quas
501 2303 729 2345 scribendo
771 2303 940 2345 litteras
985 2317 1211 2357 expressas
1251 2317 1420 2357 semper
1451 2317 1476 2345 a
1506 2302 1722 2354 Romanis,

212 2372 328 2425 quod
358 2372 462 2413 mihi
494 2371 668 2425 quidem
697 2371 866 2413 videtur
895 2371 1021 2425 longe
1053 2371 1178 2413 aliter
1209 2371 1422 2413 habuisse.

326 2439 488 2482 Eadem
520 2443 664 2481 autem
695 2440 823 2494 plane
856 2454 924 2482 res
958 2444 1023 2482 est
1053 2441 1096 2481 in
1128 2440 1386 2495 compositis,
1421 2453 1530 2494 quae
1561 2433 1735 2481 habent¹

211 2512 349 2560 sesque·
389 2509 642 2562 insequente
681 2509 830 2550 vocali.
890 2509 1023 2563 igitur
1066 2513 1113 2550 ut
1150 2509 1275 2563 vulgo
1317 2522 1497 2550 sescum:
1536 2508 1602 2549 vel
1639 2496 1742 2550 ses-¹

213 2592 375 2628 quwzx,
418 2577 522 2619 item
552 2581 778 2626 sescuncia,
819 2578 881 2618 ita
922 2591 948 2618 a
979 2577 1171 2618 Varrone
1204 2580 1436 2619 Sesczcle'xes
1473 2577 1613 2618 dictus
1643 2590 1721 2631 pro

211 2648 472 2697 Sesque'ule'cce
502 2645 568 2687 vel
598 2648 853 2698 Sesquule'xe.
913 2659 1044 2700 porro
1077 2646 1193 2699 apud
1225 2645 1425 2688 Plautum
1461 2646 1504 2687 in
1534 2645 1722 2699 Captivis

213 2712 328 2771 [725]
365 2713 661 2757 scribendum:

624 2787 809 2823 cotidiano
838 2798 1040 2832 sesquopus
1067 2787 1282 2822 confeceris.

210 2863 288 2892 nec
324 2864 408 2892 non
449 2854 708 2903 sesquialter,
754 2850 890 2892 sicubi
930 2850 973 2891 in
1004 2864 1129 2892 versu
1158 2851 1395 2901 invenitur,
1437 2850 1720 2905 trisyllabum,

210 2933 294 2960 non
328 2919 669 2975 tetrasyllabum.
722 2919 918 2961 similiter
940 2919 1122 2961 Laevius
1147 2919 1372 2961 Nestorem
1395 2918 1504 2960 dixit
1535 2923 1720 2960 dulcore-
