1898 3292
274 199 357 238 420
868 205 985 230 LIBER
1005 204 1185 236 varvs.

270 309 444 350 nautico
477 307 717 362 composuit
749 320 921 349 carmen
951 321 976 348 a
1007 307 1130 348 nohis
1162 308 1380 347 inventum
1412 308 1468 361 [p.
1490 307 1563 347 lat.
1590 307 1688 347 min.
1711 306 1782 347 III.

275 377 386 431 167}
420 380 574 430 quater
595 377 635 417 in
660 376 870 430 principio
892 375 1132 418 hexametri
1159 375 1291 417 habet
1335 375 1460 423 ‘heim
1490 373 1605 417 viri'.
1658 388 1782 428 prae-

270 450 394 487 terea
416 459 467 486 ex
490 445 563 495 eis,
596 458 710 498 quae
733 445 876 497 priore
900 444 1010 485 libro
1034 447 1133 486 sunt
1155 444 1362 498 exposita,
1393 447 1575 497 apparet
1597 443 1783 484 breviari

270 513 450 555 eandem
493 513 643 566 quinta
683 512 783 554 sede
825 513 972 554 elisam
1016 516 1220 566 sequente
1263 511 1381 553 brevi
1421 525 1446 552 a
1476 512 1710 553 Columella
1743 515 1784 551 et

270 581 528 623 Nemesiano
560 582 709 623 metris
740 580 901 622 talibus
929 580 1110 636 [Colum.
1145 584 1219 632 683
1251 580 1418 622 Nemes.
1450 581 1541 634 8ης

478 662 604 695 durior
629 664 874 705 aeternusque
901 664 1010 695 vocat
1034 661 1148 695 labor.
1198 661 1253 694 eia
1280 672 1357 705 age,
1385 671 1526 705 segnes.

478 719 643 753 Latonae
670 718 821 753 Phoebe
847 730 1020 763 magnum
1047 718 1170 761 decus,
1197 718 1253 751 eia
1278 729 1355 762 age,
1383 721 1517 751 suetos.

270 802 368 830 nam
411 792 452 829 et
493 788 555 829 ita
594 790 745 829 aleluia
786 787 1019 841 corripitur
1059 800 1084 827 a
1122 786 1297 828 Sidonio
1339 786 1478 841 [epist.
1511 787 1565 837 ΙΙ,
1602 790 1665 837 10,
1697 787 1782 840 26].

270 857 345 898 sed
376 857 486 898 enim
520 856 620 898 huic
651 856 732 909 ipsi
774 859 838 896 eia
881 855 1060 896 effertur
1101 854 1379 909 spondiacum
1422 854 1784 909 hendecasyllabo

271 926 352 967 hoc
383 925 536 980 [praef.
569 924 732 978 epithal
778 924 935 966 Polem.
969 927 1012 965 et
1046 924 1171 965 Aran.
1204 924 1269 977 (ηε
1305 976 1309 977 ⁷

479 1005 544 1048 eia,
573 1003 748 1048 Calliope,
778 1004 919 1038 nitente
946 1003 1075 1048 palma.

271 1078 314 1116 et
346 1074 418 1128 qui
441 1073 493 1115 de
515 1073 677 1115 ultimis
700 1073 873 1126 scripsit
895 1072 1071 1127 syllabis
1103 1071 1251 1126 (Probi
1274 1071 1576 1113 circumfertur
1597 1072 1786 1125 nomines)

270 1158 309 1197 p.
346 1146 449 1185 1421
496 1157 521 1183 a
557 1142 741 1195 longam⁷
773 1145 882 1183 1430
913 1141 1168 1195 plerumque
1199 1140 1370 1182 brevem
1406 1139 1606 1182 affirmat.
1657 1142 1787 1193 igitur

274 1225 369 1253 eam
398 1224 475 1252 nos
508 1223 654 1252 vocem
686 1210 953 1251 trochaicam
985 1210 1129 1264 potius
1160 1223 1252 1251 esse
1282 1212 1532 1251 statuemus.

385 1280 476 1321 Iam
509 1292 535 1320 a
566 1278 812 1320 christianis
840 1277 957 1320 haud
986 1277 1115 1320 dubie
1138 1278 1431 1331 corripiuntur
1453 1277 1660 1319 adverbia
1691 1279 1732 1318 in
1763 1294 1786 1319 a

273 1348 476 1389 exeuntia
508 1347 705 1402 longum3
737 1347 858 1389 cuius
888 1361 990 1389 usus
1022 1350 1242 1388 auctorem
1271 1346 1403 1388 fuisse
1436 1346 1611 1400 quidam
1641 1347 1787 1387 volunt

274 1417 469 1468 Ennium,
512 1415 628 1470 apud
659 1429 786 1469 quem
815 1415 923 1457 haec
955 1415 1154 1457 feruntur
1186 1414 1349 1457 tradita
1392 1415 1494 1470 [fab.
1526 1418 1630 1467 4283
1661 1415 1784 1468 444]:

479 1491 559 1534 quis
586 1493 693 1535 pater
718 1494 780 1524 aut
809 1489 979 1534 cognatu*
1006 1489 1105 1524 volet
1132 1500 1197 1524 nos
1225 1493 1354 1524 contra
1379 1490 1499 1524 tueri?

481 1550 612 1582 contra
637 1548 843 1581 carinantes
870 1547 981 1582 verba
1007 1558 1122 1591 aeque
1150 1547 1310 1581 obscena
1336 1547 1512 1591 profatus.

273 1616 348 1659 sed
402 1617 586 1659 alterum
637 1616 878 1670 exemplum
930 1616 1130 1658 vitiosum
1182 1616 1392 1657 evincitur
1442 1629 1493 1657 ea
1542 1629 1610 1667 re,
1673 1615 1787 1669 quod

271 1689 493 1728 carincmde?
533 1684 710 1727 verbum
749 1684 981 1726 secundam
1022 1684 1155 1726 habet
1196 1684 1381 1726 brevem.
1446 1684 1565 1737 prius
1594 1684 1788 1725 traiectis

271 1754 438 1796 modice
460 1753 602 1796 verbis
625 1753 857 1808 septenarii
879 1753 1090 1796 trochaici
1114 1753 1268 1808 recipit
1299 1752 1494 1803 formam,
1526 1766 1787 1806 quamquam

272 1823 463 1865 eiusdem
508 1824 635 1865 metri
676 1822 816 1865 forma
856 1823 947 1864 sine
991 1823 1079 1864 ulla
1125 1823 1362 1864 mutatione
1407 1822 1595 1876 partium
1643 1825 1785 1876 potest

272 1892 474 1935 constitui
505 1892 547 1933 in
579 1892 693 1934 hunc
721 1891 916 1933 modum:

482 1992 659 2001 .......
685 1966 766 2010 quis
792 1970 897 2011 pater
923 1970 987 2001 aut
1013 1970 1192 2009 cognatus
1221 1966 1317 2000 volet

479 2035 543 2058 nos
570 2026 699 2058 contra
725 2024 846 2058 tueri?

273 2106 351 2135 nec
378 2093 538 2135 rectius
573 2097 741 2144 frustra.
773 2092 1041 2135 trochaicum
1073 2106 1099 2134 a
1126 2106 1210 2135 non
1250 2092 1379 2135 nullis
1420 2091 1688 2146 adscriptum
1720 2089 1787 2134 Iu-

271 2161 411 2204 venali
447 2160 501 2218 [3‚
525 2160 638 2218 210}
692 2175 831 2216 neque
853 2161 1213 2216 apudManilium
1237 2161 1306 2216 [IL
1325 2161 1426 2215 253]
1461 2169 1605 2203 contra
1637 2160 1787 2203 eadem

272 2244 474 2279 mensura
502 2230 712 2272 traditum
741 2230 865 2272 libris
905 2230 1102 2273 omnibus
1143 2230 1344 2273 toleravit
1376 2230 1609 2273 Bentleius.
1670 2229 1786 2271 deni-

271 2313 354 2354 que
398 2300 440 2341 in
485 2299 732 2341 Germanici
773 2313 899 2341 versu
945 2299 1123 2354 [phaen.
1166 2300 1270 2353 568]
1317 2298 1534 2351 ‘Lam'yere’
1574 2306 1611 2340 el
1647 2301 1786 2345 Tauri,

277 2371 546 2418 Geminorum,
574 2376 721 2419 postea
755 2365 928 2409 dss'ancri’
964 2367 1253 2410 diducendum
1286 2381 1379 2410 esse
1410 2367 1516 2409 illud
1542 2374 1686 2418 postea
1717 2367 1787 2408 fir-

271 2441 426 2488 matur,
459 2436 494 2478 si
527 2441 670 2479 tamen
702 2436 949 2478 testimonio
981 2450 1100 2491 opus,
1132 2437 1279 2479 codice
1311 2436 1550 2478 Basiliensi.

386 2507 442 2546 At
474 2505 656 2548 extitere
679 2505 909 2547 novissimo
932 2509 1138 2559 tempore,
1171 2506 1245 2559 qui
1268 2519 1331 2556 ea,
1363 2518 1474 2559 quae
1497 2507 1597 2546 sunt
1627 2511 1785 2549 contra,

265 2579 448 2625 [rusb-a,
481 2573 652 2628 aliaque
683 2574 811 2616 huius
842 2574 1010 2628 generis
1043 2587 1069 2615 a
1098 2574 1251 2616 Plauto
1285 2577 1487 2628 correpta
1518 2572 1662 2614 efferri
1695 2586 1784 2614 cre-

271 2642 424 2683 derent
462 2642 593 2683 finali.
656 2655 837 2695 quorum
882 2643 1011 2684 etiam
1055 2643 1098 2683 in
1142 2654 1318 2684 numero
1360 2642 1536 2683 fuerunt
1573 2641 1785 2695 Bergkius

273 2709 422 2765 [Beitr.
446 2725 484 2764 p.
508 2711 579 2765 82]
614 2714 656 2752 et
686 2710 939 2764 Spengelius
969 2711 1031 2766 [T.
1055 2711 1188 2752 Macc.
1214 2710 1272 2752 Pl.
1305 2725 1344 2764 p.
1369 2711 1452 2764 62].
1505 2709 1609 2750 mihi
1640 2713 1783 2751 tamen

270 2778 459 2820 noudum
489 2778 596 2820 haec
629 2792 698 2820 res
728 2779 982 2833 persuaderi
1014 2779 1173 2834 potuit,
1211 2792 1347 2832 eoque
1378 2779 1529 2830 minus,
1558 2777 1673 2832 quod
1704 2792 1783 2831 pro

271 2847 471 2889 ablativis
513 2847 613 2889 olim
650 2847 801 2889 habita
833 2847 1040 2889 adverbia
1070 2848 1146 2889 illa
1178 2847 1304 2889 docet
1337 2851 1364 2889 d
1402 2847 1444 2888 in
1477 2850 1652 2889 senatus
1685 2860 1782 2887 con-

272 2916 382 2957 sulto
425 2916 477 2957 de
509 2915 854 2958 Bacchanalibus
898 2916 951 2957 ad
995 2923 1115 2957 essm,
1148 2920 1191 2958 et
1220 2930 1350 2967 supra
1382 2916 1588 2957 additum.
1649 2915 1782 2968 quod-
