1898 3292
275 217 354 256 180
850 223 969 248 LIBER
988 222 1198 249 SECVNDVS.

270 327 439 368 initium
471 325 703 379 aliquando
732 325 938 367 trochaeo
968 338 1046 365 nec
1069 324 1207 365 minus
1228 323 1374 364 iambo
1397 323 1618 364 continuit.
1665 322 1778 363 idem

273 396 403 437 semel
447 394 764 448 asclepiadeum
800 394 945 447 posuit
974 393 1088 434 hunc
1121 390 1261 448 [2678]
1307 390 1496 442 ‘epodum
1529 405 1580 432 ecc
1609 394 1779 442 yemim‘s

271 467 417 505 subicit
459 460 671 505 allerum'.
742 466 784 503 et
825 462 895 502 hic
942 461 1113 515 quidem
1160 460 1429 513 grammatici
1469 460 1607 512 magis
1651 473 1779 512 quam

272 536 428 586 poetae
460 532 594 572 vicem
638 545 812 572 servans
854 529 1094 571 rationibus
1137 529 1190 570 ab
1223 530 1315 582 ipso
1348 528 1552 581 expositis
1582 527 1781 567 innititur

273 602 402 655 [255ss
422 614 534 653 sqq.;
567 603 813 650 2624—263
837 602 965 650 26343
993 601 1238 649 2640—433
1266 600 1376 638 2658
1395 610 1505 649 sqq.;
1529 599 1638 637 274ss
1658 594 1780 651 sqq.].

273 673 463 711 ceterum
496 668 693 709 similiter
724 667 979 720 Septimius:

754 736 903 780 agitque
928 736 1026 769 intus
1052 736 1088 769 111
1116 734 1291 779 oppidum

753 793 903 828 anhelos
929 792 1079 837 Panope
1106 803 1237 838 greges

275 851 315 888 et
346 847 473 888 huius
502 846 716 899 aequalis:

755 919 939 952 purpurae
964 907 1076 952 leguli
1101 918 1216 941 senes.

754 966 852 998 intus
877 965 936 999 hic
961 965 1025 999 ubi
1051 966 1278 998 consitumst.

276 1048 456 1089 quorum
493 1034 661 1076 accedit
691 1048 867 1075 normae
899 1033 1125 1084 Boethius,
1167 1033 1239 1086 qui
1280 1031 1511 1085 aliquando
1553 1030 1670 1072 haud
1707 1031 1783 1072 du-

275 1104 344 1145 bie
383 1104 574 1145 iambum
615 1104 658 1144 in
702 1103 896 1157 glyconio
938 1107 980 1144 et
1016 1101 1241 1156 phalaecio
1284 1104 1420 1141 metro
1461 1099 1650 1140 admittit
1679 1100 1782 1153 ipse.

275 1172 388 1214 idem
423 1175 560 1213 totum
593 1185 765 1213 carmen
805 1171 1046 1226 glyconium
1087 1171 1175 1225 [IV,
1208 1171 1250 1224 3]
1292 1169 1386 1210 basi
1418 1168 1641 1209 trochaica
1672 1181 1783 1209 com-

274 1241 440 1294 posuit,
484 1240 642 1294 quippe
686 1239 805 1281 cuius
846 1239 997 1280 ultimo
1039 1253 1165 1280 versu
1207 1238 1374 1292 pridem
1417 1238 1473 1278 sit
1508 1240 1783 1290 perspectum

277 1313 477 1363 oportere
500 1309 630 1350 scribi
674 1307 835 1349 ‘mentis
864 1312 1002 1349 ulcere
1034 1304 1240 1349 ,s-aere'zmt’
1284 1320 1363 1360 pro
1395 1305 1468 1346 illo
1512 1304 1674 1346 ‘mentis
1704 1309 1785 1345 vul-

276 1375 414 1419 nere’.
472 1382 588 1418 ulcus
620 1377 730 1418 enim
763 1377 814 1417 de
846 1377 949 1417 vitio
980 1390 1063 1417 non
1097 1388 1303 1430 corporeo
1326 1375 1488 1415 dictum
1510 1373 1623 1415 infra
1645 1387 1785 1414 exem-

276 1446 359 1500 plis
401 1445 656 1486 firmabitur.
719 1445 916 1486 similiter
956 1445 1168 1486 Luxorius
1213 1444 1257 1484 in
1298 1441 1670 1497 hendecasyllabis
1712 1441 1785 1482 ad-

277 1515 394 1556 misit
421 1514 638 1555 intcrdum
669 1513 922 1554 trochaeum
964 1517 1005 1554 et
1042 1513 1244 1554 iambum.
1306 1511 1419 1552 unde
1460 1525 1545 1552 non
1589 1511 1787 1551 fallemur

276 1597 444 1624 versum
489 1582 702 1636 quendam
746 1582 835 1623 eius
877 1585 1127 1635 corruptum
1159 1582 1272 1636 [332
1307 1584 1328 1620 7
1362 1579 1425 1620 0(1.
1459 1580 1590 1634 Ries]
1630 1580 1690 1620 sic
1721 1593 1786 1620 re-

280 1652 507 1692 stituentes
552 1649 648 1701 ‘quo
682 1655 829 1702 ferunt
867 1664 911 1691 se
947 1653 1202 1691 Heliconides
1245 1646 1453 1699 puellae',
1512 1662 1606 1689 cum
1648 1647 1703 1688 sit
1744 1647 1787 1687 in

276 1719 387 1760 libro
410 1719 657 1760 Divionensi
701 1717 819 1770 ‘quos
853 1723 1039 1760 elaeodes
1073 1722 1221 1769 ferunt
1252 1714 1440 1768 puellae'
1477 1716 1625 1757 addito
1657 1728 1788 1769 supra

280 1802 325 1829 co
359 1787 568 1842 syllabam
598 1791 651 1829 ni.
705 1788 781 1829 sed
812 1787 925 1829 idem
957 1801 1041 1828 non
1073 1787 1209 1840 magis
1240 1800 1369 1839 quam
1402 1784 1662 1826 Claudianus
1695 1798 1786 1825 ver-

280 1871 351 1897 sus
386 1856 647 1910 asclepiadei
677 1856 855 1897 minoris
885 1855 1009 1897 basin
1043 1855 1126 1896 alio
1149 1868 1278 1908 quam
1301 1853 1534 1908 spondiaco
1556 1853 1665 1907 pede
1689 1866 1786 1893 con-

277 1925 426 1975 tinuit,
469 1938 547 1965 nec
586 1938 671 1965 non
706 1925 798 1978 ipse
830 1925 1114 1966 Terentianus
1144 1923 1372 1965 severitate
1402 1922 1550 1964 eadem
1586 1921 1693 1974 legis
1725 1924 1790 1962 est

278 2007 380 2034 usus
411 1993 573 2034 maiore
603 1993 647 2033 in
679 1993 867 2034 carmine
900 1992 1093 2047 glyconio
1136 2005 1203 2043 eo,
1246 1991 1361 2045 quod
1399 1990 1623 2044 praemisit
1655 1989 1786 2043 operi.

279 2075 409 2114 quam
441 2061 733 2103 adhibuerunt
762 2074 1073 2114 usquequaque
1104 2060 1328 2110 Ausonius,
1360 2058 1633 2109 Prudentius,
1664 2057 1785 2099 Sido-

279 2130 396 2180 nius,
430 2130 691 2181 Martianus,
732 2130 926 2171 Severus.
988 2143 1010 2170 e
1051 2128 1206 2182 quibus
1250 2128 1434 2169 maxime
1478 2130 1597 2168 certa
1639 2140 1707 2167 res
1745 2126 1788 2166 in

279 2198 456 2239 Ausonii
488 2198 628 2252 [epist.
652 2202 690 2249 4,
713 2202 765 2240 82
785 2198 895 2252 sqq]
926 2197 1174 2250 Sidoniique
1208 2197 1282 2252 [ad
1304 2196 1578 2237 Consentium
1601 2195 1788 2249 25—27]

280 2266 516 2320 phalaeciis
547 2266 756 2317 versibus,
788 2267 946 2320 quippe
978 2266 1050 2319 qui
1080 2265 1251 2307 disertis
1283 2265 1467 2319 probent
1489 2264 1632 2305 verbis
1663 2277 1788 2317 spon-

280 2334 405 2375 diaca
434 2335 540 2376 istos
572 2335 667 2376 basi
699 2348 791 2376 esse
822 2334 1099 2375 incohandos.
1151 2347 1285 2387 quare
1314 2333 1428 2386 quod
1449 2334 1651 2386 leguntur
1674 2331 1788 2390 apud

281 2403 515 2444 Ausonium
547 2403 590 2444 in
620 2402 694 2443 fini
727 2403 937 2457 epistulae
968 2406 1150 2456 quartae
1180 2402 1310 2443 haec:

646 2494 714 2517 1100
740 2483 812 2516 iam
837 2486 924 2526 post
950 2485 1092 2517 metues
1117 2483 1252 2526 ubique
1280 2482 1420 2515 dictum

644 2536 724 2573 ‘hic
755 2542 812 2573 est
835 2539 895 2573 ille
921 2539 1049 2573 Theon
1066 2542 1187 2584 ,poeta
1210 2538 1321 2572 falsus

645 2597 828 2630 bonorum
852 2596 948 2629 mala
974 2597 1175 2630 carminum
1200 2591 1398 2639 Laverna',

282 2678 366 2705 non
396 2668 541 2718 potest
573 2665 947 2718 epigrammatium
979 2664 1060 2705 hoc
1092 2678 1182 2706 esse
1213 2664 1364 2718 ipsius,
1402 2663 1483 2704 nisi
1516 2663 1626 2703 forte
1658 2666 1733 2703 aut
1764 2676 1789 2702 a

282 2733 434 2774 iuvene
467 2733 793 2786 compositumst
833 2736 908 2773 aut
948 2736 997 2773 ut
1037 2733 1195 2774 iniecto
1239 2732 1382 2773 iambo
1424 2731 1560 2772 simile
1592 2731 1788 2779 Theonis,

284 2801 399 2853 quod
432 2801 511 2842 sibi
542 2802 772 2852 videretur,
805 2800 1117 2855 perstringeret
1147 2801 1308 2841 vitium.

396 2870 484 2910 Iam
519 2869 641 2910 basin
676 2870 801 2910 metri
832 2883 883 2910 ex
915 2868 1186 2922 asclepiadeo
1218 2869 1380 2909 minore
1412 2867 1495 2907 orti
1526 2867 1647 2907 talis:

739 2941 776 2970 at
803 2937 929 2981 regina
953 2936 1055 2980 gravi
1081 2937 1204 2970 saucia
1230 2947 1317 2969 cura
