1898 3292
739 174 975 202 oPVSCVLVM
996 177 1033 201 11.
1566 171 1645 208 557

255 277 346 318 Iam
370 277 421 318 de
444 277 612 318 ratione
636 277 836 318 carminis
859 277 1057 331 rythmici
1078 276 1187 318 haec
1207 276 1339 319 habet
1357 278 1474 320 Beda
1497 280 1645 334 [2380]

130 343 317 386 ‘metrum
363 353 422 386 est
461 349 567 387 ratio
618 359 704 386 cum
746 349 1036 391 modulatione,
1081 349 1262 397 rythmus
1302 351 1519 388 modulatio
1559 351 1647 388 sine

137 416 309 454 ratione.
353 417 596 464 plerumque
624 421 752 455 tamen
785 427 882 454 casu
908 417 1078 463 quodam
1101 417 1280 454 invenies
1302 418 1419 455 etiam
1450 420 1646 456 rollonem

136 484 177 520 in
208 485 377 533 rythmo,
409 495 486 522 non
518 485 683 531 artificii
709 485 984 523 moderatione
1013 489 1228 530 servatam,
1260 487 1335 523 secl
1363 497 1460 524 sono
1487 492 1525 524 el
1555 488 1644 534 ipsa

135 552 406 590 modulatione
437 554 621 598 ducente,
655 564 773 600 quom
807 553 996 601 vulqares
1017 557 1162 600 poetae
1194 564 1360 591 necesse
1391 559 1449 591 esl
1481 556 1646 600 rustice,

137 620 422 668 doctiface'ant
446 616 597 659 (locte'.
660 631 782 671 quae,
815 617 919 658 satis
953 618 1177 659 commoda
1207 618 1409 672 alioquin,
1442 619 1523 661 hoc
1549 625 1645 661 tan-

134 688 224 725 tum
256 686 425 726 nomine
465 690 564 727 sunt
596 686 726 736 falsa,
771 686 885 739 quod
918 686 1119 727 dicuntur
1160 701 1262 728 casu
1302 688 1493 735 admitti,
1536 703 1646 742 quae

135 753 392 794 necessitate
424 767 671 807 provenere.
732 768 917 808 namque
948 754 1023 795 ubi
1058 755 1243 808 primum
1278 760 1466 797 coortast
1499 757 1646 798 modu-

134 820 239 862 latio
280 821 511 875 rythmica,
564 822 728 875 pridem
772 822 934 863 abolito
979 836 1103 863 versu
1145 824 1337 864 saturnio
1381 838 1463 864 non
1507 826 1646 878 potuit

133 888 238 940 fieri,
271 890 374 942 quin
407 890 601 931 consulto
632 891 705 930 illa
738 895 963 944 aptaretur
986 891 1279 944 vulgatissimo
1312 892 1465 945 cuique
1496 897 1645 935 metro,

134 957 282 1010 itaque
315 958 405 999 eius
436 972 586 999 norma
618 963 864 1000 constantes
895 959 1169 1000 inveniuntur
1190 960 1382 1013 primum*
1407 961 1648 1002 hexametri

136 1025 357 1081 dactylici,
401 1030 629 1080 praeterea
669 1027 843 1068 iambici
889 1027 1060 1069 dimetri
1109 1041 1159 1068 ac
1205 1028 1412 1079 trimetri,
1463 1029 1647 1082 denique

134 1095 378 1136 tetrametri
410 1095 637 1146 trochaici,
681 1096 753 1149 qui
795 1098 906 1137 omni
940 1100 1134 1150 tempore
1173 1097 1296 1138 valde
1328 1097 1532 1151 placuere
1566 1098 1647 1138 Ro-

133 1163 281 1213 manis,
313 1167 356 1204 et
387 1177 439 1204 ex
462 1164 695 1205 dimidiatis
729 1164 788 1205 eis
821 1165 903 1205 orti
936 1164 1116 1206 dimetri.
1179 1165 1254 1206 sed
1287 1170 1329 1206 et
1360 1166 1579 1220 sapphica,
1612 1167 1647 1207 si

133 1230 198 1272 dis
232 1231 397 1285 placet,
439 1236 482 1273 et
521 1231 812 1273 choriambica
843 1246 1078 1286 provenere
1111 1235 1313 1274 carmina.
1376 1234 1648 1275 continentur

133 1303 274 1340 autem
316 1299 451 1341 isdem
495 1304 774 1354 systematum
816 1300 973 1341 finibus
1013 1301 1145 1342 iambi
1188 1306 1230 1342 et
1266 1302 1483 1351 trochaei,
1540 1316 1646 1356 quos

132 1367 248 1421 apud
294 1368 442 1409 doctos
485 1368 816 1410 christianorum
862 1373 1012 1422 poetas
1062 1370 1297 1423 optinuisse
1345 1370 1455 1412 libro
1502 1371 1519 1411 Ι
1573 1385 1643 1412 ex-

134 1436 268 1490 posui.
342 1437 490 1490 itaque
549 1437 830 1478 dimetrorum
889 1441 1043 1490 quater
1092 1439 1406 1480 recurrentium
1460 1440 1645 1493 speciem

132 1504 268 1546 habes
298 1505 340 1545 in
375 1506 563 1546 carmine
595 1505 787 1559 Auspicii
820 1505 874 1546 ad
906 1506 1191 1559 Arbogastem
1224 1507 1324 1548 dato
1357 1507 1503 1562 [Mign.
1536 1508 1646 1558 LXI,

136 1574 435 1628 1005—1008]
470 1577 512 1614 et
541 1573 584 1613 in
614 1573 687 1614 illo
719 1573 1008 1626 pulcherrimo
1049 1573 1285 1625 ‘apparebit
1316 1580 1528 1626 repentino
1562 1580 1647 1617 dies

133 1654 281 1691 maqna
313 1638 499 1689 domini’,
545 1640 700 1694 quibus
738 1641 925 1695 plurima
956 1642 1117 1683 addent
1147 1643 1236 1684 sine
1268 1657 1412 1694 mora,
1458 1644 1647 1685 Danielis

134 1713 209 1750 aut
255 1713 494 1750 ceterorum
538 1710 611 1762 qui
660 1710 894 1751 evolverint
938 1711 1212 1752 collectanea.
1286 1712 1457 1765 dignum
1502 1717 1644 1753 autem

134 1778 341 1818 memoria
363 1777 525 1828 eadem,
558 1791 668 1831 quae
691 1780 861 1820 omnino
885 1781 1049 1833 optinet
1070 1781 1112 1820 in
1134 1780 1380 1821 ultimorum
1404 1785 1644 1835 temporum

134 1846 394 1887 carminibus
428 1846 606 1897 Latinis,
648 1847 788 1887 caveri
822 1861 945 1898 cura,
988 1853 1033 1889 ut
1065 1849 1107 1889 in
1139 1848 1221 1889 fine
1256 1849 1461 1902 strophae
1495 1863 1643 1890 sensus

134 1913 279 1967 aliquo
310 1915 436 1956 modo
470 1915 737 1956 terminetur.

249 1982 448 2024 Ceterum
480 1997 574 2024 cum
606 1987 695 2024 tam
728 1984 894 2025 curiose
926 1985 1121 2026 excultus
1152 1989 1265 2026 esset
1295 1998 1434 2026 sermo
1468 1985 1645 2026 Latinus

134 2050 189 2091 ad
211 2064 411 2092 numeros
442 2065 526 2092 non
547 2051 674 2092 modo
696 2051 916 2103 iambicos,
948 2053 1022 2094 sed
1045 2057 1087 2094 et
1109 2053 1354 2108 dactylicos,
1385 2067 1468 2094 non
1492 2054 1644 2095 mirum

135 2119 230 2169 erit,
262 2119 376 2172 quod
419 2120 650 2173 aliquando
690 2120 842 2161 haeres
873 2120 1046 2172 dubius,
1093 2122 1271 2163 nimisne
1312 2122 1427 2162 mala
1458 2123 1648 2163 carmina

133 2188 314 2228 metrica
357 2201 411 2228 an
454 2188 559 2229 satis
599 2188 714 2229 bona
755 2188 917 2230 habeas
960 2190 1182 2244 rythmica.
1255 2191 1304 2231 dc
1338 2190 1538 2243 qualibus
1569 2204 1646 2231 nos

133 2255 338 2297 iudicium
369 2257 413 2296 in
445 2256 632 2298 medium
662 2256 965 2310 relinquemus.
1026 2262 1071 2299 at
1111 2259 1222 2299 enim
1250 2259 1320 2299 vix
1353 2259 1648 2300 existimamus

133 2323 266 2364 isdem
299 2324 549 2366 auctoribus
589 2326 753 2378 pariter
782 2330 823 2366 ct
855 2326 1066 2380 rythmica
1104 2327 1295 2368 carmina
1337 2327 1573 2381 composita
1603 2332 1645 2368 et

133 2392 323 2434 metrica.

251 2459 334 2502 Sed
365 2461 450 2502 iam
483 2461 599 2515 leges
622 2461 887 2515 rythmorum
919 2476 999 2503 usu
1025 2462 1470 2516 frequentissimorum
1505 2468 1647 2505 certas

133 2529 472 2582 perstringemus
494 2543 623 2582 quam
645 2530 907 2572 brevissime.
960 2531 1011 2571 de
1039 2531 1195 2584 quibus
1218 2531 1291 2584 qui
1317 2531 1443 2584 plura
1465 2531 1647 2572 voluerit

138 2595 295 2647 doceri,
329 2597 447 2650 legat
476 2598 574 2639 libri
607 2598 658 2640 de
692 2599 885 2640 saturnio
917 2604 1054 2640 metro
1088 2613 1152 2652 pg.
1190 2603 1240 2640 29
1276 2603 1318 2640 et
1349 2603 1587 2652 sequentes.

250 2666 400 2718 ltaque
431 2666 615 2718 primum
644 2680 720 2708 nos
753 2667 977 2708 advertent
1008 2667 1246 2708 hexametri
1279 2667 1571 2708 Commodiani
1604 2671 1644 2708 et

135 2731 245 2785 siqui
278 2733 436 2774 similes
466 2734 819 2787 inscriptionibus
849 2735 996 2776 latent.
1058 2737 1130 2788 qui
1163 2735 1285 2775 valde
1317 2739 1416 2776 sunt
1449 2734 1645 2776 difficiles

136 2799 191 2840 ad
221 2800 448 2853 legendum
482 2815 558 2843 nec
589 2803 669 2843 nisi
701 2803 853 2844 auritis
887 2804 1025 2857 aperti
1057 2803 1321 2853 hominibus,
1363 2804 1559 2856 primum,
1599 2807 1647 2844 ut

135 2868 300 2910 minora
331 2869 541 2922 quaedam
571 2871 765 2912 omittam
791 2872 1108 2925 impedimenta,
1141 2871 1255 2924 quod
1276 2871 1445 2912 sublata
1477 2873 1645 2925 quanti-
