1898 3292
706 220 825 244 LIBER
845 219 999 243 PRIMVS.
1556 210 1606 247 97

102 341 195 367 cum
231 329 466 379 systemata
489 327 837 377 aspernarentur,
874 336 1069 361 versuum
1092 321 1300 373 pleraque
1323 334 1481 373 genera
1504 320 1608 360 mul-

100 399 190 435 tum
231 394 480 434 continuata
533 391 824 432 adhibuerunt
865 390 1029 430 Seneca
1071 392 1114 429 et
1152 390 1436 441 insequentes.
1506 388 1609 441 quid

101 463 209 504 enim
244 461 477 503 deformius
508 473 643 513 usque
684 458 880 512 repetitis
919 457 1008 497 sine
1042 456 1269 497 intervallo
1301 457 1489 497 numeris
1522 457 1609 510 gly-

102 531 243 572 coneis
277 530 341 571 vel
375 529 623 583 sapphicis?
664 531 793 568 aucta
832 539 932 567 vero
964 525 1153 566 facilitas
1185 525 1393 579 peccandi
1424 525 1609 578 primum

102 615 197 641 cum
232 602 377 641 aetate
402 600 642 650 Augustum
675 594 960 650 praecedente
983 608 1066 635 non
1090 594 1194 634 satis
1219 596 1438 634 constaret
1458 593 1610 646 poetis,

102 682 212 721 quae
253 668 400 721 inepta
440 669 583 707 essent
627 664 804 705 carmini
846 677 924 704 nec
956 666 1147 703 tractata
1179 666 1356 715 possent
1386 661 1611 711 nitescere,

101 736 254 777 deinde
285 735 430 788 inopia
461 733 720 787 argumenti,
751 746 861 785 quae
893 745 977 772 non
1008 731 1182 772 hercule
1214 730 1442 771 historicos
1473 730 1611 781 inagis

101 805 218 860 [Tac.
242 818 337 845 ann.
361 804 431 853 IV,
456 806 530 854 323
564 802 677 851 XIII,
702 801 773 855 31]
807 815 934 854 quam
967 803 1117 853 poetas
1141 799 1356 853 oppressit
1379 799 1611 840 Caesarum

100 873 280 927 imperio
314 873 551 925 optinente,
587 885 680 911 curn
714 873 922 923 quantum
955 882 1098 909 rerum
1131 868 1320 908 tenuitas
1352 867 1611 907 iucunditati

102 941 303 982 carminis
336 940 541 989 officeret,
573 943 694 979 tanto
725 938 860 990 magis
893 937 1056 977 animos
1085 936 1274 977 metricis
1306 936 1474 977 facetiis
1498 935 1612 976 allici

104 1010 374 1051 conduceret.
435 1008 547 1049 unde
587 1021 670 1048 non
710 1007 790 1048 fuit
822 1007 973 1046 mirum
1007 1004 1210 1045 abstrusa
1242 1009 1284 1045 et
1316 1004 1504 1045 absurda
1537 1004 1611 1044 ali-

103 1078 275 1132 quando
327 1091 525 1118 versuum
567 1090 726 1129 genera
769 1075 936 1116 delecta
980 1088 1072 1115 esse
1116 1088 1141 1114 a
1184 1073 1344 1127 poetis,
1388 1087 1525 1113 vacua
1566 1077 1613 1113 ut

103 1147 370 1188 oblectarent
396 1145 578 1198 ingenia.
632 1144 799 1185 accedit
831 1143 944 1196 quod
979 1157 1073 1183 cum
1107 1155 1178 1183 ars
1199 1142 1440 1182 hexametri
1462 1144 1612 1195 penta-

102 1215 312 1268 metrique
345 1213 526 1266 Augusti
557 1217 767 1267 tempore,
811 1216 1050 1253 ceterorum
1094 1225 1292 1251 versuum
1334 1210 1472 1264 primo
1516 1213 1614 1262 post

103 1284 319 1325 Christum
353 1282 525 1323 saeculo
558 1281 613 1322 ad
641 1280 949 1335 perfectionem
985 1284 1098 1320 esset
1129 1279 1336 1329 adducta,
1380 1278 1498 1319 nulla
1528 1278 1613 1318 iam

103 1356 278 1406 patente
302 1364 411 1392 nova
432 1351 501 1391 via
524 1354 690 1391 ceteros
714 1363 762 1390 eo
787 1348 1047 1389 descendere
1079 1361 1224 1389 verum
1258 1352 1363 1397 erat,
1397 1350 1444 1387 ut
1474 1347 1615 1400 plera-

104 1435 186 1475 que
216 1419 495 1461 artificiorum
529 1433 554 1459 a
584 1419 776 1472 priorum
812 1417 1024 1471 gravitate
1063 1417 1205 1458 aliena
1236 1416 1320 1457 iam
1352 1418 1617 1468 temptarent

103 1489 288 1531 novandi
334 1488 498 1538 studio,
547 1487 702 1540 quibus
748 1486 1019 1539 indulgentes
1065 1486 1192 1526 facile
1239 1484 1382 1538 potuit
1428 1483 1521 1524 fieri
1570 1487 1617 1523 ut

105 1557 463 1612 simplicissimam
498 1570 713 1609 quamque
747 1554 965 1596 iudicandi
998 1555 1209 1595 rationem
1241 1567 1345 1607 prae
1369 1551 1617 1593 difficilibus

108 1632 150 1668 et
190 1626 339 1667 alienis
382 1628 634 1678 spernerent
672 1623 883 1665 ludibriis.
950 1627 1179 1677 praeterea
1220 1622 1472 1663 observasse
1513 1620 1616 1661 mihi

105 1695 254 1736 videor
285 1695 327 1734 in
360 1694 474 1735 omni
506 1693 625 1747 poesi
658 1693 925 1746 temporibus
947 1691 1042 1742 illis,
1076 1691 1232 1744 quibus
1264 1689 1407 1731 studia
1438 1689 1618 1730 metrica

107 1763 161 1804 ad
183 1763 301 1805 lusus
325 1766 368 1803 et
389 1762 672 1803 amoenitates
697 1760 907 1811 diffluant,
939 1774 1093 1814 parum
1122 1759 1208 1800 iam
1241 1758 1418 1808 attendi,
1450 1757 1618 1810 singula

106 1846 307 1873 versuum
340 1845 498 1885 genera
531 1831 790 1884 quibusnam
822 1830 1093 1883 potissimum
1126 1828 1257 1868 animi
1289 1826 1516 1868 affectibus
1547 1839 1617 1867 ex-

106 1900 341 1955 primendis
374 1900 458 1941 sint
499 1903 618 1953 apta,
661 1899 748 1940 sive
780 1898 887 1939 illud
918 1897 1163 1951 ignorantia
1193 1897 1242 1937 fit
1272 1895 1362 1937 veri
1392 1920 1447 1924 -
1480 1908 1618 1947 nequo

108 1970 218 2010 enim
250 1969 370 2023 prius
401 1968 490 2009 fere
523 1968 601 2019 eis,
635 1981 741 2020 quos
774 1966 880 2016 dixi,
912 1965 1161 2019 indulgetur
1192 1964 1375 2015 lusibus,
1407 1963 1488 2004 nisi
1517 1976 1619 2003 vera

109 2042 152 2078 et
183 2038 331 2078 nativa
363 2041 456 2077 arte
488 2037 573 2077 iam
605 2036 800 2077 obsoleta
832 2060 903 2085 ——,
941 2048 1015 2075 seu
1046 2032 1242 2075 consulto
1272 2032 1325 2073 ab
1357 2032 1520 2073 usitata
1550 2031 1619 2071 via

111 2106 345 2147 deflectunt
376 2108 587 2156 auctores,
619 2104 818 2145 hebetem
850 2103 975 2143 nimis
1007 2102 1139 2144 suetis
1169 2101 1352 2155 dapibus
1375 2104 1545 2154 gustum
1578 2102 1620 2139 et

109 2189 278 2216 sensum
311 2173 565 2215 assiduitate
596 2172 722 2214 luxus
755 2174 1004 2212 enervatum
1043 2171 1127 2212 iam
1158 2170 1376 2212 inusitatis
1406 2167 1621 2209 illecebris

111 2247 153 2284 et
173 2242 431 2284 lautioribus
455 2241 617 2282 deliciis
647 2245 696 2282 ut
726 2240 910 2281 foveant.
962 2239 1143 2292 nisiquis
1174 2239 1332 2280 dixerit
1366 2236 1620 2278 difficultate

110 2311 204 2364 ipsa
235 2309 536 2360 artificiorum,
577 2309 732 2363 quibus
765 2309 850 2350 iam
883 2308 1086 2350 studeant
1113 2307 1203 2358 isti,
1236 2306 1366 2356 effici,
1400 2310 1545 2347 cetera
1575 2308 1623 2344 ut

110 2393 193 2420 non
224 2379 391 2432 possint
422 2376 613 2432 perinde
634 2377 870 2418 attendere.

225 2449 286 2488 Ac
316 2447 499 2501 primum
543 2446 714 2499 quidem
761 2446 1002 2486 reverentia
1034 2445 1339 2498 magistrorum
1374 2457 1468 2483 cum
1502 2441 1621 2482 nobi-

110 2516 295 2557 lissimos
324 2529 485 2566 versus,
517 2515 814 2556 hexametrum
846 2517 1251 2568 pentametrumque
1280 2511 1538 2565 dactylicum
1571 2523 1622 2549 ac

112 2585 324 2625 senarium
367 2583 621 2634 iambicum,
668 2583 763 2636 pari
805 2582 938 2624 ferme
975 2586 1104 2636 atque
1150 2580 1306 2622 Graeci
1346 2577 1624 2620 adhibuerint

112 2668 193 2694 usu
224 2652 404 2694 Romani
449 2652 565 2705 (nam
605 2665 657 2692 ne
699 2654 945 2692 saturarum
986 2650 1158 2703 quidem
1200 2649 1254 2689 ad
1292 2660 1493 2688 numeros
1525 2659 1623 2686 con-

114 2721 355 2762 stituendos
386 2720 613 2774 peregrino
646 2733 824 2773 prorsus
866 2732 1044 2760 caruere
1088 2717 1300 2770 exemplo,
1343 2714 1623 2763 conformato,

115 2804 166 2831 ex
200 2803 283 2842 quo
314 2789 471 2830 litteris
505 2792 570 2829 est
601 2787 795 2828 additum
819 2786 874 2828 ab
898 2787 1047 2837 Ennio,
1081 2798 1236 2838 genere
1258 2784 1340 2825 hoc
1363 2782 1417 2823 ad
1441 2782 1623 2823 Alexan—

115 2857 334 2898 drinorum
369 2860 593 2910 poetarum
623 2855 944 2908 imitationem),
986 2858 1169 2908 apparet
1209 2853 1347 2892 minus
1386 2850 1440 2890 ad
1471 2850 1623 2890 horum

114 2926 330 2979 pertinere
363 2925 558 2965 modulos
588 2929 633 2964 ut
667 2928 914 2976 quaeratur,
947 2937 1074 2976 quam
1109 2925 1208 2975 apte
1238 2920 1407 2960 diversa
1429 2919 1624 2971 poeticae

184 3005 214 3029 L.
234 3005 423 3035 Muelleri;
448 3005 491 3029 De
511 3013 531 3028 r.
552 3012 587 3028 111.
607 3012 634 3034 p.
656 3004 687 3028 L.
1335 2999 1344 3021 4
