1898 3292
212 208 262 245 22
824 210 1102 235 PROHOEMIVM.

215 322 385 358 nostrae
419 316 608 356 rationes
640 318 739 354 sunt
770 312 1015 366 patefactae
1046 325 1124 351 nec
1156 324 1239 351 non
1271 310 1323 350 de
1346 310 1537 362 priorum
1566 307 1719 348 studiis

215 386 457 439 expositum
489 382 744 437 plenissime.
805 381 936 433 igitur
968 394 1020 420 ne
1052 379 1137 419 Em
1154 377 1512 419 endationum
1549 376 1721 430 quidem

214 453 593 495 Nonianarum
638 449 896 490 libellum
942 448 1097 489 iterum
1141 446 1324 488 sustinui
1364 445 1552 486 inserere
1590 444 1721 498 operi,

214 520 477 576 parcendum
509 522 630 559 ratus
663 517 858 567 chartae,
898 531 993 557 cum
1033 514 1289 569 praesertim
1327 517 1416 554 tam
1448 513 1583 554 multa
1614 526 1723 554 nova

216 592 359 631 essent
389 587 599 629 addenda.

330 657 483 709 Itaque
515 658 563 696 ut
595 654 648 695 ad
674 652 854 706 Augusti
887 651 1031 693 statim
1056 650 1365 692 descendamus
1389 652 1588 700 aetatem,
1621 649 1724 690 Ver-

218 726 317 780 gilio
346 724 461 778 quod
493 738 518 764 a
547 736 613 764 me
649 722 854 763 adiuncta
887 723 985 762 sunt
1014 719 1147 761 ferme
1180 732 1290 772 quae
1323 718 1401 760 sub
1433 718 1603 759 nomine
1635 717 1725 758 eius

218 795 415 836 feruntur
456 790 684 846 opuscula,
729 790 811 830 hac
853 788 933 830 feci
980 802 1122 829 causa.
1194 790 1369 841 praeter
1401 787 1604 837 carmina,
1634 786 1725 838 qui-

218 864 298 905 bus
330 860 696 903 immortalitatem
729 857 910 898 nominis
944 860 1008 897 est
1039 855 1238 909 adeptus,
1271 856 1370 903 olim
1403 854 1546 896 extitit
1576 854 1726 895 antho-

220 932 331 985 logia
362 927 665 984 opusculorum
697 926 855 980 partim
878 924 932 966 ab
963 925 1056 979 ipso
1089 924 1178 965 fere
1210 923 1483 965 adulescente
1517 922 1725 976 composi-

220 1005 379 1048 torum,
418 997 576 1051 partim
609 1009 634 1036 a
663 994 842 1036 diversis
876 992 1142 1043 auctoribus,
1186 992 1261 1033 sed
1293 992 1448 1033 aetatis
1483 993 1728 1044 Augusteae

220 1069 363 1122 priore
395 1070 538 1120 parte,
570 1064 652 1105 hoc
683 1067 748 1105 est
779 1062 834 1104 ad
866 1075 901 1102 a.
936 1062 1107 1102 circiter
1141 1060 1221 1101 XII
1253 1074 1288 1101 a.
1313 1060 1428 1110 Chr„
1459 1074 1553 1101 cum
1586 1060 1727 1100 imita-

221 1137 335 1177 tione
367 1133 524 1176 Catulli
566 1136 608 1174 et
650 1134 875 1173 cantorum
918 1129 1206 1183 Euphorionis
1245 1129 1604 1182 conscriptorum,
1645 1141 1730 1180 qua

223 1203 554 1246 continebantur
594 1200 744 1250 CuleX,
783 1199 907 1249 Ciris,
949 1198 1180 1248 Moretum,
1214 1197 1348 1251 Copa,
1382 1197 1529 1247 Dirae,
1561 1195 1730 1237 libellus

224 1272 332 1317 κατὰ
364 1269 538 1321 λεπτόν,
570 1269 907 1323 Epigrammata,
942 1271 987 1308 ut
1018 1270 1124 1320 puta
1147 1265 1199 1307 de
1221 1264 1414 1315 Ballista,
1446 1265 1498 1306 de
1534 1264 1730 1306 Caesaris

223 1341 354 1391 ludis,
397 1339 448 1381 de
486 1337 789 1392 compilatore,
822 1335 1122 1390 Epitaphium,
1154 1334 1348 1387 Priapea.
1410 1347 1488 1375 nec
1532 1336 1614 1384 est,
1657 1346 1732 1374 cur

226 1412 406 1462 negetur
451 1407 569 1448 illam
602 1405 783 1458 Augusti
825 1408 1019 1458 tempore
1060 1403 1210 1444 ultimo
1244 1406 1286 1444 et
1318 1402 1501 1443 fortasse
1532 1401 1575 1442 in
1607 1401 1732 1442 domo

226 1476 455 1520 Messallae
486 1475 647 1516 factam
668 1477 890 1526 totamque
914 1472 969 1513 ad
991 1472 1150 1513 amicos
1174 1471 1264 1512 eius
1285 1469 1566 1511 referendam.
1617 1472 1733 1511 certe

228 1562 279 1588 ex
318 1546 446 1587 huius
490 1547 532 1585 et
573 1543 809 1584 amicorum
852 1540 988 1582 hortis
1028 1539 1297 1594 potissimum
1327 1539 1512 1592 Priapea
1553 1538 1734 1580 collecta

229 1629 375 1656 omnes
404 1612 537 1654 habet
568 1624 768 1652 numeros
803 1609 1136 1663 probabilitatis.

344 1681 536 1723 Accessit
567 1679 768 1732 deinceps
801 1679 964 1719 Aetnae
1004 1690 1194 1726 carmen,
1239 1675 1421 1717 Neronis
1453 1676 1541 1717 sive
1574 1675 1734 1729 Vespa-

232 1751 342 1793 siani
374 1754 568 1803 tempore
601 1746 774 1788 editum.

344 1819 487 1871 Atque
517 1819 656 1857 totum
695 1814 778 1855 hoc
818 1828 924 1868 opus
963 1813 1235 1867 inscriptum,
1281 1826 1365 1853 non
1407 1811 1512 1853 satis
1555 1815 1736 1863 constat,

232 1887 424 1942 quando,
458 1883 636 1937 Vergilii
666 1882 939 1924 Prolusiones
971 1881 1182 1937 [Diomed.
1215 1894 1282 1935 pg.
1315 1880 1416 1934 512]
1454 1879 1541 1920 sive
1567 1879 1738 1921 libellus

232 1955 440 1998 iuvenalis
460 1953 551 1994 ludi
583 1950 735 2007 [Naek.
755 1950 818 1992 ed.
837 1951 928 1992 Val.
947 1950 1093 1991 Caton.
1114 1949 1214 2003 223]
1246 1948 1393 1990 addito
1417 1948 1737 2002 epigrammate.

234 2026 285 2066 de
320 2037 406 2078 qua
434 2037 479 2064 re
511 2020 708 2075 pluribus
741 2019 903 2060 dictum
933 2019 975 2059 in
997 2018 1247 2073 prohoemio
1271 2016 1428 2059 Catulli
1447 2030 1516 2070 pg.
1534 2017 1629 2058 XLI
1647 2032 1738 2070 sqq.

348 2103 457 2144 Nam
499 2102 601 2151 alia,
645 2104 693 2141 ut
731 2099 894 2152 elegiae
931 2099 983 2140 de
1015 2098 1265 2139 Maecenate
1297 2097 1363 2138 vel
1402 2096 1510 2138 adeo
1547 2100 1740 2150 tempore

233 2173 383 2214 ultimo
423 2170 668 2211 litterarum
711 2168 964 2208 Latinarum
1008 2167 1281 2217 concinnata,
1325 2179 1435 2219 quae
1477 2165 1606 2206 medii
1647 2165 1741 2206 aevi

236 2246 388 2295 stupor
420 2238 601 2280 adfinxit
632 2237 832 2290 Vergilio,
864 2249 948 2277 non
980 2235 1109 2289 digna
1138 2234 1357 2275 memoria.

348 2319 459 2361 Illud
501 2317 662 2372 poterit
702 2316 837 2357 videri
877 2316 1049 2365 mirum,
1093 2314 1208 2368 quod
1250 2313 1463 2354 Moretum
1507 2327 1533 2353 a
1572 2313 1740 2353 Donato

235 2390 427 2443 [Sueton.
461 2386 524 2428 ed.
558 2384 808 2426 Reiffersch.
841 2398 909 2438 pg.
944 2384 1034 2438 58],
1075 2383 1147 2436 qui
1187 2382 1315 2423 etiam
1361 2381 1520 2434 Copam
1571 2382 1741 2431 omittit,

235 2470 313 2497 nec
355 2456 493 2496 minus
534 2469 559 2494 a
593 2454 739 2494 Servio
772 2453 821 2507 [1,
857 2456 874 2493 1
911 2452 974 2493 ed.
1010 2451 1136 2505 Thil.]
1173 2450 1468 2504 praeteritum.
1530 2448 1605 2490 sed
1642 2448 1741 2489 olim

236 2524 427 2565 adfuisse
458 2522 681 2576 probatur,
714 2522 750 2562 si
782 2520 908 2561 modo
940 2520 983 2560 in
1006 2520 1327 2573 epigrammate,
1361 2517 1476 2570 quod
1497 2517 1551 2558 ab
1575 2531 1637 2567 eo,
1669 2517 1744 2570 qui

239 2592 415 2645 Vergilii
447 2592 557 2632 male
587 2590 756 2644 putavit
795 2602 886 2629 esse
931 2587 1224 2640 anthologiam
1264 2586 1381 2627 illam
1423 2589 1578 2628 totam.
1618 2598 1742 2638 prae-

238 2661 457 2701 missumst
486 2659 596 2700 libro
628 2657 694 2698 vel
726 2657 987 2698 subiectum:

511 2752 594 2783 vate
621 2748 815 2793 Syracosio
843 2747 902 2790 qui
929 2747 1072 2780 dulcior
1100 2745 1340 2789 Hesiodoque

512 2807 638 2849 maior,
664 2805 852 2839 Homereo
879 2816 951 2838 non
977 2803 1097 2837 minor
1124 2814 1185 2836 ore
1214 2803 1292 2846 fuit,

512 2864 608 2897 illius
632 2863 722 2896 haec
750 2873 895 2905 quoque
925 2864 1010 2894 sunt
1035 2860 1147 2894 divini
1173 2859 1353 2894 elementa
1378 2861 1509 2902 poetae

515 2925 552 2954 et
576 2920 676 2953 rudis
701 2919 738 2952 in
765 2919 865 2953 vario
892 2918 1052 2952 carmine
1081 2916 1255 2961 Calliope,
