1898 3292
259 221 341 259 520
837 226 957 251 LIBER
977 226 1178 251 snprmvs.

257 331 476 371 trimetros
518 329 738 370 Plautinos
781 329 1033 370 Catullianis
1082 328 1168 369 sive
1213 328 1462 369 Horatianis
1508 332 1630 369 tanto
1674 343 1765 369 esse

257 399 505 449 inferiores,
549 402 710 451 quanto
753 398 927 439 fuerunt
957 397 1142 438 Hercule
1173 397 1386 451 Pygmaei.
1449 400 1638 438 ceterum
1672 412 1766 438 cum

257 468 299 508 in
342 467 635 508 scaenicorum
690 471 783 508 arte
829 466 962 507 multo
1004 466 1130 520 plura
1175 465 1364 519 vulgaris
1404 466 1766 518 pronuntiationis

258 536 508 576 diversitate
550 539 593 576 et
634 539 858 576 auctorum
900 534 1076 576 libidine
1114 538 1460 588 temperarentur
1492 548 1620 587 quam
1652 534 1767 587 apud

259 603 506 658 dactylicos,
536 604 571 645 si
602 603 728 644 aliter
759 618 827 644 res
860 603 1070 654 cessisset,
1112 602 1312 657 rythmici
1343 602 1516 653 moduli,
1550 603 1621 655 qui
1655 616 1680 643 a
1712 603 1765 643 M.

260 672 421 714 Aurelii
453 675 646 726 tempore
678 672 803 725 vulgo
836 672 1081 725 optinuere,
1118 671 1187 712 vix
1217 671 1436 712 dubiumst
1466 671 1568 724 quin
1600 671 1767 712 duobus

259 740 441 782 saeculis
479 744 579 782 ante
620 740 780 781 fuerint
820 740 1080 794 proventuri.
1142 754 1280 793 neque
1322 740 1433 780 enim
1474 739 1599 780 aliter
1639 754 1767 792 quam

257 813 380 850 tanta
432 808 740 864 dactylicorum
788 822 963 850 normae
1005 812 1047 850 et
1092 809 1321 850 severitate
1367 812 1408 849 et
1458 808 1767 861 aequabilitate

259 878 420 928 evenit,
453 882 501 919 ut
532 878 735 918 metricae
768 878 971 930 antiquae
1003 877 1163 918 diutius
1197 890 1323 930 quam
1358 876 1575 930 religionis
1607 877 1768 918 valeret

258 947 495 988 auctoritas
524 949 656 999 utque
691 946 816 987 citius
847 946 1016 999 imperii
1039 946 1220 987 Romani
1253 960 1381 999 quam
1413 946 1630 987 Romanae
1662 946 1767 987 artis

257 1016 420 1069 periret
461 1015 608 1056 honos.
671 1028 769 1055 nam
812 1014 917 1055 illud
958 1019 1109 1068 sponte
1153 1014 1388 1055 concedent
1435 1029 1580 1056 omnes
1621 1015 1769 1067 poesin

258 1084 513 1138 rythmicam
547 1088 593 1124 ut
624 1097 702 1124 nec
733 1083 950 1124 veteribus
992 1083 1232 1125 rationibus
1272 1084 1377 1124 satis
1414 1098 1491 1124 nec
1533 1083 1637 1124 satis
1669 1098 1766 1124 neo-

257 1153 405 1194 tericis
436 1152 767 1206 respondentem
803 1153 925 1205 quasi
965 1152 1191 1193 biformem
1234 1152 1453 1193 hominum
1492 1151 1768 1206 ferarumque

256 1226 429 1276 partum
463 1221 642 1262 monstri
674 1221 945 1274 prodigiique
978 1235 1069 1262 esse
1101 1220 1372 1262 simillimam.

376 1292 428 1331 At
475 1291 585 1331 enim
628 1289 882 1331 difficultate
925 1290 1126 1331 carminis
1166 1289 1375 1343 imprimis
1427 1290 1615 1331 evenisse
1662 1290 1770 1331 dixit

257 1360 498 1401 Grauertus
531 1358 681 1413 [Koen.
711 1373 792 1412 spr,
824 1359 861 1400 (l.
891 1373 1020 1400 roem.
1057 1374 1119 1413 ep.
1152 1374 1190 1412 p.
1225 1359 1347 1413 308],
1378 1362 1466 1399 tam
1503 1359 1586 1399 cito
1618 1363 1666 1399 ut
1697 1374 1768 1400 ex-

256 1429 526 1481 tingueretur
556 1428 634 1469 flos
665 1428 861 1482 poeticae
892 1428 1083 1468 Latinae.
1146 1428 1269 1481 quasi
1300 1441 1400 1468 vero
1432 1442 1515 1468 non
1552 1432 1768 1469 constaret

256 1497 652 1551 praestantissimos
685 1497 844 1550 alioqui
877 1500 996 1538 vates
1028 1500 1220 1537 veterum
1252 1497 1381 1537 etiam
1410 1496 1541 1537 fuisse
1570 1511 1768 1538 versuum

257 1566 445 1607 artifices
469 1565 838 1619 prudentissimos,
870 1569 945 1606 aut
977 1565 1099 1618 quasi
1124 1565 1304 1606 Romani
1336 1579 1418 1606 non
1451 1569 1620 1606 tantum
1652 1566 1769 1606 iuva·

256 1638 406 1676 rentur
429 1634 704 1688 simplicitate
726 1648 940 1684 versuum,
964 1637 1171 1687 quantum
1195 1634 1425 1675 severitate
1446 1633 1768 1687 impedirentur.

256 1704 343 1744 tale
376 1703 573 1757 equidem
605 1704 766 1744 crimen
790 1706 890 1757 apte
923 1703 1144 1756 ingeretur
1173 1703 1244 1753 eis,
1278 1702 1441 1744 alienos
1464 1704 1537 1756 qui
1570 1716 1769 1744 numeros

257 1772 445 1813 externis
476 1773 727 1825 usurparint
759 1772 964 1822 modulis7
1008 1785 1033 1812 a
1075 1771 1191 1824 quali
1232 1772 1446 1825 pravitate
1484 1772 1575 1825 ipse
1607 1772 1768 1813 Ennius

257 1841 438 1882 multum
478 1841 560 1882 fuit
590 1841 795 1882 diversus.
856 1841 941 1881 iam
983 1841 1018 1881 si
1061 1840 1320 1882 concedetur
1362 1841 1552 1882 rationes
1592 1839 1770 1894 dactyli-

257 1924 403 1951 corum
445 1914 569 1963 aptas
608 1909 740 1951 fuisse
776 1910 1034 1963 proprietati
1072 1910 1278 1950 sermonis
1315 1909 1476 1959 Latini,
1517 1909 1631 1950 ultro
1673 1923 1770 1950 con-

257 1978 372 2019 cidet
417 1978 608 2032 opinatio
650 1978 864 2020 Grauerti.
939 1981 981 2019 et
1022 1978 1196 2019 hercule
1236 1991 1319 2019 non
1358 1992 1508 2019 versus
1555 1978 1770 2031 pangendi

258 2047 367 2088 mira
398 2046 631 2088 difficultas
663 2047 842 2101 spiritus
876 2047 1164 2087 Romanorum
1192 2047 1331 2100 fregit,
1364 2046 1439 2088 sed
1462 2047 1621 2088 Tiberii
1655 2046 1770 2088 Gaii-

257 2130 339 2169 que
372 2130 423 2157 ac
454 2115 637 2157 Neronis
677 2119 719 2157 et
751 2119 990 2157 ceterorum
1032 2115 1160 2156 foeda
1194 2115 1469 2169 impotentia,
1514 2129 1652 2168 neque
1685 2115 1771 2156 ulla

258 2185 338 2225 fuit
368 2184 423 2225 ad
456 2184 776 2238 depravandam
821 2188 950 2237 atque
994 2184 1288 2225 invertendam
1320 2185 1533 2238 poeticam
1574 2184 1771 2225 Latinam

258 2267 389 2294 causa
418 2257 506 2294 tam
540 2253 693 2294 efficax
716 2267 844 2306 quam
874 2253 1020 2306 inopia
1051 2253 1259 2294 materiae
1289 2253 1376 2303 illa,
1409 2267 1519 2306 quae
1538 2253 1770 2294 Caesarum

256 2321 437 2375 imperio
471 2324 514 2362 et
546 2325 793 2375 contemptu
826 2322 1091 2376 reipublicae
1133 2335 1210 2362 nec
1243 2321 1381 2363 minus
1413 2322 1666 2375 religionum
1699 2321 1769 2362 de-

258 2390 373 2430 fectu
414 2393 457 2430 et
498 2390 710 2431 communi
754 2391 920 2443 generis
961 2390 1136 2431 humani
1179 2389 1476 2431 imbecillitate
1519 2394 1613 2431 orta
1663 2389 1770 2430 adeo

258 2458 473 2511 oppressit
503 2462 655 2512 poetas
691 2458 887 2510 Latinos,
930 2463 977 2500 111
1008 2459 1373 2512 ingeniosissimus
1410 2459 1590 2512 quisque
1623 2472 1769 2500 eorum

257 2527 394 2580 magis
436 2530 668 2580 angeretur
710 2527 863 2568 studiis
911 2528 1098 2582 propriis
1140 2542 1269 2581 quam
1314 2527 1567 2568 elevaretur.
1636 2541 1770 2580 quare

257 2609 434 2649 prorsus
472 2609 496 2636 a
538 2608 637 2635 vero
670 2595 890 2636 aberravit
921 2596 1124 2637 Platenus
1168 2595 1234 2652 [IL
1263 2611 1302 2649 p.
1340 2596 1456 2650 296],
1500 2595 1599 2636 dum
1640 2595 1768 2648 Klop-

258 2663 397 2705 stokio
431 2664 638 2705 minorem
678 2678 806 2717 quam
840 2664 1021 2706 Horatio
1065 2665 1253 2706 adfuisse
1296 2665 1461 2718 copiam
1498 2678 1640 2705 rerum
1684 2677 1769 2704 me-

258 2736 409 2773 morat.
471 2746 733 2786 quamquam
767 2732 973 2774 Horatius
1006 2733 1128 2774 initia
1166 2734 1477 2787 imperatorum
1518 2736 1560 2773 et
1589 2732 1767 2773 liberam

259 2801 387 2841 etiam
419 2801 526 2841 vidit
556 2800 885 2854 rempublicam,
930 2816 1027 2842 mox
1062 2805 1281 2843 crescente
1323 2802 1366 2842 in
1399 2802 1488 2842 dies
1521 2801 1693 2841 servitio
1727 2804 1767 2840 et

259 2868 470 2910 exhausta
513 2883 596 2910 non
636 2869 762 2910 modo
804 2869 938 2910 libere
981 2870 1149 2911 dicendi
1182 2895 1235 2900 —-
1266 2870 1310 2911 id
1344 2870 1453 2910 enim
1486 2870 1570 2910 iam
1604 2868 1769 2922 pridem

258 2938 420 2980 factum
453 2942 547 2980 erat
578 2963 645 2991 —-‚
679 2938 753 2980 sed
786 2939 850 2982 vel
883 2938 1086 2980 adulandi
1114 2939 1319 2980 facultate
1343 2939 1443 2994 quid
1477 2938 1592 2980 aliud
1618 2943 1767 2991 poetae
