1898 3292
201 216 253 253 28
815 221 1091 246 Pnonoumrviu.

202 325 411 376 Daedalo,
443 325 611 365 inverso
644 323 815 374 ordine3
854 327 943 364 tum
975 323 1194 365 intellecto
1228 337 1375 363 errore
1408 323 1707 364 hexametrum

201 393 372 447 quidem
412 397 478 434 ille
502 398 630 444 ferox
660 395 759 433 solio
791 396 1171 442 solzcs·scep[1·0que
1195 395 1355 441 policur
1385 405 1468 432 non
1500 391 1707 442 additum,

201 462 276 504 sed
319 466 636 515 pentametrum
679 474 767 501 cum
807 474 904 501 sene
945 474 1017 500 nos
1059 463 1170 509 inopi
1212 462 1331 500 curba
1363 473 1559 510 vammum·
1592 463 1708 510 inops

201 531 368 571 incuria
413 529 581 571 librarii
627 529 826 570 relictum
879 530 978 581 post
1021 542 1056 567 v.
1103 527 1209 568 LXI.
1282 531 1513 580 utrumque
1564 532 1708 569 autem

201 599 351 640 vitium
380 612 463 639 non
495 601 559 639 est
598 597 814 638 sublatum
852 596 895 637 in
926 595 1145 636 Puteaneo
1177 596 1258 636 nisi
1290 610 1399 637 saec.
1432 597 1522 637 XII.
1577 597 1709 650 igitur

202 668 331 709 etiam
354 666 453 707 hinc
473 665 686 719 probatur
706 665 863 706 librum
888 664 1169 718 archetypum
1192 678 1369 717 operum
1402 665 1708 706 amatoriorum

202 735 341 777 Ovidii
388 734 590 776 habuisse
635 733 811 786 singulis
860 732 1028 786 paginis
1076 731 1141 773 bis
1187 746 1334 774 versus
1365 733 1534 774 vicenos
1574 748 1708 775 senos.

202 803 317 857 quod
349 817 443 844 cum
476 803 545 844 via
576 806 645 844 sat
677 805 797 843 certa
827 801 1182 854 computarimus,
1215 815 1294 854 age
1325 801 1411 842 iam
1444 801 1552 843 alias
1583 816 1709 855 quas-

203 872 303 913 dam
324 872 639 926 perlustremus
661 871 863 920 rationes,
897 869 1051 922 quibus
1074 873 1223 922 aperte
1244 869 1357 910 idem
1380 869 1710 911 demonstretur.

201 940 317 982 velut
361 940 476 993 quod
520 954 545 980 a
590 939 737 981 codice
768 939 985 979 Puteaneo
1033 937 1190 978 absunt
1237 938 1521 991 epistularum
1563 953 1710 980 versus

202 1009 329 1063 primi
362 1008 557 1059 CXXIX,
599 1008 694 1061 quis
732 1008 817 1048 iam
859 1005 1035 1059 negabit
1075 1005 1261 1047 defuisse
1301 1006 1392 1047 eius
1426 1007 1626 1060 scriptori
1660 1007 1711 1048 de

201 1077 312 1118 libro
345 1077 578 1131 archetypo
610 1076 739 1117 trium
770 1075 967 1116 foliorum
999 1075 1187 1128 quinque
1218 1078 1397 1128 partes?
1432 1075 1584 1116 deinde
1616 1090 1709 1116 cum

204 1145 505 1186 Remediorum
536 1144 701 1198 pariter
731 1144 868 1197 primo
891 1158 1016 1184 versu
1039 1147 1081 1184 et
1103 1143 1479 1196 septingentesimo
1502 1144 1712 1197 quinqua-

204 1214 363 1267 gesimo
395 1214 578 1267 paginas
609 1212 835 1254 incohatas
868 1226 962 1253 esse
994 1215 1062 1253 sat
1092 1215 1269 1261 constet,
1302 1216 1486 1265 apparet
1515 1212 1713 1266 partibus

204 1283 358 1324 harum
391 1282 563 1335 saepius
595 1282 719 1334 longe
750 1281 920 1322 vicenos
952 1295 1076 1322 senos
1100 1295 1229 1334 quam
1252 1281 1422 1322 vicenos
1455 1281 1606 1333 quinos
1638 1280 1712 1321 ad-

203 1351 335 1392 fuisse
367 1365 527 1392 versus.
577 1353 807 1403 praeterea
839 1364 934 1390 cum
966 1364 1018 1390 ex
1050 1349 1255 1402 opusculo
1288 1348 1340 1390 de
1360 1348 1713 1390 medicaminibus

206 1420 369 1460 formae
398 1418 525 1460 hodie
559 1421 707 1459 extent
737 1432 885 1459 versus
909 1418 951 1468 C,
984 1417 1182 1458 dicentur
1215 1418 1414 1458 nimirum
1448 1417 1500 1458 de
1531 1432 1580 1458 oo
1613 1417 1714 1458 bina

206 1502 257 1529 ex
289 1487 523 1542 archetypo
556 1490 728 1528 servat-a
759 1501 851 1528 esse
882 1485 996 1527 folia.
1057 1490 1148 1527 tum
1178 1486 1292 1539 quod
1324 1500 1376 1527 ex
1410 1486 1603 1540 epistulis
1635 1486 1713 1526 Pa-

204 1556 309 1597 ridis
341 1560 383 1597 ct
403 1556 620 1610 Cydippae
644 1569 792 1596 versus
816 1555 906 1596 CIV
939 1558 981 1596 et
1011 1554 1261 1596 COXXXVI
1291 1554 1436 1596 omissi
1459 1558 1558 1596 sunt
1584 1569 1713 1595 inem-

205 1625 352 1666 branis
394 1624 581 1679 optimis,
623 1625 897 1677 paginarum,
940 1637 1050 1676 quae
1088 1623 1214 1676 vulgo
1247 1622 1466 1674 dicuntur⁷
1508 1626 1715 1676 quattuor

207 1697 250 1734 et
290 1708 441 1735 novem
483 1707 763 1747 agnoscemus
802 1692 1028 1733 defectum.
1096 1705 1225 1745 porro
1271 1691 1386 1744 quod
1434 1692 1476 1732 in
1525 1691 1714 1732 carmine

207 1762 424 1816 Cydippae
464 1762 587 1803 multi
630 1761 733 1803 libri
773 1761 978 1802 deficiunt
1022 1764 1121 1814 post
1162 1775 1197 1800 v.
1231 1760 1416 1811 CXLIV,
1465 1759 1715 1801 auctoribus

208 1845 355 1872 eorum
387 1831 570 1884 adparet
601 1844 652 1872 ex
681 1830 915 1884 archetypo
952 1833 1128 1883 praeter
1158 1842 1306 1870 versus
1338 1828 1419 1869 XII
1449 1828 1610 1882 primos
1641 1828 1714 1869 ad-

206 1900 337 1940 fuisse
380 1899 596 1950 CXXXII,
645 1899 684 1939 h.
729 1912 762 1940 e.
816 1898 1004 1951 quinque
1050 1898 1252 1951 paginas,
1302 1897 1346 1937 in
1395 1910 1577 1950 quarum
1630 1911 1716 1938 una

208 1967 421 2009 distichon
451 1972 565 2009 esset
595 1967 778 2021 margini
802 1967 1080 2021 adscriptum.
1124 1970 1305 2020 potuere
1330 1969 1373 2006 et
1394 1965 1479 2006 alia
1503 1964 1715 2018 quaedam

207 2036 320 2086 addi,
353 2037 509 2089 quibus
542 2036 764 2090 archetypi
795 2035 1031 2077 carminum
1064 2035 1203 2076 Ovidii
1234 2033 1542 2075 amatoriorum
1574 2047 1714 2074 exem-

205 2104 302 2158 plar
343 2105 469 2157 quale
511 2104 720 2158 descripsi
762 2104 1060 2155 adsereretur3
1115 2103 1191 2145 sed
1235 2106 1282 2144 ut
1322 2105 1427 2156 puto
1471 2115 1581 2155 quae
1628 2101 1715 2142 dixi

207 2172 433 2214 sufficient.

321 2241 519 2282 Ceterum
564 2255 660 2282 cum
691 2241 761 2282 vix
802 2241 992 2295 potuerit
1032 2241 1074 2280 in
1113 2239 1186 2280 illo
1229 2238 1333 2280 ordo
1365 2237 1575 2279 librorum
1607 2238 1716 2279 alius

208 2324 301 2352 esse
331 2324 460 2363 quam
498 2324 625 2363 quem
666 2323 797 2363 supra
836 2309 1039 2359 indicavi,
1084 2307 1234 2349 dubito
1273 2321 1402 2360 quam
1445 2306 1498 2348 ob
1542 2320 1715 2347 causam

209 2378 495 2419 Medicamina
541 2378 706 2419 formae
756 2378 811 2419 ad
853 2380 1090 2418 extremum
1140 2376 1225 2418 sint
1269 2375 1462 2428 relegata
1507 2375 1715 2416 volumen.

209 2447 324 2500 quod
355 2448 389 2488 si
429 2461 513 2488 non
555 2460 657 2488 casu
700 2446 857 2496 evenit,
896 2449 972 2487 aut
1009 2445 1106 2486 ideo
1149 2444 1311 2485 factum
1352 2444 1560 2494 dicemus,
1603 2442 1717 2495 quod

208 2514 360 2556 ultimo
400 2515 494 2556 loco
541 2514 596 2556 ab
630 2514 780 2556 Ovidio
821 2522 919 2555 sunt
946 2516 1198 2554 ‘retractata
1236 2516 1312 2553 aut
1351 2511 1465 2565 quod
1512 2511 1566 2552 ad
1604 2511 1717 2551 solas

208 2584 426 2637 pertinent
456 2583 637 2625 feminas
666 2587 709 2624 et
740 2583 913 2636 quidem
945 2596 1018 2623 eas
1040 2584 1209 2622 tantum
1238 2580 1411 2621 illarum
1445 2583 1572 2630 artes,
1606 2593 1716 2632 quae

210 2652 402 2705 corporis
436 2665 540 2693 cura
571 2654 779 2693 constant.

325 2721 545 2761 Hactenus
587 2720 638 2761 de
679 2719 872 2760 versibus
910 2718 1147 2771 antiquitus
1179 2716 1351 2758 traditis
1382 2717 1424 2756 in
1453 2716 1591 2757 Ovidii
1624 2730 1717 2756 car-

210 2788 396 2829 minibus
428 2789 660 2830 amatoriis.
708 2791 845 2828 restat
877 2786 928 2827 de
952 2786 1131 2827 diversis
1154 2785 1448 2838 Epistularum
1470 2783 1718 2825 auctoribus

210 2860 259 2897 ut
289 2856 543 2909 disputetur.
604 2870 715 2910 quae
748 2859 893 2896 tamen
931 2853 1147 2895 difficilior
1186 2853 1311 2906 longe
1351 2853 1547 2906 quaestio
1589 2866 1717 2905 quam

210 2924 482 2967 fructuosior.
