1898 3292
735 258 855 282 LIBER
874 257 1029 282 sssx'rvs.
1555 251 1578 288 4
1585 250 1607 288 3
1614 251 1636 287 7

130 365 266 401 metro
300 360 474 401 Ovidius
510 360 622 416 [met.
656 359 748 409 XII,
776 359 874 415 46ss]
922 358 1266 409 ‘Macedoniaque
1296 357 1494 408 scm-issa',
1542 375 1635 401 cum

132 432 301 470 Macedo
333 432 375 469 et
408 431 584 470 Maceles
615 427 806 469 habeant
835 441 856 468 e
887 430 1142 481 correptam.
1204 426 1355 468 melius
1391 431 1533 469 tamen
1565 427 1635 469 ille

130 496 344 538 consuluit
373 496 619 538 necessitati
652 510 780 549 quam
812 495 1022 537 Luxorius
1054 498 1097 536 et
1127 495 1307 545 Arator,
1352 495 1424 548 qui
1462 496 1634 537 tertiam

128 565 169 606 in
217 564 365 606 eodem
409 564 618 606 vocabulo
664 563 961 617 produxerunt
1005 564 1117 617 [321,
1153 567 1196 614 13
1243 576 1280 604 a.
1322 576 1388 616 ap.
1423 563 1480 614 ΙΙ,
1522 565 1635 619 319].

128 636 218 673 tum
249 646 418 686 semper
446 632 575 686 longa
606 632 746 686 prima
776 631 1037 673 adhibentur
1069 644 1094 672 a
1125 630 1348 686 dactylicis
1380 634 1634 683 Phylacides,

129 704 368 750 Priamides,
401 704 655 752 Polydamas,
688 704 1026 752 Polydamanteas
1061 698 1206 756 [Silius
1237 699 1329 750 XII,
1363 698 1484 755 212],
1524 704 1634 751 poly-

121 784 216 820 pus,
251 773 473 821 polyposas
515 768 715 825 [Martial.
748 768 845 818 XII,
879 771 944 819 37,
978 767 1039 824 2],
1082 770 1314 820 Moizychos.
1367 781 1548 820 quorum
1581 767 1635 809 ad

128 837 448 879 similitudinem
493 836 782 878 choriambice
827 839 1046 890 ponuntur
1088 850 1114 877 a
1151 835 1351 877 Iuvenale
1395 838 1437 876 et
1473 835 1635 877 Rutilio

129 905 182 962 [7,
206 909 309 957 2043
330 905 362 956 I,
386 904 483 961 595]
517 904 591 946 illa
622 908 912 956 lerasymachi
942 907 1006 959 (at
1032 908 1065 946 T
1063 907 1323 956 liarsymachi
1343 903 1634 957 Ritschelius),

128 976 336 1014 Lachanii.
408 976 636 1027 praeterea
677 973 788 1014 sicut
830 976 990 1014 Belides
1032 972 1086 1014 ab
1130 971 1349 1022 omnibus,
1388 980 1424 1012 ‘a
1463 970 1634 1013 Nasone

127 1045 380 1093 Lycaryides
411 1044 613 1095 porrecta
643 1039 820 1082 effertur
849 1041 1115 1095 paenultima
1160 1040 1235 1097 [lb.
1270 1039 1382 1096 501}
1444 1039 1553 1081 dixit
1582 1039 1634 1081 de

125 1113 308 1163 utroque
342 1109 584 1150 Priscianus
617 1108 700 1165 [pg.
735 1108 854 1165 584],
897 1109 969 1162 qui
1012 1112 1055 1150 et
1097 1109 1183 1150 alia
1214 1108 1403 1150 eiusdem
1433 1108 1633 1150 licentiae

125 1177 267 1219 adfert
306 1177 514 1231 exempla,
557 1190 667 1230 quae
708 1179 852 1217 tamen
891 1177 1151 1218 auctoritate
1190 1180 1289 1218 sunt
1321 1176 1540 1227 destituta,
1586 1180 1633 1218 ut

131 1248 338 1295 Codrides,
370 1248 560 1297 Laqicles.

239 1314 398 1356 Contra
429 1317 477 1354 ut
508 1313 701 1354 omittam
730 1312 896 1366 vulgari
928 1327 1008 1354 usu
1040 1313 1139 1354 olim
1173 1316 1374 1366 correpta
1403 1312 1478 1354 illa
1507 1327 1632 1364 qaan-

126 1386 351 1434 doqaidem‚
383 1385 594 1433 siquidem,
637 1385 786 1436 aperte
813 1381 1013 1436 dactylici
1046 1382 1248 1423 carminis
1280 1384 1457 1435 propter
1487 1396 1633 1423 neces-

125 1451 295 1492 sitatem
319 1450 515 1492 breviata
537 1464 588 1491 ea
611 1463 720 1503 quae
743 1454 842 1491 sunt
873 1453 1089 1499 Paeonius,
1113 1453 1342 1501 paeonicas
1375 1449 1633 1506 [Terentian.

127 1518 266 1575 1532}
298 1521 526 1569 Hipponias
560 1517 774 1575 [Grattius
805 1517 919 1575 416],
952 1521 1151 1559 Leucosia
1185 1517 1274 1574 [Ov.
1296 1521 1395 1559 met.
1418 1517 1508 1568 XV,
1534 1522 1632 1569 7083

124 1588 195 1629 Sil.
218 1587 329 1638 VIII,
354 1586 466 1643 580],
499 1601 592 1628 cum
628 1586 839 1627 communi
862 1587 948 1627 sint
969 1586 1158 1628 secunda
1179 1589 1371 1627 Sidonias
1403 1589 1444 1627 et
1466 1589 1631 1628 Edonis.

123 1669 253 1710 porro
284 1658 483 1696 Edonium
516 1655 550 1696 si
583 1654 805 1696 credemus
835 1654 993 1696 dixisse
1025 1654 1240 1695 Romanos
1275 1667 1354 1708 pro
1388 1657 1542 1702 Edono,
1580 1668 1633 1695 ne

122 1725 259 1778 ipsam
303 1723 474 1777 quidem
517 1736 601 1764 non
642 1726 880 1764 statuemus
917 1722 1105 1763 breviari
1150 1737 1184 1764 ο.
1261 1735 1521 1776 quamquam
1565 1736 1633 1764 res

122 1793 299 1834 incerta.
359 1791 491 1832 veluti
519 1791 644 1833 Statii
676 1790 920 1832 Thebaidos
953 1790 989 1831 V
1024 1790 1108 1846 [78]
1155 1804 1248 1831 cum
1287 1790 1456 1832 codices
1488 1804 1633 1832 omnes

122 1864 318 1902 tutentur
346 1859 527 1901 formam
558 1859 815 1913 longiorem,
857 1859 958 1899 item
997 1872 1099 1912 pars
1139 1872 1286 1900 eorum
1318 1859 1359 1899 in
1388 1859 1468 1900 XII
1502 1858 1541 1915 [7
1549 1858 1632 1915 33],

121 1929 164 1969 in
193 1928 337 1982 priore
368 1927 462 1968 loco
505 1927 632 1968 etiam
676 1927 840 1968 scholia
882 1927 1118 1968 Beruensia
1149 1926 1310 1967 Lucani
1354 1926 1425 1982 [ad
1454 1927 1485 1977 Ι,
1518 1926 1631 1982 675],

121 1997 165 2037 in
212 1995 360 2037 eodem
406 1995 643 2036 breviorem
691 1998 877 2036 testatur
921 1996 1093 2036 Servius
1139 1994 1209 2051 [ad
1248 2008 1339 2035 aen.
1378 1994 1480 2044 XII,
1522 1994 1631 2050 365}

121 2069 211 2106 tum
254 2063 467 2105 communi
503 2063 628 2117 vulgo
660 2066 759 2104 sunt
789 2063 928 2117 prima
965 2066 1181 2111 Gradivus,
1222 2065 1390 2115 Cyrene,
1422 2065 1631 2104 sichaeus.

123 2132 306 2186 denique
346 2135 481 2172 Asiam
523 2135 572 2172 ut
609 2131 842 2172 innumeris
883 2131 1088 2185 exemplis
1130 2131 1352 2173 tribracho
1391 2135 1634 2184 aequarunt

122 2204 333 2251 auctores,
377 2200 439 2240 ita
469 2200 702 2241 Homerum
736 2214 858 2240 suum
891 2203 1063 2241 secutus
1107 2198 1163 2255 [il.
1196 2200 1246 2250 ΙΙ,
1279 2198 1376 2254 461]
1419 2199 1632 2252 Vergilius

121 2282 198 2322 per
220 2267 435 2322 dactylum
459 2267 566 2308 dixit
600 2266 758 2323 [georg.
782 2268 812 2317 Ι,
837 2270 916 2309 383
941 2281 1023 2320 sq.;
1055 2280 1146 2308 aen.
1169 2267 1259 2317 VII,
1284 2270 1359 2308 701
1387 2280 1471 2320 sq.;
1503 2280 1539 2319 g.
1563 2267 1632 2317 IV,

125 2340 229 2388 3433
271 2335 322 2377 cf.
353 2339 396 2377 et
426 2335 579 2377 Catull.
613 2339 678 2386 61,
710 2335 779 2391 22]
825 2339 923 2377 Asia
953 2361 1006 2365 —
1032 2343 1186 2386 prata,·
1226 2338 1322 2376 Asia
1353 2339 1504 2385 palus;
1535 2338 1632 2375 Asia

122 2408 324 2455 Deiopea,
372 2404 514 2445 omnia
559 2404 611 2445 de
660 2404 830 2457 regione
874 2404 989 2444 circa
1031 2403 1279 2458 Caystrum,
1324 2402 1437 2444 unde
1478 2416 1632 2444 nomen

122 2473 354 2514 accessisse
400 2472 558 2513 dicitur
603 2472 758 2513 tertiae
803 2472 917 2525 parti
964 2471 1132 2522 mundi,
1181 2484 1310 2524 quam
1356 2470 1569 2524 producta
1607 2485 1632 2511 a

122 2544 249 2581 Asida
280 2547 434 2581 terram
465 2540 635 2581 vocavit
666 2539 842 2581 Ovidius
885 2539 1071 2595 [metam.
1104 2539 1151 2590 V,
1184 2543 1288 2590 6483
1318 2539 1390 2589 IX,
1422 2539 1546 2593 448],
1585 2542 1632 2579 ut

122 2607 357 2662 Aeschylus
391 2608 434 2647 in
464 2608 606 2649 Persis
641 2608 741 2662 [764
777 2607 840 2648 ed.
872 2607 1036 2662 Herm]
1081 2607 1298 2648 dimensus
1340 2610 1405 2647 est
1434 2606 1630 2647 substan-

120 2676 254 2716 tivum
291 2673 453 2726 Ἀσίδος
481 2689 558 2728 per
599 2675 815 2716 creticum.
866 2701 911 2705 —
963 2679 1053 2716 tum
1088 2678 1291 2726 palatium
1332 2674 1451 2715 brevi
1492 2674 1632 2727 prima

121 2743 376 2784 vetustiores
412 2746 586 2806 poetae,
630 2746 674 2784 at
712 2743 974 2796 posteriores
1014 2743 1113 2784 inde
1154 2756 1180 2783 a
1211 2742 1350 2783 Statio
1383 2741 1499 2782 haud
1530 2755 1630 2782 raro

121 2823 303 2864 posuere
334 2810 557 2864 producta.
620 2814 770 2852 contra
799 2815 966 2861 radere,
1005 2810 1120 2864 quod
1152 2813 1216 2851 est
1247 2810 1487 2859 asinorum,
1530 2809 1631 2850 solis

121 2878 268 2919 Persio
301 2881 343 2919 et
376 2879 561 2919 Ausonio
594 2878 810 2932 dactylum
846 2879 902 2932 [3.
935 2883 981 2929 93
1011 2879 1141 2932 epigr.
1176 2881 1241 2927 76,
1275 2878 1342 2931 3],
1375 2876 1530 2918 ceteris
1558 2890 1629 2918 ex-

121 2945 212 3000 plet
241 2945 522 2988 tribrachum.
574 2945 727 2987 deinde
759 2960 854 2987 cum
885 2946 1076 2988 habeant
1106 2949 1120 2987 i
1151 2949 1395 2998 correptam
1426 2948 1627 2993 auricula,
