<?xml version="1.0" encoding="UTF-8"?>
<!DOCTYPE html PUBLIC "-//W3C//DTD XHTML 1.0 Transitional//EN"
    "http://www.w3.org/TR/xhtml1/DTD/xhtml1-transitional.dtd">
<html xmlns="http://www.w3.org/1999/xhtml" xml:lang="en" lang="en">
 <head>
  <title>
</title>
<meta http-equiv="Content-Type" content="text/html;charset=utf-8" />
  <meta name='ocr-system' content='tesseract 3.04.00' />
  <meta name='ocr-capabilities' content='ocr_page ocr_carea ocr_par ocr_line ocrx_word'/>
</head>
<body>
  <div class='ocr_page' id='page_1' title='image "./deremetricapoeta00mluoft_0486.png"; bbox 0 0 1898 3292; ppageno 0'>
   <div class='ocr_carea' id='block_1_1' title="bbox 246 235 1149 275">
    <p class='ocr_par' dir='ltr' id='par_1_1' title="bbox 246 235 1149 275">
     <span class='ocr_line' id='line_1_1' title="bbox 246 235 1149 275; baseline -0.009 0"><span class='ocrx_word' id='word_1_1' title='bbox 246 235 326 275; x_wconf 71' lang='lat'>46¹2</span> <span class='ocrx_word' id='word_1_2' title='bbox 856 244 970 268; x_wconf 69' lang='lat' dir='ltr'>tmen</span> <span class='ocrx_word' id='word_1_3' title='bbox 992 243 1149 268; x_wconf 61' lang='lat' dir='ltr'>sexvrvs,</span> 
     </span>
    </p>
   </div>
   <div class='ocr_carea' id='block_1_2' title="bbox 243 344 1751 588">
    <p class='ocr_par' dir='ltr' id='par_1_2' title="bbox 243 344 1751 468">
     <span class='ocr_line' id='line_1_2' title="bbox 245 344 1751 399; baseline -0.001 -12"><span class='ocrx_word' id='word_1_4' title='bbox 245 360 342 388; x_wconf 82' lang='lat' dir='ltr'>nam</span> <span class='ocrx_word' id='word_1_5' title='bbox 385 345 511 386; x_wconf 86' lang='lat' dir='ltr'>aliter</span> <span class='ocrx_word' id='word_1_6' title='bbox 552 345 670 387; x_wconf 85' lang='lat' dir='ltr'>nulla</span> <span class='ocrx_word' id='word_1_7' title='bbox 711 344 849 386; x_wconf 82' lang='lat' dir='ltr'>aderit</span> <span class='ocrx_word' id='word_1_8' title='bbox 893 358 1082 386; x_wconf 85' lang='lat' dir='ltr'>caesura.</span> <span class='ocrx_word' id='word_1_9' title='bbox 1146 358 1273 398; x_wconf 88' lang='lat' dir='ltr'>porro</span> <span class='ocrx_word' id='word_1_10' title='bbox 1305 344 1398 385; x_wconf 85' lang='lat' dir='ltr'>Silii</span> <span class='ocrx_word' id='word_1_11' title='bbox 1430 344 1623 399; x_wconf 83' lang='lat' dir='ltr'>exemplo</span> <span class='ocrx_word' id='word_1_12' title='bbox 1654 359 1751 398; x_wconf 89' lang='lat' dir='ltr'>pro-</span> 
     </span>
     <span class='ocr_line' id='line_1_3' title="bbox 243 413 1030 468; baseline -0.005 -12"><span class='ocrx_word' id='word_1_13' title='bbox 243 415 374 456; x_wconf 85' lang='lat' dir='ltr'>batur</span> <span class='ocrx_word' id='word_1_14' title='bbox 402 414 516 455; x_wconf 80' lang='lat' dir='ltr'>iden]</span> <span class='ocrx_word' id='word_1_15' title='bbox 550 414 687 468; x_wconf 71' lang='lat' dir='ltr'>[VHL</span> <span class='ocrx_word' id='word_1_16' title='bbox 721 417 791 464; x_wconf 75' lang='lat'>753</span> <span class='ocrx_word' id='word_1_17' title='bbox 827 413 874 464; x_wconf 74' lang='lat' dir='ltr'>X,</span> <span class='ocrx_word' id='word_1_18' title='bbox 909 414 1030 467; x_wconf 47' lang='lat'>309]</span> 
     </span>
    </p>

    <p class='ocr_par' dir='ltr' id='par_1_3' title="bbox 450 486 1326 531">
     <span class='ocr_line' id='line_1_4' title="bbox 450 486 1326 531; baseline -0.002 -10"><span class='ocrx_word' id='word_1_19' title='bbox 450 487 586 521; x_wconf 82' lang='lat' dir='ltr'>attollit</span> <span class='ocrx_word' id='word_1_20' title='bbox 610 487 762 531; x_wconf 87' lang='lat' dir='ltr'>mitique</span> <span class='ocrx_word' id='word_1_21' title='bbox 788 498 897 520; x_wconf 84' lang='lat' dir='ltr'>manu</span> <span class='ocrx_word' id='word_1_22' title='bbox 922 486 959 520; x_wconf 92' lang='lat' dir='ltr'>in</span> <span class='ocrx_word' id='word_1_23' title='bbox 974 489 1029 520; x_wconf 80' lang='lat' dir='ltr'>tra</span> <span class='ocrx_word' id='word_1_24' title='bbox 1056 486 1181 520; x_wconf 86' lang='lat' dir='ltr'>limina</span> <span class='ocrx_word' id='word_1_25' title='bbox 1206 486 1326 529; x_wconf 77' lang='lat' dir='ltr'>ducit3</span> 
     </span>
    </p>

    <p class='ocr_par' dir='ltr' id='par_1_4' title="bbox 450 543 1488 588">
     <span class='ocr_line' id='line_1_5' title="bbox 450 543 1488 588; baseline -0.003 -10"><span class='ocrx_word' id='word_1_26' title='bbox 450 544 604 588; x_wconf 85' lang='lat' dir='ltr'>pulchra</span> <span class='ocrx_word' id='word_1_27' title='bbox 629 544 740 578; x_wconf 85' lang='lat' dir='ltr'>decus</span> <span class='ocrx_word' id='word_1_28' title='bbox 765 544 937 587; x_wconf 79' lang='lat' dir='ltr'>misitque</span> <span class='ocrx_word' id='word_1_29' title='bbox 961 543 1029 576; x_wconf 85' lang='lat' dir='ltr'>viri</span> <span class='ocrx_word' id='word_1_30' title='bbox 1054 543 1090 576; x_wconf 89' lang='lat' dir='ltr'>in</span> <span class='ocrx_word' id='word_1_31' title='bbox 1106 546 1162 576; x_wconf 88' lang='lat' dir='ltr'>ter</span> <span class='ocrx_word' id='word_1_32' title='bbox 1189 543 1309 577; x_wconf 83' lang='lat' dir='ltr'>sidera</span> <span class='ocrx_word' id='word_1_33' title='bbox 1334 554 1488 583; x_wconf 63' lang='lat' dir='ltr'>nomem</span> 
     </span>
    </p>
   </div>
   <div class='ocr_carea' id='block_1_3' title="bbox 245 613 1752 1083">
    <p class='ocr_par' dir='ltr' id='par_1_5' title="bbox 245 613 997 666">
     <span class='ocr_line' id='line_1_6' title="bbox 245 613 997 666; baseline -0.004 -11"><span class='ocrx_word' id='word_1_34' title='bbox 245 617 287 655; x_wconf 91' lang='lat' dir='ltr'>et</span> <span class='ocrx_word' id='word_1_35' title='bbox 322 613 517 654; x_wconf 83' lang='lat' dir='ltr'>Aratoris</span> <span class='ocrx_word' id='word_1_36' title='bbox 550 613 650 666; x_wconf 86' lang='lat' dir='ltr'>[act.</span> <span class='ocrx_word' id='word_1_37' title='bbox 682 626 748 666; x_wconf 85' lang='lat' dir='ltr'>ap.</span> <span class='ocrx_word' id='word_1_38' title='bbox 780 613 810 663; x_wconf 68' lang='grc' dir='ltr'>Ι,</span> <span class='ocrx_word' id='word_1_39' title='bbox 846 613 997 666; x_wconf 79' lang='lat'>1024]:</span> 
     </span>
    </p>

    <p class='ocr_par' dir='ltr' id='par_1_6' title="bbox 245 684 1752 1083">
     <span class='ocr_line' id='line_1_7' title="bbox 451 684 1415 729; baseline -0.002 -9"><span class='ocrx_word' id='word_1_40' title='bbox 451 686 647 720; x_wconf 84' lang='lat' dir='ltr'>custodum</span> <span class='ocrx_word' id='word_1_41' title='bbox 669 686 826 720; x_wconf 80' lang='lat' dir='ltr'>vallante</span> <span class='ocrx_word' id='word_1_42' title='bbox 852 697 962 719; x_wconf 82' lang='lat' dir='ltr'>manu</span> <span class='ocrx_word' id='word_1_43' title='bbox 986 686 1095 729; x_wconf 80' lang='lat' dir='ltr'>inter</span> <span class='ocrx_word' id='word_1_44' title='bbox 1121 685 1266 719; x_wconf 81' lang='lat' dir='ltr'>vincula</span> <span class='ocrx_word' id='word_1_45' title='bbox 1292 684 1415 719; x_wconf 81' lang='lat' dir='ltr'>Petro.</span> 
     </span>
     <span class='ocr_line' id='line_1_8' title="bbox 246 753 1750 809; baseline -0.001 -12"><span class='ocrx_word' id='word_1_46' title='bbox 246 770 344 797; x_wconf 85' lang='lat' dir='ltr'>nam</span> <span class='ocrx_word' id='word_1_47' title='bbox 376 756 457 797; x_wconf 90' lang='lat' dir='ltr'>etsi</span> <span class='ocrx_word' id='word_1_48' title='bbox 488 755 630 809; x_wconf 88' lang='lat' dir='ltr'>potuit</span> <span class='ocrx_word' id='word_1_49' title='bbox 659 755 703 795; x_wconf 92' lang='lat' dir='ltr'>in</span> <span class='ocrx_word' id='word_1_50' title='bbox 731 755 796 795; x_wconf 90' lang='lat' dir='ltr'>his</span> <span class='ocrx_word' id='word_1_51' title='bbox 820 767 1001 795; x_wconf 87' lang='lat' dir='ltr'>caesura</span> <span class='ocrx_word' id='word_1_52' title='bbox 1021 754 1153 795; x_wconf 89' lang='lat' dir='ltr'>tertia</span> <span class='ocrx_word' id='word_1_53' title='bbox 1172 753 1394 795; x_wconf 87' lang='lat' dir='ltr'>trochaica</span> <span class='ocrx_word' id='word_1_54' title='bbox 1415 754 1575 794; x_wconf 84' lang='lat' dir='ltr'>habere</span> <span class='ocrx_word' id='word_1_55' title='bbox 1597 754 1750 795; x_wconf 85' lang='lat' dir='ltr'>locum.</span> 
     </span>
     <span class='ocr_line' id='line_1_9' title="bbox 245 822 1752 877; baseline -0.002 -12"><span class='ocrx_word' id='word_1_56' title='bbox 245 828 389 866; x_wconf 86' lang='lat' dir='ltr'>tamen</span> <span class='ocrx_word' id='word_1_57' title='bbox 423 824 505 865; x_wconf 91' lang='lat' dir='ltr'>nisi</span> <span class='ocrx_word' id='word_1_58' title='bbox 536 827 634 877; x_wconf 90' lang='lat' dir='ltr'>post</span> <span class='ocrx_word' id='word_1_59' title='bbox 667 826 865 876; x_wconf 82' lang='lat' dir='ltr'>quartam</span> <span class='ocrx_word' id='word_1_60' title='bbox 898 823 1013 863; x_wconf 85' lang='lat' dir='ltr'>arsin</span> <span class='ocrx_word' id='word_1_61' title='bbox 1045 822 1304 876; x_wconf 79' lang='lat' dir='ltr'>discerpitur</span> <span class='ocrx_word' id='word_1_62' title='bbox 1335 823 1615 876; x_wconf 71' lang='lat' dir='ltr'>praepositio,</span> <span class='ocrx_word' id='word_1_63' title='bbox 1648 823 1752 862; x_wconf 85' lang='lat' dir='ltr'>iam-</span> 
     </span>
     <span class='ocr_line' id='line_1_10' title="bbox 245 891 1752 945; baseline -0.003 -11"><span class='ocrx_word' id='word_1_64' title='bbox 245 893 343 934; x_wconf 87' lang='lat' dir='ltr'>bica</span> <span class='ocrx_word' id='word_1_65' title='bbox 374 892 644 933; x_wconf 77' lang='lat' dir='ltr'>invenientur</span> <span class='ocrx_word' id='word_1_66' title='bbox 675 891 779 932; x_wconf 87' lang='lat' dir='ltr'>elisa</span> <span class='ocrx_word' id='word_1_67' title='bbox 812 891 854 932; x_wconf 91' lang='lat' dir='ltr'>in</span> <span class='ocrx_word' id='word_1_68' title='bbox 886 891 1052 945; x_wconf 72' lang='lat' dir='ltr'>syllaba</span> <span class='ocrx_word' id='word_1_69' title='bbox 1083 894 1222 932; x_wconf 77' lang='lat' dir='ltr'>acuta.</span> <span class='ocrx_word' id='word_1_70' title='bbox 1269 919 1322 923; x_wconf 84' lang='lat'>—</span> <span class='ocrx_word' id='word_1_71' title='bbox 1365 891 1478 931; x_wconf 88' lang='lat' dir='ltr'>omni</span> <span class='ocrx_word' id='word_1_72' title='bbox 1518 894 1660 931; x_wconf 83' lang='lat' dir='ltr'>autem</span> <span class='ocrx_word' id='word_1_73' title='bbox 1691 891 1752 930; x_wconf 90' lang='lat' dir='ltr'>in-</span> 
     </span>
     <span class='ocr_line' id='line_1_11' title="bbox 245 958 1752 1005; baseline -0.003 -3"><span class='ocrx_word' id='word_1_74' title='bbox 245 962 404 1002; x_wconf 79' lang='lat' dir='ltr'>cisione</span> <span class='ocrx_word' id='word_1_75' title='bbox 437 960 603 1002; x_wconf 77' lang='lat' dir='ltr'>carebit</span> <span class='ocrx_word' id='word_1_76' title='bbox 634 963 886 1001; x_wconf 78' lang='lat' dir='ltr'>tetrameter</span> <span class='ocrx_word' id='word_1_77' title='bbox 918 959 1095 1000; x_wconf 91' lang='lat' dir='ltr'>Ausonii</span> <span class='ocrx_word' id='word_1_78' title='bbox 1127 959 1390 1005; x_wconf 74' lang='lat' dir='ltr'>trochaicus,</span> <span class='ocrx_word' id='word_1_79' title='bbox 1434 958 1487 999; x_wconf 85' lang='lat' dir='ltr'>ab</span> <span class='ocrx_word' id='word_1_80' title='bbox 1528 972 1577 998; x_wconf 83' lang='lat' dir='ltr'>eo</span> <span class='ocrx_word' id='word_1_81' title='bbox 1620 959 1654 998; x_wconf 83' lang='lat' dir='ltr'>si</span> <span class='ocrx_word' id='word_1_82' title='bbox 1687 972 1752 998; x_wconf 80' lang='lat' dir='ltr'>ai·-</span> 
     </span>
     <span class='ocr_line' id='line_1_12' title="bbox 245 1027 1331 1083; baseline -0.003 -12"><span class='ocrx_word' id='word_1_83' title='bbox 245 1030 384 1071; x_wconf 88' lang='lat' dir='ltr'>cueris</span> <span class='ocrx_word' id='word_1_84' title='bbox 415 1029 569 1070; x_wconf 88' lang='lat' dir='ltr'>tmesin</span> <span class='ocrx_word' id='word_1_85' title='bbox 601 1028 717 1069; x_wconf 80' lang='lat' dir='ltr'>illam</span> <span class='ocrx_word' id='word_1_86' title='bbox 751 1027 879 1083; x_wconf 85' lang='lat' dir='ltr'>[prof.</span> <span class='ocrx_word' id='word_1_87' title='bbox 912 1027 1130 1080; x_wconf 80' lang='lat' dir='ltr'>Burdigal.</span> <span class='ocrx_word' id='word_1_88' title='bbox 1167 1031 1230 1077; x_wconf 80' lang='lat'>11,</span> <span class='ocrx_word' id='word_1_89' title='bbox 1264 1028 1331 1081; x_wconf 64' lang='grc' dir='ltr'>ηε</span> 
     </span>
    </p>
   </div>
   <div class='ocr_carea' id='block_1_4' title="bbox 449 1101 1557 1147">
    <p class='ocr_par' dir='ltr' id='par_1_7' title="bbox 449 1101 1557 1147">
     <span class='ocr_line' id='line_1_13' title="bbox 449 1101 1557 1147; baseline -0.002 -11"><span class='ocrx_word' id='word_1_90' title='bbox 449 1104 519 1137; x_wconf 84' lang='lat' dir='ltr'>iam</span> <span class='ocrx_word' id='word_1_91' title='bbox 547 1102 637 1136; x_wconf 84' lang='lat' dir='ltr'>mihi</span> <span class='ocrx_word' id='word_1_92' title='bbox 663 1105 822 1147; x_wconf 81' lang='lat' dir='ltr'>cognata</span> <span class='ocrx_word' id='word_1_93' title='bbox 846 1101 984 1135; x_wconf 81' lang='lat' dir='ltr'>dudum</span> <span class='ocrx_word' id='word_1_94' title='bbox 1010 1102 1116 1145; x_wconf 56' lang='lat' dir='ltr'>inter</span> <span class='ocrx_word' id='word_1_95' title='bbox 1141 1104 1364 1135; x_wconf 79' lang='lat' dir='ltr'>memoratus</span> <span class='ocrx_word' id='word_1_96' title='bbox 1393 1102 1557 1135; x_wconf 81' lang='lat' dir='ltr'>nomina:</span> 
     </span>
    </p>
   </div>
   <div class='ocr_carea' id='block_1_5' title="bbox 244 1171 1078 1224">
    <p class='ocr_par' dir='ltr' id='par_1_8' title="bbox 244 1171 1078 1224">
     <span class='ocr_line' id='line_1_14' title="bbox 244 1171 1078 1224; baseline -0.002 -11"><span class='ocrx_word' id='word_1_97' title='bbox 244 1185 322 1213; x_wconf 88' lang='lat' dir='ltr'>nec</span> <span class='ocrx_word' id='word_1_98' title='bbox 353 1172 493 1213; x_wconf 89' lang='lat' dir='ltr'>minus</span> <span class='ocrx_word' id='word_1_99' title='bbox 527 1171 675 1213; x_wconf 83' lang='lat' dir='ltr'>Avieni</span> <span class='ocrx_word' id='word_1_100' title='bbox 706 1171 903 1212; x_wconf 86' lang='lat' dir='ltr'>trimeter</span> <span class='ocrx_word' id='word_1_101' title='bbox 936 1171 1078 1224; x_wconf 79' lang='lat'><strong>[373]:</strong></span> 
     </span>
    </p>
   </div>
   <div class='ocr_carea' id='block_1_6' title="bbox 449 1244 1331 1280">
    <p class='ocr_par' dir='ltr' id='par_1_9' title="bbox 449 1244 1331 1280">
     <span class='ocr_line' id='line_1_15' title="bbox 449 1244 1331 1280; baseline -0.002 -1"><span class='ocrx_word' id='word_1_102' title='bbox 449 1245 610 1280; x_wconf 86' lang='lat' dir='ltr'>medium</span> <span class='ocrx_word' id='word_1_103' title='bbox 640 1244 819 1279; x_wconf 87' lang='lat' dir='ltr'>fluentum</span> <span class='ocrx_word' id='word_1_104' title='bbox 844 1245 879 1278; x_wconf 91' lang='lat' dir='ltr'>in</span> <span class='ocrx_word' id='word_1_105' title='bbox 896 1248 953 1278; x_wconf 82' lang='lat' dir='ltr'>ter</span> <span class='ocrx_word' id='word_1_106' title='bbox 980 1244 1166 1278; x_wconf 78' lang='lat' dir='ltr'>columnas</span> <span class='ocrx_word' id='word_1_107' title='bbox 1192 1244 1331 1277; x_wconf 81' lang='lat' dir='ltr'>asserit.</span> 
     </span>
    </p>
   </div>
   <div class='ocr_carea' id='block_1_7' title="bbox 246 1312 1757 2594">
    <p class='ocr_par' dir='ltr' id='par_1_10' title="bbox 246 1312 1757 2230">
     <span class='ocr_line' id='line_1_16' title="bbox 362 1312 1754 1367; baseline -0.003 -11"><span class='ocrx_word' id='word_1_108' title='bbox 362 1315 501 1367; x_wconf 86' lang='lat' dir='ltr'>Atque</span> <span class='ocrx_word' id='word_1_109' title='bbox 542 1313 692 1355; x_wconf 83' lang='lat' dir='ltr'>eadem</span> <span class='ocrx_word' id='word_1_110' title='bbox 733 1313 880 1354; x_wconf 86' lang='lat' dir='ltr'>tmesis</span> <span class='ocrx_word' id='word_1_111' title='bbox 925 1312 1155 1353; x_wconf 83' lang='lat' dir='ltr'>statuenda</span> <span class='ocrx_word' id='word_1_112' title='bbox 1197 1313 1240 1352; x_wconf 89' lang='lat' dir='ltr'>in</span> <span class='ocrx_word' id='word_1_113' title='bbox 1281 1312 1365 1352; x_wconf 85' lang='lat' dir='ltr'>illis</span> <span class='ocrx_word' id='word_1_114' title='bbox 1403 1312 1537 1352; x_wconf 79' lang='lat' dir='ltr'>Persii</span> <span class='ocrx_word' id='word_1_115' title='bbox 1580 1316 1621 1352; x_wconf 88' lang='lat' dir='ltr'>et</span> <span class='ocrx_word' id='word_1_116' title='bbox 1663 1312 1754 1353; x_wconf 78' lang='lat' dir='ltr'>Silii</span> 
     </span>
     <span class='ocr_line' id='line_1_17' title="bbox 246 1381 1143 1438; baseline -0.003 -14"><span class='ocrx_word' id='word_1_117' title='bbox 246 1384 302 1438; x_wconf 74' lang='lat'>[3</span> <span class='ocrx_word' id='word_1_118' title='bbox 338 1386 439 1434; x_wconf 79' lang='lat'>1003</span> <span class='ocrx_word' id='word_1_119' title='bbox 470 1384 500 1433; x_wconf 88' lang='lat' dir='ltr'>I,</span> <span class='ocrx_word' id='word_1_120' title='bbox 533 1386 638 1434; x_wconf 80' lang='lat'>4503</span> <span class='ocrx_word' id='word_1_121' title='bbox 669 1382 722 1428; x_wconf 86' lang='grc' dir='ltr'>ΙΙ,</span> <span class='ocrx_word' id='word_1_122' title='bbox 755 1384 859 1433; x_wconf 77' lang='lat'>3213</span> <span class='ocrx_word' id='word_1_123' title='bbox 892 1381 985 1431; x_wconf 83' lang='lat' dir='ltr'>XII,</span> <span class='ocrx_word' id='word_1_124' title='bbox 1019 1381 1143 1435; x_wconf 71' lang='lat'>536]:</span> 
     </span>
     <span class='ocr_line' id='line_1_18' title="bbox 450 1455 1057 1490; baseline -0.003 0"><span class='ocrx_word' id='word_1_125' title='bbox 450 1456 514 1490; x_wconf 85' lang='lat' dir='ltr'>sed</span> <span class='ocrx_word' id='word_1_126' title='bbox 541 1459 682 1490; x_wconf 86' lang='lat' dir='ltr'>tremor</span> <span class='ocrx_word' id='word_1_127' title='bbox 706 1456 742 1489; x_wconf 91' lang='lat' dir='ltr'>in</span> <span class='ocrx_word' id='word_1_128' title='bbox 757 1458 814 1490; x_wconf 87' lang='lat' dir='ltr'>ter</span> <span class='ocrx_word' id='word_1_129' title='bbox 840 1455 923 1488; x_wconf 85' lang='lat' dir='ltr'>vina</span> <span class='ocrx_word' id='word_1_130' title='bbox 949 1455 1057 1488; x_wconf 82' lang='lat' dir='ltr'>subit.</span> 
     </span>
     <span class='ocr_line' id='line_1_19' title="bbox 451 1512 1061 1557; baseline -0.002 -10"><span class='ocrx_word' id='word_1_131' title='bbox 451 1514 615 1547; x_wconf 84' lang='lat' dir='ltr'>avulsum</span> <span class='ocrx_word' id='word_1_132' title='bbox 639 1513 748 1557; x_wconf 71' lang='grc'><strong>1111101·</strong></span> <span class='ocrx_word' id='word_1_133' title='bbox 773 1512 847 1546; x_wconf 79' lang='lat' dir='ltr'>tela</span> <span class='ocrx_word' id='word_1_134' title='bbox 873 1512 982 1556; x_wconf 84' lang='lat' dir='ltr'>globo</span> <span class='ocrx_word' id='word_1_135' title='bbox 1013 1518 1061 1546; x_wconf 88' lang='lat' dir='ltr'>et.</span> 
     </span>
     <span class='ocr_line' id='line_1_20' title="bbox 450 1569 1092 1615; baseline -0.003 -11"><span class='ocrx_word' id='word_1_136' title='bbox 450 1573 550 1605; x_wconf 84' lang='lat' dir='ltr'>stant</span> <span class='ocrx_word' id='word_1_137' title='bbox 574 1570 693 1615; x_wconf 83' lang='lat' dir='ltr'>prima</span> <span class='ocrx_word' id='word_1_138' title='bbox 717 1570 824 1613; x_wconf 64' lang='lat' dir='ltr'>infter</span> <span class='ocrx_word' id='word_1_139' title='bbox 849 1569 951 1614; x_wconf 79' lang='lat' dir='ltr'>signa</span> <span class='ocrx_word' id='word_1_140' title='bbox 976 1580 1092 1603; x_wconf 89' lang='lat' dir='ltr'>senes.</span> 
     </span>
     <span class='ocr_line' id='line_1_21' title="bbox 450 1627 1159 1672; baseline -0.001 -11"><span class='ocrx_word' id='word_1_141' title='bbox 450 1627 547 1661; x_wconf 83' lang='lat' dir='ltr'>haud</span> <span class='ocrx_word' id='word_1_142' title='bbox 574 1627 721 1672; x_wconf 80' lang='lat' dir='ltr'>dignam</span> <span class='ocrx_word' id='word_1_143' title='bbox 748 1627 783 1660; x_wconf 90' lang='lat' dir='ltr'>in</span> <span class='ocrx_word' id='word_1_144' title='bbox 799 1630 856 1661; x_wconf 88' lang='lat' dir='ltr'>ter</span> <span class='ocrx_word' id='word_1_145' title='bbox 880 1629 983 1660; x_wconf 82' lang='lat' dir='ltr'>tanta</span> <span class='ocrx_word' id='word_1_146' title='bbox 1009 1638 1159 1660; x_wconf 81' lang='lat' dir='ltr'>moram.</span> 
     </span>
     <span class='ocr_line' id='line_1_22' title="bbox 247 1695 1460 1750; baseline -0.001 -13"><span class='ocrx_word' id='word_1_147' title='bbox 247 1696 402 1750; x_wconf 82' lang='lat' dir='ltr'>quibus</span> <span class='ocrx_word' id='word_1_148' title='bbox 435 1695 603 1737; x_wconf 83' lang='lat' dir='ltr'>accedit</span> <span class='ocrx_word' id='word_1_149' title='bbox 633 1695 809 1737; x_wconf 82' lang='lat' dir='ltr'>Luxorii</span> <span class='ocrx_word' id='word_1_150' title='bbox 842 1695 1094 1749; x_wconf 80' lang='lat' dir='ltr'>sapphicum</span> <span class='ocrx_word' id='word_1_151' title='bbox 1127 1696 1214 1736; x_wconf 87' lang='lat' dir='ltr'>tale</span> <span class='ocrx_word' id='word_1_152' title='bbox 1247 1696 1361 1750; x_wconf 57' lang='lat' dir='ltr'>[ROQ</span> <span class='ocrx_word' id='word_1_153' title='bbox 1394 1696 1460 1750; x_wconf 72' lang='lat'>8]:</span> 
     </span>
     <span class='ocr_line' id='line_1_23' title="bbox 451 1769 1165 1814; baseline 0 -11"><span class='ocrx_word' id='word_1_154' title='bbox 451 1770 584 1814; x_wconf 82' lang='lat' dir='ltr'>dignus</span> <span class='ocrx_word' id='word_1_155' title='bbox 610 1770 716 1813; x_wconf 83' lang='lat' dir='ltr'>inter</span> <span class='ocrx_word' id='word_1_156' title='bbox 744 1769 1006 1813; x_wconf 71' lang='lat' dir='ltr'>grammaticos</span> <span class='ocrx_word' id='word_1_157' title='bbox 1031 1770 1165 1803; x_wconf 72' lang='lat' dir='ltr'>vocari.</span> 
     </span>
     <span class='ocr_line' id='line_1_24' title="bbox 246 1838 1753 1892; baseline -0.002 -12"><span class='ocrx_word' id='word_1_158' title='bbox 246 1853 324 1880; x_wconf 87' lang='lat' dir='ltr'>nec</span> <span class='ocrx_word' id='word_1_159' title='bbox 355 1839 467 1880; x_wconf 91' lang='lat' dir='ltr'>enim</span> <span class='ocrx_word' id='word_1_160' title='bbox 499 1839 638 1880; x_wconf 85' lang='lat' dir='ltr'>solent</span> <span class='ocrx_word' id='word_1_161' title='bbox 668 1838 713 1879; x_wconf 92' lang='lat' dir='ltr'>hi</span> <span class='ocrx_word' id='word_1_162' title='bbox 744 1842 943 1880; x_wconf 81' lang='lat' dir='ltr'>auctores</span> <span class='ocrx_word' id='word_1_163' title='bbox 974 1853 1193 1889; x_wconf 84' lang='lat' dir='ltr'>versuum,</span> <span class='ocrx_word' id='word_1_164' title='bbox 1233 1852 1340 1891; x_wconf 90' lang='lat' dir='ltr'>quos</span> <span class='ocrx_word' id='word_1_165' title='bbox 1372 1839 1571 1892; x_wconf 72' lang='lat' dir='ltr'>apposui.</span> <span class='ocrx_word' id='word_1_166' title='bbox 1605 1851 1753 1878; x_wconf 86' lang='lat' dir='ltr'>secun-</span> 
     </span>
     <span class='ocr_line' id='line_1_25' title="bbox 246 1907 1254 1962; baseline -0.002 -13"><span class='ocrx_word' id='word_1_167' title='bbox 246 1908 345 1949; x_wconf 88' lang='lat' dir='ltr'>dum</span> <span class='ocrx_word' id='word_1_168' title='bbox 376 1908 527 1962; x_wconf 88' lang='lat' dir='ltr'>pedem</span> <span class='ocrx_word' id='word_1_169' title='bbox 563 1907 735 1948; x_wconf 84' lang='lat' dir='ltr'>efficere</span> <span class='ocrx_word' id='word_1_170' title='bbox 767 1907 977 1948; x_wconf 86' lang='lat' dir='ltr'>vocabulo</span> <span class='ocrx_word' id='word_1_171' title='bbox 1010 1907 1254 1961; x_wconf 77' lang='lat' dir='ltr'>spondiaco.</span> 
     </span>
     <span class='ocr_line' id='line_1_26' title="bbox 362 1974 1756 2029; baseline -0.002 -12"><span class='ocrx_word' id='word_1_172' title='bbox 362 1976 522 2017; x_wconf 88' lang='lat' dir='ltr'>Eodem</span> <span class='ocrx_word' id='word_1_173' title='bbox 545 1979 673 2029; x_wconf 86' lang='lat' dir='ltr'>pacto</span> <span class='ocrx_word' id='word_1_174' title='bbox 696 1976 738 2016; x_wconf 92' lang='lat' dir='ltr'>in</span> <span class='ocrx_word' id='word_1_175' title='bbox 765 1984 886 2026; x_wconf 71' lang='lat' dir='ltr'>alque</span> <span class='ocrx_word' id='word_1_176' title='bbox 917 1976 1155 2017; x_wconf 79' lang='lat' dir='ltr'>secernitur</span> <span class='ocrx_word' id='word_1_177' title='bbox 1187 1979 1243 2016; x_wconf 78' lang='lat' dir='ltr'>ad</span> <span class='ocrx_word' id='word_1_178' title='bbox 1272 1989 1297 2016; x_wconf 82' lang='lat' dir='ltr'>a</span> <span class='ocrx_word' id='word_1_179' title='bbox 1329 1989 1419 2025; x_wconf 72' lang='lat' dir='ltr'>que,</span> <span class='ocrx_word' id='word_1_180' title='bbox 1452 1988 1502 2015; x_wconf 88' lang='lat' dir='ltr'>ne</span> <span class='ocrx_word' id='word_1_181' title='bbox 1524 1974 1756 2015; x_wconf 85' lang='lat' dir='ltr'>iambicum</span> 
     </span>
     <span class='ocr_line' id='line_1_27' title="bbox 247 2043 1757 2097; baseline -0.002 -12"><span class='ocrx_word' id='word_1_182' title='bbox 247 2044 433 2085; x_wconf 82' lang='lat' dir='ltr'>elidatur</span> <span class='ocrx_word' id='word_1_183' title='bbox 468 2045 512 2085; x_wconf 91' lang='lat' dir='ltr'>in</span> <span class='ocrx_word' id='word_1_184' title='bbox 552 2047 699 2094; x_wconf 85' lang='lat' dir='ltr'>acuta,</span> <span class='ocrx_word' id='word_1_185' title='bbox 741 2044 856 2097; x_wconf 88' lang='lat' dir='ltr'>apud</span> <span class='ocrx_word' id='word_1_186' title='bbox 900 2043 1095 2084; x_wconf 81' lang='lat' dir='ltr'>duriores</span> <span class='ocrx_word' id='word_1_187' title='bbox 1135 2043 1299 2084; x_wconf 89' lang='lat' dir='ltr'>scilicet</span> <span class='ocrx_word' id='word_1_188' title='bbox 1341 2047 1502 2097; x_wconf 87' lang='lat' dir='ltr'>poetas.</span> <span class='ocrx_word' id='word_1_189' title='bbox 1564 2057 1661 2083; x_wconf 85' lang='lat' dir='ltr'>nam</span> <span class='ocrx_word' id='word_1_190' title='bbox 1695 2043 1757 2083; x_wconf 85' lang='lat' dir='ltr'>ita</span> 
     </span>
     <span class='ocr_line' id='line_1_28' title="bbox 247 2112 883 2167; baseline 0 -14"><span class='ocrx_word' id='word_1_191' title='bbox 247 2113 355 2154; x_wconf 83' lang='lat' dir='ltr'>dixit</span> <span class='ocrx_word' id='word_1_192' title='bbox 385 2112 575 2154; x_wconf 84' lang='lat' dir='ltr'>Lucilius</span> <span class='ocrx_word' id='word_1_193' title='bbox 606 2112 758 2167; x_wconf 79' lang='lat' dir='ltr'>[XXX,</span> <span class='ocrx_word' id='word_1_194' title='bbox 792 2116 814 2152; x_wconf 83' lang='lat'><strong>7</strong></span> <span class='ocrx_word' id='word_1_195' title='bbox 821 2112 883 2167; x_wconf 65' lang='lat'>3]</span> 
     </span>
     <span class='ocr_line' id='line_1_29' title="bbox 658 2185 1103 2230; baseline -0.002 -10"><span class='ocrx_word' id='word_1_196' title='bbox 658 2186 743 2220; x_wconf 86' lang='lat' dir='ltr'>fimo</span> <span class='ocrx_word' id='word_1_197' title='bbox 769 2189 890 2230; x_wconf 75' lang='lat' dir='ltr'>atque</span> <span class='ocrx_word' id='word_1_198' title='bbox 919 2185 1103 2229; x_wconf 74' lang='lat' dir='ltr'>sucerdis3</span> 
     </span>
    </p>

    <p class='ocr_par' dir='ltr' id='par_1_11' title="bbox 247 2255 1083 2372">
     <span class='ocr_line' id='line_1_30' title="bbox 247 2255 732 2309; baseline 0 -14"><span class='ocrx_word' id='word_1_199' title='bbox 247 2259 289 2296; x_wconf 86' lang='lat' dir='ltr'>et</span> <span class='ocrx_word' id='word_1_200' title='bbox 322 2255 515 2297; x_wconf 77' lang='lat' dir='ltr'>Catullus</span> <span class='ocrx_word' id='word_1_201' title='bbox 547 2255 634 2309; x_wconf 78' lang='lat'>[12‚</span> <span class='ocrx_word' id='word_1_202' title='bbox 666 2255 732 2309; x_wconf 82' lang='lat'>2]:</span> 
     </span>
     <span class='ocr_line' id='line_1_31' title="bbox 661 2329 1083 2372; baseline 0 -11"><span class='ocrx_word' id='word_1_203' title='bbox 661 2329 695 2362; x_wconf 91' lang='lat' dir='ltr'>in</span> <span class='ocrx_word' id='word_1_204' title='bbox 723 2329 806 2362; x_wconf 85' lang='lat' dir='ltr'>ioco</span> <span class='ocrx_word' id='word_1_205' title='bbox 833 2330 953 2372; x_wconf 80' lang='lat' dir='ltr'>atque</span> <span class='ocrx_word' id='word_1_206' title='bbox 980 2329 1083 2371; x_wconf 71' lang='lat' dir='ltr'>vino,</span> 
     </span>
    </p>

    <p class='ocr_par' dir='ltr' id='par_1_12' title="bbox 247 2396 1516 2514">
     <span class='ocr_line' id='line_1_32' title="bbox 247 2396 1516 2451; baseline -0.002 -13"><span class='ocrx_word' id='word_1_207' title='bbox 247 2398 432 2438; x_wconf 86' lang='lat' dir='ltr'>alienum</span> <span class='ocrx_word' id='word_1_208' title='bbox 464 2410 490 2437; x_wconf 83' lang='lat' dir='ltr'>a</span> <span class='ocrx_word' id='word_1_209' title='bbox 521 2396 739 2439; x_wconf 84' lang='lat' dir='ltr'>codicibus</span> <span class='ocrx_word' id='word_1_210' title='bbox 772 2397 948 2438; x_wconf 88' lang='lat' dir='ltr'>Ausonii</span> <span class='ocrx_word' id='word_1_211' title='bbox 979 2396 1085 2437; x_wconf 88' lang='lat' dir='ltr'>illud</span> <span class='ocrx_word' id='word_1_212' title='bbox 1119 2397 1259 2451; x_wconf 85' lang='lat' dir='ltr'>[epist.</span> <span class='ocrx_word' id='word_1_213' title='bbox 1294 2400 1359 2446; x_wconf 73' lang='lat'>24,</span> <span class='ocrx_word' id='word_1_214' title='bbox 1397 2396 1516 2450; x_wconf 70' lang='lat' dir='ltr'>lOGJ:</span> 
     </span>
     <span class='ocr_line' id='line_1_33' title="bbox 660 2473 1191 2514; baseline 0 -10"><span class='ocrx_word' id='word_1_215' title='bbox 660 2481 825 2514; x_wconf 81' lang='lat' dir='ltr'>quaeque</span> <span class='ocrx_word' id='word_1_216' title='bbox 851 2482 933 2505; x_wconf 83' lang='lat' dir='ltr'>meo</span> <span class='ocrx_word' id='word_1_217' title='bbox 960 2473 1080 2514; x_wconf 83' lang='lat' dir='ltr'>atque</span> <span class='ocrx_word' id='word_1_218' title='bbox 1107 2474 1191 2509; x_wconf 81' lang='grc' dir='ltr'><strong>111ος</strong></span> 
     </span>
    </p>

    <p class='ocr_par' dir='ltr' id='par_1_13' title="bbox 249 2539 1404 2594">
     <span class='ocr_line' id='line_1_34' title="bbox 249 2539 1404 2594; baseline -0.001 -13"><span class='ocrx_word' id='word_1_219' title='bbox 249 2543 294 2581; x_wconf 80' lang='lat' dir='ltr'>at</span> <span class='ocrx_word' id='word_1_220' title='bbox 324 2539 523 2581; x_wconf 79' lang='lat' dir='ltr'>Sidonius</span> <span class='ocrx_word' id='word_1_221' title='bbox 557 2540 697 2594; x_wconf 89' lang='lat' dir='ltr'>[epist.</span> <span class='ocrx_word' id='word_1_222' title='bbox 730 2540 802 2590; x_wconf 85' lang='lat' dir='ltr'>IX,</span> <span class='ocrx_word' id='word_1_223' title='bbox 838 2543 901 2591; x_wconf 73' lang='lat'>15,</span> <span class='ocrx_word' id='word_1_224' title='bbox 933 2544 1008 2592; x_wconf 77' lang='lat'>443</span> <span class='ocrx_word' id='word_1_225' title='bbox 1041 2539 1096 2580; x_wconf 88' lang='lat' dir='ltr'>ad</span> <span class='ocrx_word' id='word_1_226' title='bbox 1128 2539 1249 2580; x_wconf 79' lang='lat' dir='ltr'>Cous.</span> <span class='ocrx_word' id='word_1_227' title='bbox 1283 2539 1404 2593; x_wconf 52' lang='lat'>373}</span> 
     </span>
    </p>
   </div>
   <div class='ocr_carea' id='block_1_8' title="bbox 659 2613 1072 2714">
    <p class='ocr_par' dir='ltr' id='par_1_14' title="bbox 659 2613 1072 2714">
     <span class='ocr_line' id='line_1_35' title="bbox 659 2613 1072 2658; baseline 0.002 -11"><span class='ocrx_word' id='word_1_228' title='bbox 659 2613 770 2647; x_wconf 90' lang='lat' dir='ltr'>humo</span> <span class='ocrx_word' id='word_1_229' title='bbox 796 2616 915 2657; x_wconf 82' lang='lat' dir='ltr'>atque</span> <span class='ocrx_word' id='word_1_230' title='bbox 941 2616 1072 2658; x_wconf 82' lang='lat' dir='ltr'>gente3</span> 
     </span>
     <span class='ocr_line' id='line_1_36' title="bbox 659 2673 1042 2714; baseline 0.003 -11"><span class='ocrx_word' id='word_1_231' title='bbox 659 2681 768 2704; x_wconf 84' lang='lat' dir='ltr'>manu</span> <span class='ocrx_word' id='word_1_232' title='bbox 794 2673 914 2714; x_wconf 81' lang='lat' dir='ltr'>atque</span> <span class='ocrx_word' id='word_1_233' title='bbox 940 2681 1042 2705; x_wconf 82' lang='lat' dir='ltr'>voce.</span> 
     </span>
    </p>
   </div>
   <div class='ocr_carea' id='block_1_9' title="bbox 249 2739 1758 2998">
    <p class='ocr_par' dir='ltr' id='par_1_15' title="bbox 249 2739 1758 2998">
     <span class='ocr_line' id='line_1_37' title="bbox 363 2739 1756 2794; baseline -0.003 -13"><span class='ocrx_word' id='word_1_234' title='bbox 363 2741 556 2794; x_wconf 81' lang='lat' dir='ltr'>Apparet</span> <span class='ocrx_word' id='word_1_235' title='bbox 596 2739 728 2792; x_wconf 78' lang='lat' dir='ltr'>igitur</span> <span class='ocrx_word' id='word_1_236' title='bbox 766 2739 810 2779; x_wconf 92' lang='lat' dir='ltr'>in</span> <span class='ocrx_word' id='word_1_237' title='bbox 853 2739 932 2789; x_wconf 79' lang='lat' dir='ltr'>eis,</span> <span class='ocrx_word' id='word_1_238' title='bbox 985 2752 1095 2791; x_wconf 87' lang='lat' dir='ltr'>quae</span> <span class='ocrx_word' id='word_1_239' title='bbox 1139 2741 1238 2779; x_wconf 83' lang='lat' dir='ltr'>sunt</span> <span class='ocrx_word' id='word_1_240' title='bbox 1282 2742 1406 2783; x_wconf 71' lang='lat' dir='ltr'>inser,</span> <span class='ocrx_word' id='word_1_241' title='bbox 1447 2741 1581 2786; x_wconf 68' lang='lat' dir='ltr'>intra,</span> <span class='ocrx_word' id='word_1_242' title='bbox 1623 2744 1756 2788; x_wconf 69' lang='lat' dir='ltr'>atque,</span> 
     </span>
     <span class='ocr_line' id='line_1_38' title="bbox 250 2807 1758 2860; baseline -0.002 -11"><span class='ocrx_word' id='word_1_243' title='bbox 250 2808 407 2849; x_wconf 85' lang='lat' dir='ltr'>suffixa</span> <span class='ocrx_word' id='word_1_244' title='bbox 437 2815 512 2856; x_wconf 77' lang='lat' dir='ltr'>ter,</span> <span class='ocrx_word' id='word_1_245' title='bbox 545 2814 609 2848; x_wconf 74' lang='lat' dir='ltr'>tra</span> <span class='ocrx_word' id='word_1_246' title='bbox 642 2811 684 2848; x_wconf 91' lang='lat' dir='ltr'>et</span> <span class='ocrx_word' id='word_1_247' title='bbox 714 2807 955 2848; x_wconf 84' lang='lat' dir='ltr'>encliticam</span> <span class='ocrx_word' id='word_1_248' title='bbox 989 2821 1066 2857; x_wconf 73' lang='lat' dir='ltr'>que</span> <span class='ocrx_word' id='word_1_249' title='bbox 1096 2807 1219 2848; x_wconf 84' lang='lat' dir='ltr'>tmesi</span> <span class='ocrx_word' id='word_1_250' title='bbox 1251 2807 1436 2860; x_wconf 88' lang='lat' dir='ltr'>quadam</span> <span class='ocrx_word' id='word_1_251' title='bbox 1468 2807 1530 2847; x_wconf 86' lang='lat' dir='ltr'>ita</span> <span class='ocrx_word' id='word_1_252' title='bbox 1556 2808 1758 2859; x_wconf 83' lang='lat' dir='ltr'>separata</span> 
     </span>
     <span class='ocr_line' id='line_1_39' title="bbox 250 2875 1757 2930; baseline -0.002 -13"><span class='ocrx_word' id='word_1_253' title='bbox 250 2890 276 2917; x_wconf 89' lang='lat' dir='ltr'>a</span> <span class='ocrx_word' id='word_1_254' title='bbox 318 2880 441 2929; x_wconf 83' lang='lat' dir='ltr'>parte</span> <span class='ocrx_word' id='word_1_255' title='bbox 487 2877 649 2930; x_wconf 78' lang='lat' dir='ltr'>priore,</span> <span class='ocrx_word' id='word_1_256' title='bbox 694 2879 741 2916; x_wconf 86' lang='lat' dir='ltr'>ut</span> <span class='ocrx_word' id='word_1_257' title='bbox 781 2875 881 2916; x_wconf 89' lang='lat' dir='ltr'>huic</span> <span class='ocrx_word' id='word_1_258' title='bbox 923 2879 1143 2916; x_wconf 81' lang='lat' dir='ltr'>constaret</span> <span class='ocrx_word' id='word_1_259' title='bbox 1183 2883 1385 2916; x_wconf 83' lang='lat' dir='ltr'>accentus</span> <span class='ocrx_word' id='word_1_260' title='bbox 1425 2875 1583 2927; x_wconf 80' lang='lat' dir='ltr'>gravis.</span> <span class='ocrx_word' id='word_1_261' title='bbox 1630 2887 1757 2926; x_wconf 87' lang='lat' dir='ltr'>quem</span> 
     </span>
     <span class='ocr_line' id='line_1_40' title="bbox 249 2944 981 2998; baseline -0.001 -13"><span class='ocrx_word' id='word_1_262' title='bbox 249 2944 412 2985; x_wconf 85' lang='lat' dir='ltr'>habent</span> <span class='ocrx_word' id='word_1_263' title='bbox 442 2944 738 2998; x_wconf 72' lang='lat' dir='ltr'>monosyllaba</span> <span class='ocrx_word' id='word_1_264' title='bbox 770 2948 808 2984; x_wconf 77' lang='lat' dir='ltr'>in</span> <span class='ocrx_word' id='word_1_265' title='bbox 843 2947 885 2984; x_wconf 90' lang='grc'>01</span> <span class='ocrx_word' id='word_1_266' title='bbox 916 2948 981 2984; x_wconf 75' lang='lat' dir='ltr'>ad.</span> 
     </span>
    </p>
   </div>
  </div>
 </body>
</html>
