1898 3292
775 199 890 222 menn
911 198 1088 229 oviNTvs.
1598 194 1679 230 4122,

288 300 423 349 Igitur
454 300 637 353 primum
671 301 856 340 omnium
891 300 1015 340 simili
1056 300 1295 353 frequentia
1331 317 1431 342 usus
1464 304 1679 344 nominum

175 382 224 409 ac
254 368 482 408 verborum
514 368 677 409 formae
709 369 749 407 in
783 383 803 405 0
836 373 1039 409 exeuntes
1079 369 1290 410 iambicae
1330 370 1427 410 inde
1474 371 1528 411 ab
1571 372 1680 412 anti-

174 437 379 489 quissima
411 441 553 477 aetate
586 450 720 488 usque
754 436 807 476 ad
830 437 951 477 initia
974 437 1152 489 Vergilii
1174 438 1261 477 sive
1285 443 1508 491 correptae
1531 444 1679 493 aperte

173 519 265 555 seu,
299 504 413 557 quod
445 505 556 545 idem
590 504 721 553 valet,
770 504 899 545 elisae
931 505 973 544 111
1006 505 1125 545 brevi
1154 505 1428 546 inveniuntur
1460 508 1574 561 apud
1607 509 1679 549 da-

175 572 351 626 ctylicos
390 572 492 623 hae,
535 586 645 625 quae
688 577 786 613 sunt
827 577 938 613 homo
979 573 1121 627 [Lucr.
1156 574 1227 622 VI,
1261 575 1384 628 (1521,
1430 578 1517 616 bibo
1561 577 1679 631 [Luc.

173 641 284 691 VIII,
308 641 350 695 2]
381 665 433 670 ——
466 655 562 681 nam
595 642 714 681 fuere
740 641 918 681 Romani
951 641 1167 682 multibibi
1198 668 1264 684 —-,
1297 648 1380 683 volo
1411 643 1518 697 [Cat.
1539 649 1574 691 6,
1598 647 1679 699 161.

173 712 276 750 daho
318 708 425 763 [Cat.
462 713 524 753 13,
561 710 647 763 11],
693 717 808 759 pulo,
851 709 965 762 quod
997 709 1248 763 plerumque
1277 711 1513 753 adverbiist
1543 713 1679 754 instar

173 777 452 831 [Octavianus
485 778 527 817 in
560 778 869 830 epigrammate
902 782 1000 818 ante
1034 778 1193 819 bellum
1224 778 1476 820 Perusinum
1508 782 1681 835 scripto,

170 845 276 899 Moy.
309 849 380 894 80,
415 846 472 898 41.
545 850 770 898 praeterea
811 846 935 899 longe
979 846 1271 899 dignissimum
1314 849 1521 889 memoria
1560 850 1677 898 illud,

172 914 286 967 quod
325 914 367 954 in
406 918 563 957 nescio,
613 915 647 954 si
692 915 956 967 pronominis
1003 915 1213 956 indefiniti
1260 916 1468 957 accedant
1516 918 1679 958 formae

174 982 508 1036 monosyllabae,
541 986 588 1023 nt
619 986 753 1023 nes-cio
782 987 889 1033 φώς,
923 987 1057 1023 nexem
1091 987 1206 1033 qnid,
1251 982 1420 1038 semper
1450 986 1681 1039 corripitur

172 1069 193 1090 u
229 1051 343 1104 apud
375 1051 610 1104 dactylicos
652 1052 818 1104 pariter
859 1055 989 1104 atque
1032 1052 1266 1102 scaenicos,
1307 1053 1364 1093 ita
1417 1054 1588 1106 quidem
1637 1060 1681 1095 ut

171 1123 356 1173 utraque
388 1133 490 1173 pars
529 1119 743 1160 coalescat
782 1124 821 1160 et
866 1124 1067 1161 accentus
1111 1121 1165 1161 sit
1208 1122 1247 1161 in
1292 1123 1679 1175 antepaennltima:

170 1189 415 1238 ne.s·ci‹3‹sm's,
449 1189 695 1238 nescibtlue'd.
758 1188 832 1228 sed
865 1188 933 1229 hic
965 1203 1064 1229 usus
1097 1204 1147 1230 ne
1188 1190 1438 1231 insolentior
1470 1191 1678 1242 videatur,

171 1271 265 1297 011111
297 1256 578 1297 iambicorum
609 1260 776 1297 tantum
809 1257 967 1310 corripi
1001 1271 1319 1310 nonnumquam
1352 1258 1522 1300 finalem
1553 1260 1679 1301 modo

170 1325 225 1365 sit
255 1329 464 1373 notatum,
496 1339 633 1377 neque
667 1339 761 1366 cum
795 1325 1016 1379 dactylicis
1049 1327 1091 1366 in
1122 1341 1251 1367 unum
1285 1332 1439 1368 coeant
1459 1329 1502 1369 in
1526 1329 1678 1369 Latino

170 1407 362 1435 sermone
395 1393 636 1442 encliticae,
678 1393 907 1435 tenendum
948 1395 1252 1447 pronuntiandi
1297 1396 1514 1438 modulum
1548 1397 1675 1438 talem

169 1466 308 1503 ortum
351 1462 423 1503 illo
464 1466 674 1515 tempore,
717 1476 800 1515 quo
833 1477 883 1502 ne
923 1463 1137 1516 particula
1178 1463 1366 1504 nondum
1407 1469 1501 1506 erat
1530 1466 1675 1506 iuncta

170 1530 299 1571 verbo
340 1531 593 1583 insequenti.
655 1545 839 1584 namque
882 1531 1006 1572 huius
1046 1533 1224 1585 propria
1256 1532 1316 1573 vis
1354 1538 1394 1573 01
1427 1534 1620 1575 seiuncta
1653 1548 1678 1575 a.

168 1602 291 1652 parte
325 1599 646 1653 compositionis
679 1599 817 1640 altera
846 1614 897 1640 ne
920 1600 1152 1641 Caesarum
1177 1600 1349 1653 quidem
1372 1606 1515 1643 aetate
1538 1603 1676 1644 latuit.

169 1668 288 1708 cuius
329 1668 433 1708 reist
474 1668 788 1717 documentum,
829 1669 942 1721 quod
986 1669 1160 1709 Tacitus
1202 1669 1311 1710 dixit
1351 1670 1456 1712 Anu.
1494 1671 1589 1721 XII,
1624 1675 1676 1713 (54

168 1750 272 1786 quae
306 1740 389 1785 silio
423 1741 526 1777 dare
556 1740 785 1787 inlperinm,
826 1742 1003 1778 tolerare
1036 1742 1329 1788 imperitantem
1363 1742 1563 1789 nequibat.
1626 1740 1678 1781 (10

167 1818 251 1857 (1110
282 1819 362 1846 usu
395 1804 502 1846 dixit
535 1805 774 1846 Gronovius
806 1805 1026 1847 Observat.
1059 1806 1128 1852 lv,
1161 1810 1196 1847 2.
1229 1832 1284 1836 *—
1318 1807 1498 1861 simplex
1530 1812 1673 1849 autem

165 1876 249 1914 scio
293 1886 396 1914 casu
439 1874 624 1926 quodam
668 1874 850 1927 primum
896 1874 1009 1927 apud
1042 1875 1274 1928 Vergilium
1316 1876 1528 1917 invenitur
1576 1892 1673 1931 pyr-

171 1941 404 1983 richiacum
438 1941 551 1996 [buc.
586 1946 621 1991 8,
653 1946 729 1991 433
760 1956 852 1983 aen.
885 1943 956 1992 111,
990 1946 1093 1994 602;
1129 1944 1177 1993 X,
1212 1944 1325 1998 904}

282 2009 365 2051 Sed
396 2014 443 2051 ut
472 2011 645 2051 redeam
678 2011 720 2051 in
753 2012 876 2062 viam,
909 2012 1073 2064 proprii
1105 2013 1286 2053 nominis
1327 2027 1427 2054 usus
1471 2013 1672 2055 libertate

165 2078 271 2119 illud
309 2081 404 2120 Cato
436 2079 753 2133 pyrrichiacum
787 2080 939 2121 extulit
972 2080 1107 2121 Varro
1142 2082 1347 2122 Atacinus
1384 2083 1426 2122 in
1461 2083 1672 2136 epigram—

165 2151 279 2188 mate
312 2147 455 2200 (modo
488 2148 543 2189 sit
573 2148 719 2201 ipsius,
752 2148 866 2201 quod
896 2162 979 2189 non
1010 2153 1151 2202 potest
1182 2149 1288 2201 fieri,
1321 2151 1355 2192 si
1389 2151 1560 2192 Licinus
1590 2152 1673 2197 1110,

166 2217 238 2269 (1111
260 2215 338 2257 sub
362 2217 555 2269 Augusto
579 2217 743 2258 Gallias
766 2217 978 2270 spoliavit,
1002 2218 1056 2258 sit
1078 2218 1410 2272 intellegendus,
1444 2224 1509 2260 est
1530 2224 1673 2261 tamen

165 2285 370 2338 temporis
394 2289 509 2326 certe
533 2286 747 2339 augustei)
779 2285 860 2326 hoc
893 2299 1018 2327 versu
1062 2285 1305 2328 ‘marmoreo
1332 2290 1495 2329 Licinus
1528 2294 1674 2329 tumulo

165 2356 282 2401 lacet,
315 2361 356 2394 at
384 2356 478 2394 Cato
500 2351 672 2404 parvo’,
706 2368 831 2407 quem
853 2354 1062 2395 imitando
1086 2355 1381 2408 comprobavit
1403 2356 1675 2397 doctissimus

165 2425 390 2474 poetarum
422 2422 712 2475 posteriorum
744 2422 1005 2464 Claudianus
1035 2424 1098 2464 ita
1130 2424 1190 2478 [in
1220 2424 1338 2465 Eut-r.
1372 2425 1407 2475 I,
1438 2425 1540 2478 457]
1586 2425 1675 2475 ‘quc‘

164 2492 236 2530 sub
284 2493 373 2530 iure
416 2494 575 2541 neyastc'
620 2493 754 2531 vivere
802 2493 1026 2539 Caesareo,
1070 2506 1204 2542 parvo
1246 2497 1431 2543 procede
1471 2498 1672 2544 amedei-0.

166 2561 404 2608 Eutrope'mn
448 2572 629 2609 passure
677 2557 815 2599 δαῖθ’.
889 2559 1007 2600 vides
1054 2574 1180 2612 quam
1234 2560 1394 2602 fuerint
1445 2562 1565 2615 parci
1612 2561 1671 2601 illi

166 2630 330 2666 veteres
373 2626 654 2680 corripiendis
686 2627 913 2668 verborum
953 2628 1256 2681 nominumque
1300 2629 1342 2669 in
1375 2644 1394 2669 ο
1427 2630 1672 2670 exeuntium

165 2694 323 2735 formis.
385 2708 645 2747 quamquam
683 2696 855 2736 minime
900 2696 1148 2737 credibilest
1187 2697 1356 2737 omnino
1388 2697 1481 2738 istis
1512 2698 1673 2738 voculis

164 2762 380 2803 licentiam
409 2776 500 2803 esse
534 2764 785 2814 coercitam,
829 2764 1000 2816 quando
1044 2765 1169 2805 simili
1206 2764 1445 2818 frequentia
1480 2779 1582 2806 usus
1615 2767 1672 2807 vi-

164 2834 312 2883 gentes
344 2831 466 2872 aliae.
501 2832 616 2872 velut
644 2846 744 2873 (0120.
775 2846 890 2883 nessa.
925 2840 1022 2875 vela,
1056 2832 1200 2872 eodem
1238 2833 1349 2872 baud
1374 2833 1502 2873 dubie
1525 2833 1672 2874 fruun-

164 2904 235 2940 tur
275 2900 367 2941 iure
407 2900 627 2941 breviandi
660 2900 841 2941 finalem.
907 2906 949 2941 at
985 2902 1220 2941 certissime
1251 2915 1345 2941 cum
1380 2906 1545 2943 constet
1576 2902 1670 2943 illos
