1898 3292
249 215 328 253 604
919 222 1045 248 INDEX
1066 223 1090 248 1.

965 392 1035 435 IV.

714 475 941 540 LIBER
977 473 1300 523 TERTIVS.

248 570 536 609 EXPoNITVR
567 570 635 607 DE
668 570 907 608 FAESVRA.
969 569 1257 616 QVAERITVR
1297 569 1409 606 NVM
1443 570 1758 608 GRAMMATICI

247 639 508 677 A(¹‹1⁴EN'FVS
551 639 696 677 RATIO
738 638 812 676 SIT
851 638 1035 675 HABITA
1076 638 1133 675 IN
1172 638 1420 676 VERSIBVS
1459 638 1658 677 LATINIS
1697 639 1758 676 ET

246 708 395 746 'FINES
451 708 690 746 SENSVVM
735 707 797 745 Ao
848 706 1175 745 NVMER‹T)RVM
1227 706 1493 753 QVATENVS
1544 707 1757 746 INTERSE

489 776 782 815 CONCINERE
815 775 1044 814 SOLEANT
1075 775 1176 814 VEL
1208 775 1519 815 DISSENTIRE.

902 862 1104 900 194—278.

363 938 664 979 Prohoemium
699 942 790 985 194,
824 942 859 980 5.

363 1008 603 1048 Caesura
638 1010 872 1048 195—202.

362 1075 577 1116 Caesurae
612 1074 803 1116 definitio
839 1079 929 1124 195,
955 1079 990 1116 6.
1054 1089 1202 1116 versus
1233 1074 1421 1115 definitio
1460 1078 1549 1120 190,
1584 1079 1619 1114 7.
1672 1075 1759 1115 alia

248 1143 460 1197 quaedam
481 1143 532 1184 de
553 1147 708 1184 natura
729 1158 880 1185 versus
902 1148 993 1190 197,
1013 1148 1048 1185 ὃ.
1099 1143 1220 1196 plura
1248 1143 1300 1184 de
1329 1157 1510 1184 caesura
1538 1147 1758 1185 198-200

247 1214 447 1265 (caesura
472 1226 582 1265 quae
603 1212 652 1253 fit
673 1226 750 1265 per
780 1212 934 1253 tmesin
970 1216 1060 1254 199.
1106 1212 1148 1252 in
1171 1211 1407 1252 minoribus
1440 1211 1633 1252 versibus
1667 1216 1758 1253 199.

247 1280 406 1334 duplex
457 1283 547 1323 199.
623 1280 886 1322 subsidiaria
933 1281 1046 1333 200).
1122 1294 1321 1321 versuum
1370 1279 1485 1320 nullo
1528 1283 1759 1334 systemate

249 1350 546 1403 coiugatorum
567 1349 736 1390 initium
770 1363 820 1390 ac
850 1347 946 1389 finis
978 1352 1072 1398 200,
1111 1352 1142 1389 1.
1196 1351 1428 1402 systemate
1460 1347 1758 1389 conclusorum

249 1421 343 1459 201.
405 1421 751 1471 asynartetorum
786 1417 928 1458 media
959 1431 1059 1470 pars
1093 1420 1187 1458 202.

362 1486 642 1527 (laesurae
672 1500 929 1527 versuum
960 1485 1283 1526 Latinorum
1315 1487 1551 1526 202—233.

362 1554 788 1609 Dactylicorum
821 1558 1030 1596 202-28,

363 1623 624 1664 Hexameter
656 1626 864 1665 202-28,

363 1691 727 1732 Penthemimeres
751 1695 845 1741 202,
879 1695 914 1732 3.
961 1690 1352 1744 hephthemimeres
1385 1693 1479 1741 203,
1512 1694 1548 1731 4.
1607 1691 1759 1732 trithe-

247 1760 445 1801 mimeres
477 1763 580 1810 203,
614 1764 650 1800 4.
711 1759 1103 1813 hephthemimeres
1131 1773 1226 1799 cum
1255 1758 1389 1799 inciso
1431 1761 1530 1812 post
1562 1759 1757 1812 quintum

248 1828 507 1882 semipedem
537 1828 668 1869 verbo
700 1831 792 1869 204.
856 1832 1025 1869 ceterae
1060 1827 1223 1881 species
1253 1826 1633 1880 hephthemimeris
1664 1831 1757 1869 204.

248 1896 360 1952 τομὴ
376 1895 485 1939 κατὰ
503 1899 654 1950 τρίτον
677 1903 884 1952 τροχαῖον
903 1900 998 1946 204,
1024 1901 1059 1938 5.
1105 1896 1178 1937 ubi
1201 1896 1365 1949 pariter
1386 1898 1484 1948 post
1506 1895 1757 1936 trochaeum

248 1965 365 2006 tertii
398 1964 556 2018 dactyli
599 1968 641 2005 et
679 1965 794 2005 arsin
836 1966 981 2018 quarti
1012 1965 1205 2015 incisum,
1238 1963 1353 2017 apud
1385 1964 1561 2004 Latinos
1593 1964 1758 2017 optinet

247 2033 660 2087 hephthemimeres,
702 2047 786 2074 non
828 2033 1051 2074 trochaica
1087 2033 1217 2074 tertia
1260 2036 1441 2074 205—9.
1510 2032 1757 2085 grammati-

248 2115 394 2143 corum
426 2102 675 2142 Latinorum
721 2101 773 2141 de
815 2115 865 2142 ea
893 2115 939 2142 re
970 2101 1219 2142 testimonia
1251 2103 1459 2142 209—11.
1520 2100 1668 2141 Meieri
1708 2099 1760 2141 de

248 2170 398 2211 eadem
431 2170 574 2223 opinio
603 2171 697 2219 212,
731 2173 753 2210 3
814 2183 994 2210 caesura
1021 2169 1217 2210 bucolica
1258 2172 1300 2209 et
1341 2172 1498 2221 quarta
1539 2168 1761 2209 trochaica

248 2242 329 2280 213
352 2242 444 2280 -.-18
487 2237 620 2292 (apud
647 2237 835 2279 Graecos
873 2241 954 2279 213
975 2241 1081 2279 -15,
1155 2236 1269 2290 apud
1303 2237 1518 2277 Romanos
1552 2240 1759 2278 215—17.

249 2307 628 2360 grammaticorum
683 2306 930 2347 testimonia
990 2309 1093 2356 217,
1151 2309 1205 2359 S).
1280 2305 1520 2345 hexametri
1581 2318 1761 2346 caesura

249 2379 445 2416 carentes
470 2378 564 2425 218,
593 2379 629 2416 9.
676 2388 855 2416 caesura
885 2375 997 2415 inter
1032 2373 1386 2426 colliquescentes
1423 2373 1611 2427 syllabas
1643 2373 1760 2414 nulla

250 2448 344 2491 220,
364 2447 429 2484 21.
470 2443 819 2497 penthemimeris
842 2442 1045 2484 nobilitas
1073 2445 1115 2483 et
1139 2441 1384 2494 frequentia
1410 2441 1525 2494 apud
1543 2441 1760 2482 Romanos

251 2515 352 2559 221,
396 2516 431 2552 2.
500 2511 851 2564 hepthemimeris
903 2525 1004 2551 usus
1057 2513 1266 2551 222-26.
1342 2510 1432 2551 eius
1484 2523 1643 2562 genera
1688 2510 1759 2560 ΙΙΙ,

249 2581 412 2634 species
446 2579 512 2620 VI.
562 2578 902 2632 perfectissimae
924 2580 1064 2632 prima
1097 2582 1138 2619 et
1173 2578 1373 2628 secunda,
1404 2578 1534 2619 tertia
1564 2577 1761 2631 praelata

251 2651 454 2702 quartae,
501 2651 657 2701 quarta
698 2651 867 2695 sextae,
909 2650 1031 2688 sexta
1073 2647 1249 2700 quintae
1287 2649 1380 2687 222.
1442 2661 1511 2687 res
1555 2646 1760 2699 exemplis

251 2721 475 2758 auctorum
522 2716 805 2769 comprobata
846 2718 1084 2756 223-226.
1155 2715 1392 2768 singularia
1434 2714 1643 2767 quaedem
1686 2714 1760 2754 ad-

249 2789 399 2826 notata
452 2788 546 2825 220.
624 2798 829 2825 caesurae
871 2785 1027 2825 tertiae
1074 2783 1322 2824 trochaicae
1370 2783 1528 2824 raritas
1573 2786 1675 2831 226,
1723 2785 1759 2822 7.

248 2853 631 2906 hephthemimeris
673 2852 911 2906 specierum
956 2855 1161 2904 quattuor
1201 2851 1489 2904 posteriorum
1532 2865 1633 2891 usus
1665 2853 1758 2890 227.

251 2921 432 2965 Romani
466 2921 705 2976 comparati
738 2935 833 2963 cum
868 2920 1046 2963 Graecis
1079 2923 1172 2961 228.
