1898 3292
184 254 206 291 2
214 254 235 290 7
242 254 264 291 6
781 261 899 285 LIBER
918 260 1091 285 TERTIVS.

435 366 497 397 aut
521 363 668 396 Ararim
694 362 852 397 Parthus
877 363 981 397 bibet
1006 365 1069 396 aut
1091 362 1287 396 Germania
1310 361 1460 406 Tigrim.

434 421 695 464 immotamque
723 420 793 453 coli
821 419 923 454 dedit
952 423 988 454 et
1015 422 1250 453 contemnere
1276 424 1415 462 ventos,

182 502 321 542 neque
352 492 450 542 post
482 488 715 530 secundum
748 489 953 543 exemplis
986 489 1169 530 talibus:

433 568 518 602 hinc
544 567 683 601 Hosius
709 569 813 602 stetit
838 568 921 602 inde
949 568 1037 603 Leo.

434 625 494 659 hic
520 628 671 669 nuptam
699 625 794 669 petit
817 625 877 659 ille
907 626 1034 659 virum.

182 707 311 747 porro
343 693 460 734 haud
491 693 724 734 absurdum
756 694 980 744 memoria,
1023 692 1137 747 quod
1176 693 1282 733 illud
1323 700 1400 733 lum
1440 707 1525 733 cnm
1565 693 1690 733 unius

182 763 325 815 potius
372 775 500 815 quam
547 761 727 802 duorum
773 762 910 802 instar
957 766 1021 803 est
1066 761 1383 802 vocabulorum.
1446 761 1602 814 quippe
1650 766 1691 801 et

184 831 359 871 Ovidius
400 834 442 870 et
484 830 631 880 ceteri,
673 833 719 870 ut
764 830 944 883 quisque
983 830 1176 871 bonitate
1217 844 1415 870 versuum
1456 830 1689 882 proximus,

185 912 416 951 numquam
446 898 506 938 sic
536 897 769 939 admittunt
800 906 877 939 tecm
910 913 1010 945 cum,
1044 903 1092 939 ut
1121 899 1164 938 in
1195 898 1290 951 ipsa
1312 911 1491 938 caesura
1513 899 1568 938 sit
1599 905 1690 944 lum,

183 971 228 1007 at
264 981 391 1020 saepe
422 967 495 1017 ita,
526 971 573 1007 ut
604 967 745 1007 statim
778 971 878 1020 post
909 981 1143 1008 caesuram.
1197 966 1312 1019 quod
1343 967 1481 1020 ipsum
1515 970 1557 1006 et
1589 966 1685 1007 deli*

184 1039 342 1088 quatur
374 1035 566 1076 versibus
601 1035 667 1076 his
696 1035 878 1076 Nasonis
909 1035 1024 1090 [fast.
1058 1035 1133 1085 VI,
1167 1035 1290 1089 750]:

434 1114 650 1159 profuerant
676 1114 804 1149 Glauci
830 1115 997 1149 manibus
1022 1115 1082 1148 illa
1108 1115 1219 1159 prius,

433 1175 511 1205 tum
538 1183 621 1205 cum
648 1173 858 1206 observatas
886 1172 1014 1217 anguis
1040 1172 1233 1206 descendit
1257 1172 1292 1204 in
1318 1172 1476 1205 umbras.

182 1247 225 1287 in
270 1246 425 1299 quibus
470 1246 565 1287 luce
606 1247 744 1299 ipsast
782 1246 938 1287 clarius
982 1246 1098 1287 nullo
1139 1260 1265 1299 posse
1306 1250 1432 1299 pacto
1475 1246 1527 1286 ad
1568 1260 1691 1299 prae-

186 1315 383 1356 cedentia
424 1315 639 1368 pertinere
678 1322 768 1356 tune.
832 1319 1020 1356 ceterum
1054 1315 1166 1368 quod
1199 1315 1240 1355 in
1274 1315 1445 1368 optimis
1478 1315 1691 1368 exempla-

182 1383 302 1424 ribus
335 1397 463 1438 saepe
486 1383 700 1423 invenitur
733 1384 938 1437 scriptum
971 1392 1066 1424 lianc
1095 1397 1195 1432 cum,
1229 1383 1423 1436 suspicor
1455 1383 1692 1436 antiquitus

186 1452 316 1493 fuisse
363 1452 545 1493 formam
593 1458 753 1492 timeum
802 1452 1008 1502 emollita,
1056 1455 1103 1492 ut
1139 1451 1187 1491 fit
1227 1450 1498 1505 plerumque,
1544 1451 1693 1492 labiali

183 1521 310 1561 litera
339 1521 381 1560 in
415 1520 616 1561 nasalem.
677 1520 941 1574 intellegitur
978 1525 1120 1561 autem
1161 1534 1287 1573 posse
1318 1520 1405 1561 tale
1438 1519 1690 1561 vocabulum

183 1589 331 1629 eodem
376 1590 467 1630 iure
506 1589 548 1629 in
581 1590 778 1642 proprias
809 1593 955 1643 partes
987 1588 1184 1640 rescindi,
1217 1602 1300 1642 quo
1334 1592 1577 1639 priusquam
1607 1589 1692 1629 sive

183 1661 354 1699 e’asme‘ane.
409 1658 569 1711 quippe
600 1657 707 1697 haec
739 1658 853 1710 quod
883 1658 1035 1699 statuit
1065 1658 1302 1710 Wagnerus
1333 1657 1543 1712 [orthogr.
1568 1657 1691 1710 Verg.

182 1726 347 1780 11466]
380 1727 539 1767 rectius
572 1726 713 1767 dirimi
743 1740 871 1779 quam
913 1726 1024 1779 cogi,
1067 1740 1091 1766 a
1122 1739 1222 1767 vero
1255 1726 1423 1766 Videtur
1454 1725 1691 1766 aberrasse.

182 1809 280 1835 nam
312 1795 424 1835 sicut
455 1795 627 1835 minime
658 1795 812 1835 desunt
832 1794 926 1845 loci,
959 1794 1114 1848 quibus
1137 1798 1348 1848 appareat
1370 1798 1485 1835 recte
1508 1793 1692 1846 discerpi

182 1876 307 1904 voces
342 1863 451 1914 illas,
486 1868 635 1905 extant
665 1864 780 1914 item,
814 1863 968 1917 quibus
992 1863 1296 1917 comprobetur
1317 1876 1400 1904 non
1423 1863 1562 1903 minus
1584 1862 1692 1903 bene

183 1931 424 1973 coalescere
470 1933 653 1974 easdem.
715 1932 847 1974 veluti
884 1935 1128 1983 priusquam
1160 1945 1244 1972 uno
1275 1930 1406 1972 verbo
1439 1931 1538 1985 poni
1571 1945 1596 1971 a
1625 1931 1690 1971 Ti-

183 2000 298 2041 bullo
330 2001 372 2041 in
403 2001 543 2042 hisce:

434 2093 543 2125 quam
568 2081 661 2115 bene
688 2079 848 2114 Saturno
875 2081 1047 2114 vivebant
1072 2091 1169 2124 rege,
1196 2080 1408 2124 priusquam

431 2139 540 2172 tellus
564 2138 601 2171 in
626 2138 754 2182 longas
781 2140 836 2171 est
859 2137 1045 2181 patefacta
1069 2137 1144 2170 vias

184 2206 282 2247 inde
300 2210 508 2260 apparet,
541 2206 655 2260 quod
686 2219 919 2259 numquam
954 2206 1008 2246 ab
1032 2206 1179 2247 eodem
1202 2205 1377 2260 ponitur
1398 2206 1440 2246 in
1462 2206 1544 2246 fine
1568 2205 1694 2246 metri

182 2275 523 2329 monosyllabum
554 2275 840 2329 praecedente
872 2274 968 2328 plus
1001 2288 1129 2327 quam
1160 2273 1466 2328 monosyllabo.
1527 2274 1588 2314 ita
1616 2277 1692 2315 lam

183 2347 259 2383 iam
287 2343 398 2384 binis
431 2358 598 2397 semper
630 2343 829 2397 partibus
852 2343 886 2384 si
910 2343 1126 2393 extuleris,
1158 2342 1275 2383 haud
1297 2355 1396 2382 raro
1420 2342 1692 2383 durissimum

184 2414 314 2464 atque
343 2411 451 2452 adeo
480 2411 751 2453 intolerabile
785 2411 948 2452 orietur
980 2411 1250 2466 asyncletum,
1281 2410 1398 2451 velut
1429 2411 1471 2450 in
1504 2410 1570 2451 his
1602 2424 1692 2450 ver-

182 2479 301 2520 sibus
334 2479 472 2520 Ovidii
504 2484 546 2520 et
573 2480 701 2521 Statii
741 2479 843 2534 [hal.
880 2483 953 2531 193
987 2479 1126 2520 achill.
1159 2480 1188 2530 I,
1224 2483 1324 2530 5843
1359 2478 1409 2519 cf.
1444 2482 1486 2519 et
1517 2478 1630 2519 theb.
1663 2478 1692 2528 I,

183 2551 286 2598 3143
321 2551 425 2599 3733
460 2552 540 2589 545
577 2548 651 2599 al.3
685 2548 832 2589 Claud.
865 2551 929 2599 36,
963 2549 1087 2602 267]:

433 2634 534 2677 sepia
559 2633 663 2666 tarda
688 2633 795 2677 fugae
821 2633 922 2667 tenui
949 2645 1032 2666 cum
1057 2633 1152 2667 forte
1179 2634 1244 2666 sub
1271 2632 1367 2666 unda

434 2690 651 2734 deprensast
674 2690 893 2733 iamiamque
918 2701 1044 2723 manus
1071 2690 1177 2724 timet
1201 2690 1262 2723 illa
1288 2689 1440 2733 rapacis,

433 2746 597 2780 inficiens
624 2758 762 2789 aequor
787 2747 930 2790 nigram
958 2747 1074 2780 vomit
1097 2747 1199 2780 ilicet
1224 2758 1360 2780 auram.

433 2803 604 2847 quodque
630 2803 725 2847 fugit
750 2803 914 2846 comites,
940 2804 1051 2837 nimio
1078 2804 1176 2847 quod
1200 2803 1335 2837 lumine
1363 2814 1440 2837 sese

432 2862 532 2905 figat,
559 2864 595 2895 et
621 2861 655 2893 in
683 2861 802 2894 verbis
828 2861 1107 2904 intempestivus
1133 2860 1290 2903 anhelet,

432 2919 596 2961 miratur,
623 2918 841 2960 iamiamque
868 2917 971 2952 dolos
998 2918 1142 2961 aperire
1168 2920 1360 2961 parantem

432 2975 596 3016 virginea
620 2975 769 3009 levitate
799 2974 893 3018 fugit
919 2974 1163 3019 prohibetque
1190 2975 1305 3008 fateri.
