1898 3292
179 187 201 224 2
209 189 262 226 54
776 197 898 222 LIBER
915 197 1090 223 TERTIVS.

172 298 236 339 ita
261 297 600 351 indignationem
632 298 811 353 pulchre
844 300 1056 353 expressit
1087 314 1213 341 versu
1244 301 1349 342 isto:

383 380 421 412 et
445 390 542 412 1111110
568 378 629 412 ille
655 377 759 412 Paris
786 390 869 412 011111
897 379 1067 412 semiviro
1095 380 1273 413 comitatu

175 460 254 488 nec
284 447 423 488 miuus
456 446 647 488 dolorem
679 447 804 488 alibi:

635 527 727 561 socii
752 527 868 561 multo
894 528 1033 572 gemitu
1058 528 1293 572 lacrimisque

380 584 583 628 inpositum
608 587 713 618 scuto
739 584 904 618 referunt
928 584 1095 618 Pallanta
1125 585 1343 628 frequentes.

292 653 375 694 Sed
408 667 486 707 age
522 654 607 694 iam
646 653 688 693 in
722 654 831 694 viam
874 653 1114 704 redeuntes,
1152 654 1265 707 quod
1298 654 1607 697 validissimum
1645 657 1687 697 in

176 735 222 763 re
244 725 406 773 nostra,
440 722 637 775 exempla
658 722 948 775 producamus
977 722 1193 763 laesarum
1218 724 1413 764 exeuntis
1446 724 1686 766 hexametri

175 790 330 844 legum.

289 859 427 912 Igitur
458 859 672 912 Vergilius
706 862 853 900 sextae
891 858 1004 900 sedis
1046 873 1238 900 normam
1267 861 1461 902 versibus
1505 862 1688 916 amplius

176 926 249 967 XL
282 940 376 968 cum
414 927 663 981 migrasset,
703 931 748 968 at
788 927 962 968 hercule
995 927 1170 969 Ovidius
1202 943 1283 969 11011
1316 929 1411 982 plus
1443 930 1687 973 undeciens.

175 996 307 1036 ceteri
350 996 480 1036 etiam
518 996 725 1040 maiorem
767 996 893 1048 longe
933 996 1170 1038 adhibuere
1210 999 1462 1039 cautionem.
1525 1003 1567 1040 et
1599 1000 1687 1040 Ma-

175 1064 292 1105 ronis
325 1064 497 1118 quidem
530 1065 860 1106 aemulationem
900 1069 989 1106 tam
1031 1070 1181 1119 aperte
1213 1081 1317 1120 prae
1350 1082 1394 1108 se
1426 1068 1569 1109 ferunt
1599 1069 1688 1122 ple-

175 1133 319 1186 rique,
365 1136 414 1174 ut
456 1133 689 1187 aliquando
718 1133 913 1175 versibus
944 1134 1059 1174 illius
1092 1135 1145 1175 ad
1174 1135 1365 1188 ipsorum
1398 1137 1687 1178 emendandos

174 1202 313 1255 possis
356 1202 433 1243 uti.
493 1202 625 1244 veluti
672 1217 766 1244 cum
812 1203 853 1243 iu
895 1202 1114 1245 Thebaide
1163 1204 1289 1245 Statii
1334 1204 1535 1258 legantur
1581 1206 1688 1246 haec

175 1270 242 1324 [V,
277 1270 399 1325 14o]:

589 1351 675 1395 quin
701 1363 721 1385 0
747 1352 913 1395 miserae,
940 1352 1026 1385 dum
1052 1356 1198 1397 tempus
1224 1354 1301 1397 agit
1325 1364 1413 1397 rem,

383 1407 574 1442 consulite.
624 1420 668 1442 en
696 1409 824 1442 validis
851 1414 1022 1454 spumant
1048 1422 1172 1444 eversa
1197 1410 1344 1444 lacertis

382 1476 551 1510 aequora.
602 1465 813 1500 Bistonides
839 1468 992 1501 veniunt
1016 1467 1170 1501 fortasse
1198 1468 1359 1511 maritae,

176 1548 261 1575 non
290 1537 435 1589 potest
464 1548 557 1576 esse
588 1548 735 1576 verum
766 1535 872 1577 illud
916 1535 1091 1587 ‘tempus
1121 1540 1206 1588 aql!
1237 1535 1361 1585 rem',
1407 1537 1565 1591 quippe
1605 1552 1688 1591 quo

175 1603 221 1645 id
251 1603 388 1645 solum
420 1603 685 1657 significetur
713 1618 921 1658 prospera
951 1605 1035 1645 iam
1070 1606 1295 1646 occasione
1318 1619 1408 1647 rem
1438 1620 1563 1659 posse
1587 1607 1688 1659 geri,

177 1672 292 1726 quod
322 1672 507 1714 alienum
540 1686 633 1714 esse
666 1673 719 1714 ab
761 1674 975 1714 sententia
1012 1677 1054 1714 et
1086 1674 1235 1723 verbe,
1277 1674 1392 1727 quod
1425 1678 1489 1715 est
1521 1682 1688 1726 tempus,

175 1741 318 1782 notari
347 1742 535 1795 spatium
568 1755 645 1783 seu
686 1741 941 1783 facultatem
980 1742 1114 1784 totius
1154 1742 1255 1789 loci,
1299 1743 1410 1784 uude
1452 1743 1559 1785 haec
1591 1747 1690 1785 sunt

177 1814 368 1865 sumpta,
410 1811 658 1853 declaratur
699 1825 822 1853 nexu.
883 1811 1031 1865 itaque
1073 1811 1347 1853 scribendum
1391 1811 1503 1854 ‘dum
1536 1821 1689 1863 {empus

177 1883 247 1931 aqi
287 1877 410 1921 rem’.
477 1880 593 1934 quod
635 1894 730 1922 cum
768 1894 970 1922 sensuum
1008 1880 1318 1934 probabilitate
1359 1881 1688 1932 restituerimus,

175 1949 312 2002 magis
353 1949 483 1990 etiam
523 1949 714 2003 placebit
745 1949 1076 1999 conferentibus,
1123 1949 1235 1990 uude
1267 1949 1498 2001 ductumst,
1538 1951 1687 2003 Vergi—

175 2016 337 2059 lianum
369 2017 476 2059 illud
507 2018 618 2073 [aen.
652 2019 699 2069 V,
733 2019 832 2073 638]
874 2016 960 2059 ‘liic
992 2023 1130 2059 domus
1163 2025 1233 2067 est,
1266 2022 1408 2069 inquit,
1441 2021 1562 2060 vobis.
1611 2023 1687 2060 ἱαηι

177 2093 331 2137 tempus
363 2090 432 2139 aqi
463 2085 569 2129 res'.
633 2091 821 2128 ceterum
856 2086 908 2128 de
942 2087 1080 2128 Statio
1111 2101 1164 2128 ne
1196 2101 1308 2128 nunc
1339 2087 1466 2141 plura
1498 2087 1689 2139 afferam,

177 2169 261 2196 non
301 2158 446 2196 tamen
488 2155 769 2197 dissimulabo
809 2155 999 2197 deterius
1036 2156 1165 2197 etiam
1205 2169 1334 2209 quam
1362 2156 1469 2197 illud
1500 2161 1587 2208 (cyil
1615 2157 1688 2198 ha-

176 2223 279 2265 bere
310 2224 425 2278 quod
455 2225 614 2278 legitur
645 2225 775 2278 paulo
805 2228 906 2278 post
937 2228 1054 2265 exire
1085 2225 1127 2265 iu
1158 2224 1277 2266 hisce
1310 2225 1453 2280 [149]:

383 2310 482 2345 idem
508 2311 648 2344 animus
673 2311 790 2344 solare
816 2310 945 2344 domos
969 2310 1212 2354 iuvenumque
1238 2322 1438 2355 senumque

384 2368 629 2412 praecipitare
656 2367 757 2402 colos
783 2367 974 2411 plenisque
1000 2367 1217 2412 adfrangere
1242 2380 1374 2412 parvos

385 2425 560 2459 uberibus
586 2425 757 2469 ferroque
787 2436 913 2459 omnes
939 2425 1039 2459 exire
1066 2436 1132 2469 per
1160 2436 1284 2459 annos.

181 2512 292 2552 quae
325 2498 461 2541 donec
504 2500 599 2553 quis
643 2499 923 2554 explicaverit
963 2503 1081 2554 apte,
1120 2499 1414 2553 reponendum
1458 2514 1551 2542 esse
1591 2514 1689 2541 con-

179 2568 355 2610 tendam
384 2582 472 2610 una
502 2571 670 2609 mutata
700 2568 898 2610 litterula
924 2572 1098 2610 saevire.
1130 2596 1183 2601 —-
1214 2568 1347 2622 igitur
1378 2569 1509 2610 semel
1540 2583 1565 2610 a
1587 2569 1689 2610 Pro-

179 2637 319 2690 pertio
351 2636 487 2679 habes
517 2637 680 2679 laesam
711 2637 820 2679 sexti
852 2637 974 2691 pedis
996 2640 1132 2678 artem
1157 2638 1274 2679 exitu
1308 2637 1390 2679 hoc
1430 2636 1563 2679 ‘amor
1595 2635 1684 2688 (μί’

158 2730 235 2740 --—
269 2719 531 2760 quamquam
561 2709 667 2760 puto
696 2705 804 2747 haec
838 2706 970 2748 verba
1003 2710 1207 2760 corrupta
1241 2733 1304 2757 ψ,
1337 2706 1469 2747 semel
1490 2719 1515 2747 a
1538 2706 1689 2747 Gratio

179 2774 258 2815 tali
300 2773 425 2816 ‘valet
455 2771 563 2823 res',
607 2774 738 2816 semel
777 2788 802 2815 a
832 2774 1005 2816 Lucano
1038 2775 1100 2816 ita
1143 2773 1346 2824 ‘tabificus
1377 2772 1518 2825 Seps',
1561 2788 1689 2828 porro

182 2856 208 2883 a
252 2842 510 2885 Nemesiano
554 2841 825 2895 ‘monte'vayus
867 2842 995 2891 Pan'‚
1039 2843 1105 2884 bis
1148 2857 1174 2884 a
1220 2843 1323 2884 Silio
1367 2842 1503 2884 ‘deum
1548 2840 1689 2895 yens',

175 2908 325 2962 ‘ayunt
353 2909 465 2961 nos',
506 2911 572 2953 bis
607 2925 632 2953 a
664 2911 935 2953 Sammonico
979 2910 1155 2953 ‘aerium
1187 2909 1301 2961 mels.
1344 2910 1543 2953 ‘restituit
1563 2909 1689 2961 rem',
