1898 3292
737 236 857 261 LIBER
876 236 1049 262 TERTIVS.
1560 233 1581 269 2
1588 233 1610 270 2
1618 235 1639 269 ,ἦ

138 340 394 392 quinquiens
439 339 488 394 [1,
526 343 587 387 15,
619 342 664 389 7,
697 339 786 387 VII,
820 343 884 387 57,
921 342 965 390 1,
995 339 1066 388 ΙΧ,
1099 342 1164 388 47,
1202 344 1245 390 1,
1280 341 1328 390 X,
1365 345 1426 389 11,
1461 346 1504 393 5,
1549 342 1640 388 XII,

139 411 202 458 50,
239 408 302 462 1],
343 407 730 461 hephthemimerin
773 421 867 447 cum
909 407 1209 448 trithemimeri
1250 422 1333 449 non
1366 409 1500 450 inciso
1532 411 1640 463 pede

135 475 264 516 tertio
306 475 468 516 octiens
508 475 574 530 [V‚
607 479 643 525 7,
677 479 717 526 7,
759 474 847 524 VII,
880 478 944 524 30,
981 479 1020 527 1,
1054 479 1118 526 64,
1153 479 1198 526 7,
1244 476 1353 525 VIII,
1387 480 1451 527 34,
1485 482 1527 529 1,
1568 478 1640 529 IX,

138 546 174 594 3,
208 546 276 595 13,
311 546 403 593 100,
440 547 479 594 1,
512 543 605 593 XII,
637 547 701 594 38,
733 546 775 594 3,
809 546 873 593 52,
909 543 964 597 7].
1026 557 1153 596 porro
1198 543 1373 585 Ovidius
1416 559 1511 586 cum
1555 547 1642 587 suis

136 611 268 652 habet
298 611 410 652 hanc
447 611 723 661 duodeciens,
767 615 811 652 at
851 611 969 652 illam
1000 612 1158 652 viciens
1191 612 1369 653 sexiens.
1432 627 1457 653 a
1486 614 1641 666 quibus

136 679 217 720 hoc
256 683 423 720 tantum
468 680 652 720 Serenus
695 679 904 729 diversus,
948 679 1062 732 quod
1106 694 1234 734 saepe
1273 680 1463 721 admittit
1504 686 1641 722 metra

134 748 240 788 talia
281 746 530 798 ‘despiciens
561 762 674 788 mare
704 751 908 788 velivolzmz
943 755 1159 798 terrasque
1191 747 1407 789 iacentes’.

249 816 339 856 Iam
372 820 588 866 secuntur,
622 816 694 869 qui
726 819 768 856 et
798 816 876 857 has
909 816 1024 857 haud
1056 816 1184 857 dubie
1212 830 1412 857 caesuras
1436 818 1642 859 adhibent

136 898 215 924 nec
244 884 383 925 minus
414 884 803 938 hephthemimerin
834 884 980 935 solam,
1015 884 1089 925 sed
1110 885 1184 934 ita,
1217 888 1264 925 ut
1285 886 1413 926 tertio
1436 887 1641 927 trochaeo

134 952 309 993 finiatur
339 952 538 1003 verbum,
583 952 698 1006 quod
737 956 785 993 ut
824 953 1045 993 minimum
1077 953 1290 1006 compleat
1321 957 1456 995 totum
1489 955 1641 1008 pedem

136 1020 381 1071 secundum,
415 1021 527 1061 sicut
559 1025 623 1061 est
652 1021 695 1061 in
726 1035 851 1062 versu
883 1021 955 1062 illo
1001 1019 1218 1062 ‘sternitur
1252 1026 1532 1074 exanimisque
1562 1030 1641 1064 tre-

134 1103 245 1129 mens
281 1092 514 1139 procumbit
555 1093 663 1130 hume·
702 1087 810 1131 bos'.
873 1103 1054 1142 quorum
1088 1104 1108 1130 e
1141 1104 1318 1131 numero
1350 1096 1449 1132 sunt
1476 1092 1642 1146 Lygda-

136 1171 240 1207 mus,
273 1157 449 1198 Ovidius
478 1157 520 1197 in
552 1157 808 1208 halieuticis,
843 1158 1049 1207 Grattius,
1079 1158 1264 1208 Persius,
1298 1158 1578 1200 Nemesianus
1600 1160 1641 1200 in

137 1225 428 1280 Cynegeticis,
462 1225 625 1266 Statius
667 1226 710 1266 in
737 1225 974 1267 Achilleide
1007 1240 1057 1267 ac
1089 1226 1232 1277 Silvis,
1275 1227 1488 1278 Lucanus,
1519 1228 1642 1269 Clau-

135 1293 299 1345 dianus,
334 1294 531 1344 Avienus,
565 1293 774 1335 Sedulius.
826 1308 964 1347 neque
997 1295 1108 1335 enim
1141 1299 1257 1336 recte
1289 1296 1403 1348 apud
1427 1296 1643 1337 Grattium

135 1361 238 1403 ferri
271 1362 400 1403 credo
431 1362 539 1403 haec
571 1362 713 1417 [481]:

616 1453 661 1476 ex
687 1442 761 1476 alto
788 1441 997 1476 ducendum
1022 1454 1157 1477 numen
1184 1442 1340 1487 Olympo

409 1499 710 1544 supplicibusque
734 1498 900 1533 vocanda
925 1500 1038 1533 sacris
1063 1500 1179 1534 tutela
1204 1500 1368 1544 deorum,

136 1568 337 1621 quoniam
358 1568 610 1609 traditumst
631 1568 776 1609 codice
795 1567 1113 1610 Vindobonensi
1147 1568 1418 1620 ‘supplicibus
1439 1568 1639 1611 voeatzda’

136 1637 226 1678 sine
258 1637 429 1690 copula,
472 1650 582 1689 quae
623 1650 709 1677 non
750 1636 900 1678 dubito
943 1638 1045 1690 quin
1081 1638 1302 1678 commode
1333 1638 1558 1679 omittatur
1591 1639 1645 1679 ad

136 1705 377 1758 augendam
409 1704 494 1745 vim
525 1705 734 1746 orationis
764 1706 850 1746 iam
882 1719 960 1759 per
991 1720 1036 1747 se
1070 1706 1241 1747 citatae.
1294 1706 1396 1759 quid
1429 1707 1463 1748 si
1486 1706 1644 1747 scribe-

134 1787 228 1814 mus
266 1777 509 1814 vocitanda?
569 1787 668 1814 nam
699 1787 794 1815 cum
827 1774 1092 1828 simplicibus
1124 1774 1266 1815 verbis
1296 1775 1415 1828 iungi
1446 1775 1644 1828 frequen-

134 1841 272 1883 tativa
302 1841 417 1895 apud
447 1845 599 1895 poetas
631 1847 673 1883 et
705 1847 884 1894 ceteros,
919 1846 967 1884 ut
997 1842 1178 1896 quisque
1209 1842 1363 1884 horum
1395 1843 1645 1894 simillimus,

135 1910 307 1951 minime
348 1910 579 1951 insolitum.
649 1911 710 1952 sic
752 1911 977 1952 Lucretius
1022 1911 1130 1952 dixit
1173 1911 1228 1965 [1,
1262 1914 1339 1963 56,
1373 1912 1496 1966 354]:
1537 1917 1646 1953 unde

136 1991 270 2019 omnes
301 1985 454 2019 natura
486 1986 597 2020 creec
628 1993 708 2028 res,
744 1986 879 2020 auctet
905 1984 1092 2030 astatque,-
1133 1983 1175 2020 et
1206 1979 1333 2021 alibi:
1368 1984 1474 2021 inter
1502 1988 1646 2031 saepta

134 2054 271 2088 meant
298 2061 415 2089 voces
447 2054 484 2088 et
524 2051 666 2089 clausa
709 2051 914 2089 domorum
957 2052 1264 2097 transvolllant;
1305 2049 1407 2089 item
1439 2048 1645 2089 Horatius

135 2116 219 2170 [ep.
250 2116 281 2166 I,
316 2119 379 2166 16,
411 2116 483 2170 49]
520 2119 658 2157 renuit
687 2120 923 2168 neyc'tatque
954 2119 1161 2166 Sabellus;
1205 2120 1333 2170 atque
1379 2118 1440 2157 ita
1473 2117 1645 2158 Tacitus

136 2184 252 2238 [hist.
285 2184 336 2235 ΙΙ,
370 2184 464 2238 41];
506 2187 688 2225 incerlus
718 2188 898 2235 uncle‘qzce
928 2189 1079 2225 clamor
1112 2189 1433 2234 acem’rentimn,
1467 2189 1645 2226 vocitan-

137 2256 231 2293 tium
242 2268 256 2301 ,·
286 2252 360 2293 ubi
390 2255 534 2293 tamen
570 2253 710 2294 variat
740 2252 880 2294 lectio.
942 2252 1015 2294 sed
1051 2253 1207 2294 similia
1237 2253 1371 2294 multi.

250 2320 483 2361 Praeterea
513 2321 909 2375 semiseptenariam
940 2335 1019 2362 nec
1065 2335 1160 2362 cum
1204 2321 1506 2363 trithemimeri
1548 2335 1645 2362 0011-

136 2389 327 2429 iunctam
359 2392 402 2429 et
432 2402 571 2442 neque
600 2389 643 2429 in
676 2390 763 2430 arsi
794 2390 925 2430 tertia
955 2403 1034 2430 1100
1062 2390 1106 2430 111
1138 2389 1266 2430 tertio
1297 2390 1503 2431 trochaeo
1526 2390 1647 2430 finita

137 2470 240 2497 voce
262 2456 318 2497 ad
349 2457 590 2510 exemplum
619 2456 725 2498 illud
763 2455 884 2498 ‘haee
918 2461 1009 2498 dum
1031 2460 1246 2499 Dardanio
1268 2462 1429 2499 Aeneae
1456 2462 1646 2499 miranda

138 2522 347 2566 videntur’
399 2524 610 2566 admisere
652 2525 865 2567 Homerus
905 2525 1106 2576 Latinus,
1151 2525 1408 2577 Columella,
1438 2526 1646 2576 Valerius,

138 2592 417 2644 Prudentius,
450 2593 671 2644 Sidonius,
704 2593 960 2635 Priscianus.
1023 2598 1066 2635 et
1096 2594 1158 2635 ita
1189 2595 1320 2636 semel
1352 2595 1647 2636 Sammonicus

140 2661 282 2716 [537]:

391 2728 500 2762 saepe
525 2716 772 2752 thalassomeli
798 2718 943 2753 adiecto
971 2719 1233 2753 cumulavimus
1257 2719 1376 2753 imbri.

141 2797 216 2839 ubi
246 2800 391 2839 tamen
423 2811 448 2839 a
480 2797 688 2839 vocabulo
723 2798 919 2840 technico
953 2812 1088 2852 eoque
1112 2799 1279 2840 Graeco
1311 2799 1530 2840 excusatio
1563 2800 1645 2840 ori-

139 2869 221 2907 tur.
263 2891 318 2896 ——
358 2865 653 2920 superioribus
700 2866 885 2908 addendi
925 2867 1052 2908 Silius
1105 2881 1198 2908 oum
1248 2871 1424 2907 auctore
1471 2869 1645 2917 Aetnae,

141 2935 213 2986 qui
245 2934 421 2987 singulis
462 2934 566 2975 locis
607 2939 771 2987 ponunt
800 2935 1186 2988 hephthemimerin
1218 2935 1339 2974 finita
1369 2935 1409 2974 111
1442 2936 1645 2976 trochaeo

207 3013 238 3038 L.
258 3014 445 3044 Muelleri;
470 3014 513 3038 De
534 3022 553 3038 r.
575 3022 611 3038 m.
632 3022 658 3044 p.
678 3015 709 3038 L.
1332 3005 1372 3035 15
