1898 3292
249 231 332 269 200
845 237 965 262 LIBER
984 236 1158 261 TERT1vs.

365 341 598 382 Praeterea
638 340 889 393 principalis
934 352 1115 380 caesura
1156 339 1190 379 si
1233 338 1380 380 durior
1420 339 1619 380 inciderit
1660 353 1757 393 pro-

249 413 347 464 pter
379 408 569 463 partium
599 407 976 462 inaequalitatem,
1008 410 1152 461 potest
1184 406 1323 448 altera
1354 407 1392 448 ei
1425 407 1630 449 accedere
1662 407 1758 449 sub—

250 478 447 527 sidiaria,
500 476 618 518 velut
666 476 708 517 in
753 475 927 517 heroico
979 479 1116 517 metro
1168 475 1496 529 penthemimeri
1547 476 1757 527 bucolica,

250 545 611 601 hephthemimeri
647 545 983 586 trithemimeris.

366 615 559 668 Apparet
600 626 702 654 vero
744 626 827 654 non
874 612 1054 664 referre,
1104 625 1285 653 caesura
1337 612 1639 666 qualicumque
1687 612 1760 654 ad-

250 683 390 725 hibita
420 685 564 724 utrum
593 681 707 723 idem
739 695 835 722 cum
865 681 1093 735 principali
1125 695 1179 722 an
1211 680 1404 722 diversus
1427 681 1593 722 oriatur
1614 695 1760 722 nume-

251 766 341 803 rus,
375 751 456 792 nisi
488 750 603 804 quod
634 750 705 791 hic
735 753 827 791 tum
858 749 939 791 erit
971 749 1153 803 gratior,
1186 763 1281 790 cum
1316 748 1500 791 efficitur
1533 763 1601 800 eo,
1643 753 1691 790 ut
1718 750 1761 790 in

252 820 392 862 medio
433 833 559 861 versu
605 822 809 861 accentus
858 818 1094 874 rythmicus
1146 822 1188 860 et
1238 818 1546 872 grammaticus
1596 818 1763 873 possint

253 888 475 931 dissidere.

367 956 452 998 Sed
481 957 667 1012 primum
708 956 896 998 omnium
937 955 1267 1010 anquirendum<
1294 955 1418 1006 illud,
1459 969 1513 996 an
1556 954 1762 996 divisione

254 1025 371 1067 facta
399 1038 584 1067 canorae
615 1024 801 1066 evadant
830 1028 990 1079 partes.
1053 1038 1160 1078 quas
1193 1038 1286 1066 esse
1320 1024 1550 1065 concinnas
1582 1023 1761 1078 probas-

255 1108 337 1148 que
379 1094 564 1136 maxime
607 1093 827 1135 evincetur
872 1107 943 1144 eo,
990 1093 1025 1134 si
1073 1093 1244 1134 ordines
1283 1092 1368 1134 illis
1412 1092 1554 1134 effecti
1601 1096 1644 1134 et
1682 1093 1764 1146 ipsi

254 1162 482 1216 aequarint
517 1176 677 1204 versus.
737 1163 885 1216 itaque
917 1161 1068 1203 melior
1099 1161 1258 1203 accidit
1299 1162 1342 1202 in
1383 1160 1593 1215 dactylico
1633 1161 1763 1202 hexa-

254 1235 391 1273 metro
422 1230 773 1285 penthemimeris
804 1245 934 1285 quam
965 1231 1008 1271 in
1039 1230 1236 1272 trimetro
1267 1229 1465 1281 iambico,
1499 1230 1657 1284 quippe
1680 1244 1766 1283 qua

254 1301 297 1342 in
326 1300 409 1341 hoc
434 1314 557 1351 unus,
590 1303 635 1341 at
664 1300 708 1341 in
738 1299 811 1341 illo
841 1299 931 1341 bini
963 1299 1159 1340 oriantur
1179 1313 1328 1341 versus
1357 1299 1466 1340 novi.
1516 1312 1595 1340 nec
1626 1299 1765 1340 minus

254 1369 298 1410 in
329 1369 503 1410 heroico
536 1382 713 1410 numero
746 1368 943 1410 bucolica
972 1368 1122 1409 incisio
1163 1368 1308 1422 potior
1349 1371 1414 1409 est
1450 1367 1765 1419 trithemimeri,

256 1438 459 1492 quoniam
482 1437 621 1479 altera
642 1451 790 1479 versus
823 1437 1016 1488 adonius,
1048 1436 1187 1478 altera
1218 1436 1535 1478 choriambicus
1564 1450 1766 1478 numerus

253 1520 338 1548 non
368 1519 446 1561 per
478 1519 523 1547 se
556 1509 757 1548 constans
788 1509 1056 1560 procreatur.

370 1574 508 1629 Igitur
537 1578 586 1617 ut
612 1575 698 1616 iam
727 1574 918 1616 breviter
949 1574 1212 1628 complectar
1248 1574 1374 1616 modo
1417 1574 1630 1629 exposita,
1672 1588 1766 1616 cae-

256 1658 358 1686 sura
389 1643 580 1685 admissa
611 1671 665 1676 —
697 1656 808 1697 quae
841 1642 1013 1696 quidem
1047 1642 1100 1684 ob
1134 1643 1247 1684 solas
1280 1644 1420 1685 evenit
1450 1643 1640 1684 rationes
1681 1657 1766 1684 me-

255 1713 388 1754 tricas
430 1738 479 1743 —
522 1712 613 1753 bini
653 1712 851 1754 oriuntur
891 1711 1062 1753 ordines
1098 1725 1374 1753 numerorum
1404 1712 1527 1753 finita
1560 1711 1767 1753 orationis

254 1785 379 1836 parte
411 1781 615 1832 distincti,
648 1794 831 1834 quorum
862 1780 1019 1834 prioris
1050 1780 1094 1821 in
1125 1780 1307 1821 termino
1336 1779 1497 1822 diutius
1518 1779 1766 1822 retardetur

258 1864 340 1892 vox
369 1863 499 1904 quam
529 1849 573 1890 in
604 1849 778 1891 relicuis
810 1863 958 1890 versus
992 1848 1165 1890 sedibus
1195 1852 1370 1903 praeter
1411 1852 1647 1891 extremam
1680 1862 1767 1890 om-

261 1917 400 1960 nibus.
448 1921 490 1960 et
521 1931 617 1959 cum
639 1917 801 1971 alioqui
832 1917 990 1972 pedum
1013 1931 1063 1958 ac
1084 1917 1313 1959 verborum
1336 1917 1606 1959 confusiones
1629 1917 1766 1959 diver-

259 1987 497 2040 sitatesque
528 1999 613 2028 non
644 1986 897 2041 separandis
925 1986 1069 2040 potius
1102 1999 1231 2039 quam
1263 1986 1513 2040 coiugandis
1534 1986 1770 2028 inserviant

260 2069 409 2097 versus
449 2054 670 2109 partibus,
707 2069 794 2096 una
836 2068 1017 2096 caesura
1055 2068 1224 2109 semper
1255 2054 1310 2096 ad
1341 2054 1602 2096 dirimendos
1634 2058 1677 2096 et
1707 2054 1768 2095 di-

260 2123 539 2177 stinguendos
573 2123 678 2165 facit
708 2137 921 2165 numeros.
970 2126 1154 2177 apparet
1184 2126 1329 2165 autem
1359 2123 1413 2165 ob
1446 2123 1768 2164 similitudinem

258 2192 554 2234 institutorum
594 2191 712 2233 haud
750 2205 850 2233 raro
892 2193 1118 2234 convenire
1159 2192 1378 2233 incisionis
1417 2191 1636 2245 legitimae
1673 2191 1768 2233 loco

259 2275 344 2303 non
375 2261 515 2302 minus
548 2274 678 2314 quam
709 2260 783 2302 fini
816 2274 963 2302 versus
997 2260 1207 2315 syllabam
1239 2274 1518 2302 communem.

374 2330 493 2380 Quae
525 2343 621 2371 cum
653 2329 716 2371 ita
744 2330 842 2381 sint,
871 2328 978 2370 nihil
1010 2329 1167 2380 obstat,
1199 2329 1302 2383 quin
1333 2329 1524 2371 rationes
1547 2329 1769 2383 expositae

259 2401 472 2452 quatenus
503 2412 583 2440 usu
615 2398 898 2440 observentur
929 2401 1154 2439 auctorum
1186 2397 1404 2439 doceatur,

373 2466 512 2520 Igitur
553 2480 700 2508 versus
741 2466 860 2508 nulla
900 2469 1181 2520 systematum
1227 2465 1438 2520 synaphia
1485 2465 1656 2519 iugatos
1702 2466 1765 2506 in-

261 2535 409 2576 cohari
442 2537 643 2588 oportere
674 2535 840 2588 pariter
870 2548 921 2576 ac
947 2533 1061 2575 finiri
1092 2534 1260 2588 integro
1282 2533 1491 2575 vocabulo
1513 2537 1603 2575 tam
1634 2533 1769 2587 probe

258 2603 511 2644 intellexere
533 2602 728 2654 Romani,
756 2616 808 2644 ne
841 2602 972 2644 semel
1001 2602 1173 2656 quidem
1206 2602 1320 2656 apud
1352 2616 1424 2644 eos
1455 2605 1503 2643 ut
1525 2602 1769 2656 reperiatur

258 2672 363 2723 tale,
398 2670 526 2726 quale
556 2670 691 2712 habes
722 2675 824 2712 noto
856 2671 1051 2725 exemplo
1080 2671 1311 2713 Simonidis
1342 2671 1441 2726 [131
1480 2670 1543 2712 ed.
1574 2670 1766 2725 Bergk.]:

533 2766 556 2817 ἦ
581 2770 661 2816 μέγ’
687 2770 916 2816 Ἀθηναίοισι
942 2769 1043 2816 φόως
1067 2769 1196 2817 γένετ’,
1225 2769 1317 2818 ἡνίκ’
1348 2769 1503 2815 Ἀριστο-

533 2832 661 2875 γείτων
686 2826 890 2874 Ἵππαρχον
914 2833 1030 2864 κτεῖνε
1057 2831 1117 2864 καὶ
1147 2826 1347 2873 Ἁρμόδιος.

261 2922 375 2977 quod
406 2922 558 2979 nequis
592 2936 694 2964 casu
725 2921 916 2963 evenisse
951 2921 1119 2973 credat,
1153 2925 1327 2965 cavetur
1359 2922 1418 2962 eis
1451 2936 1561 2976 quae
1593 2922 1768 2965 Ovidius
