1898 3292
244 215 326 255 452
857 222 975 247 menn
993 221 1150 247 snx'rvs,

243 329 311 377 47,
345 326 437 380 14]‚
481 323 679 366 certatim
717 323 867 366 eadem
909 327 1111 377 porrecta
1148 338 1173 364 a
1214 322 1458 364 christianis
1498 323 1569 378 [cf.
1606 323 1750 364 Avian.

244 397 310 444 35,
346 397 390 445 1,
432 392 596 434 Paulin.
631 396 698 442 14,
732 396 805 443 683
839 396 904 442 30,
938 395 1012 443 72,
1054 391 1258 432 Priscian.
1288 391 1445 445 perieg.
1477 395 1580 443 9743
1622 391 1750 445 Drep.

243 462 366 516 epist.
389 461 445 503 ad
467 460 578 502 Vulf.
603 466 648 512 5,
678 460 838 514 Eugen.
874 465 910 511 5,
946 460 1028 514 10].
1090 459 1165 501 sed
1198 463 1449 510 Proserpina
1481 473 1650 513 semper
1680 473 1749 500 ex-

243 531 378 584 ceptis
410 529 587 583 singulis
619 528 790 570 Horatii
819 529 872 582 [0.
905 528 957 578 ΙΙ,
991 532 1054 578 13,
1088 528 1160 581 21]
1198 541 1248 568 ac
1277 528 1465 569 Senecae
1494 528 1638 582 [Herc.
1670 527 1751 568 fur.

246 598 347 653 549]
389 597 585 639 versibus
625 596 856 638 adhibet-ur
897 596 1035 650 prima
1077 595 1218 649 longa,
1261 609 1339 636 nec
1374 596 1514 637 minus
1553 600 1752 646 propulso

243 665 313 721 [cf.
353 665 447 708 Ter.
481 665 611 707 Andr.
651 669 757 716 395,
798 665 936 706 Varro
978 664 1117 706 Prom.
1161 663 1233 705 lib.
1280 667 1322 715 1,
1365 663 1524 705 Orient.
1564 663 1616 705 de
1654 664 1752 705 trin.

244 735 316 790 54]
358 738 434 776 aut
470 738 657 785 propello
701 733 870 787 integra
912 732 1149 774 efferuntur
1180 732 1517 786 praepositione,
1560 735 1753 786 praeter-

243 817 372 857 quam
413 802 528 856 quod
568 802 611 843 in
651 801 734 843 fine
778 801 1017 843 hexametri
1058 801 1124 842 bis
1162 800 1386 842 Lucretius
1428 801 1515 854 [1v,
1551 803 1652 851 193,
1686 801 1753 850 VI,

250 871 376 926 1025]
423 870 557 912 habet
604 870 689 911 tale
734 868 950 921 ‘provehat
996 876 1116 920 alque
1160 866 1408 919 propellas.
1479 882 1608 922 porro
1653 882 1754 919 pro-

240 943 409 991 pudium
442 953 537 980 cum
569 952 594 980 a
626 938 832 980 scaenicis
864 938 1095 979 brevietur.
1139 951 1164 978 a
1196 937 1357 978 Rutilio
1396 941 1674 988 propudiosas
1705 937 1753 991 [L

244 1008 344 1062 388]
375 1007 634 1049 necessitate
667 1006 833 1048 numeri
866 1006 1065 1060 dactylici
1095 1005 1360 1060 producitur.
1420 1009 1512 1047 tum
1548 1010 1754 1056 proficere

247 1091 342 1118 cum
374 1089 583 1130 paeonem
627 1079 783 1129 aequet
826 1075 1030 1128 primum,
1071 1074 1191 1115 brevi
1232 1074 1424 1128 principe
1466 1073 1698 1115 adhibetur
1729 1087 1754 1114 a

243 1144 497 1200 Symphosio
532 1144 618 1199 [16‚
644 1144 699 1198 3]
750 1143 898 1197 itaque
930 1142 1244 1184 substantivum
1277 1141 1331 1183 ab
1353 1143 1436 1184 isto
1458 1142 1589 1184 verbo
1612 1142 1752 1183 oriun-

243 1213 343 1254 dum
385 1217 599 1264 profectus
638 1212 863 1253 imminuta
905 1226 926 1252 o
966 1215 1202 1265 usurpatur
1234 1210 1287 1252 ab
1322 1211 1509 1253 Ausonio
1549 1210 1682 1265 [idyll.
1715 1215 1753 1253 4,

243 1282 315 1336 71]
348 1286 391 1322 et
422 1281 599 1322 Paulino
624 1280 789 1322 Nolano
821 1280 907 1335 [21,
932 1280 1045 1334 310],
1082 1280 1184 1321 item
1217 1293 1242 1321 a
1274 1278 1453 1321 Paulino
1481 1278 1653 1320 Pellaeo
1688 1279 1753 1333 [6,

243 1353 316 1401 64,
356 1350 463 1404 116]
523 1349 706 1402 denique
736 1352 785 1390 ut
817 1352 1050 1400 proneple'm
1084 1349 1256 1389 Persius
1289 1348 1345 1403 [6,
1379 1348 1462 1402 53],
1495 1347 1556 1388 sic
1578 1346 1753 1388 Ovidius

243 1419 431 1473 [metam.
464 1418 514 1469 X,
546 1421 648 1470 606,
688 1416 802 1468 XIII,
840 1417 936 1471 14⁴2]
981 1425 1248 1468 pronepotem
1290 1416 1411 1458 brevi
1455 1416 1563 1457 dixit
1603 1415 1753 1469 prima..

243 1501 371 1540 quam
404 1485 599 1540 agnoscit
632 1485 804 1527 Servius
840 1486 918 1540 [gr.
950 1485 976 1526 l.
1005 1485 1078 1536 IV,
1109 1486 1232 1540 450],
1278 1499 1372 1526 cum
1413 1488 1584 1526 servata
1626 1485 1755 1537 longa

241 1555 435 1610 posuerit
467 1554 667 1596 Sidonius
702 1554 896 1608 [epithal.
931 1554 1072 1595 Ruric.
1106 1558 1148 1596 et
1178 1554 1325 1596 Hiber.
1362 1555 1482 1608 133],
1523 1554 1625 1595 item
1657 1553 1753 1594 Avi-

241 1628 311 1665 tus
355 1624 403 1678 [1,
437 1627 536 1675 177,
570 1623 639 1674 IV,
673 1624 782 1677 175].
842 1623 904 1664 ita
937 1626 979 1664 et
1011 1628 1202 1674 protheus
1235 1625 1412 1664 tenuato
1452 1622 1574 1663 initio
1617 1622 1755 1663 fertur

242 1692 356 1747 apud
387 1690 614 1733 Paulinum
647 1691 1033 1732 Petricordiensem
1068 1691 1160 1745 [vis.
1190 1695 1331 1745 nepot.
1356 1692 1412 1745 6].
1475 1694 1701 1744 praeterea
1732 1704 1754 1730 e

241 1759 492 1802 Schneideri
537 1759 665 1801 didici
707 1758 817 1801 libro
861 1760 909 1814 [1,
944 1760 1044 1814 578]
1087 1773 1112 1800 a
1143 1759 1386 1801 deterrimis
1419 1759 1751 1800 christianorum

242 1829 371 1870 etiam
393 1829 435 1869 in
469 1832 748 1879 procreando,
777 1832 1018 1879 promendo,
1043 1832 1334 1879 prosequendo
1365 1831 1606 1881 correptam
1630 1840 1752 1881 prae-

242 1897 509 1951 positionem.

356 1965 554 2007 Ceterum
600 1963 813 2018 quaedam
856 1968 1034 2018 propter
1075 1963 1263 2018 inopiam
1310 1964 1568 2018 scriptorum
1614 1963 1753 2005 minus

241 2046 377 2087 gnara
397 2030 532 2075 nobis.
582 2032 700 2075 velut
736 2036 940 2084 prosapia
973 2046 1068 2074 cum
1102 2032 1156 2073 ab
1181 2033 1373 2074 Orientio
1398 2036 1586 2086 ponatur
1616 2033 1755 2085 prima

240 2101 372 2156 longa
404 2102 446 2143 in
479 2101 813 2144 Commonitorio
845 2101 917 2156 [ΙΙ,
950 2101 1063 2155 356],
1102 2101 1255 2142 ceteris
1287 2101 1330 2142 in
1361 2101 1466 2142 locis
1495 2100 1754 2153 ubicumque

241 2170 457 2212 invenitur
500 2170 710 2225 (occurrit
744 2173 888 2211 autem
920 2169 1034 2223 apud
1076 2169 1278 2210 classicos
1319 2173 1470 2223 poetas
1508 2182 1754 2222 numquam,

241 2238 647 2292 apudchristianos
678 2252 777 2280 raro
810 2237 1071 2292 admodum),
1104 2237 1350 2291 ambiguast
1379 2237 1540 2278 eadem.
1602 2237 1754 2279 confir-

239 2310 384 2348 matur
425 2310 571 2348 tamen
613 2305 793 2348 Orientii
831 2306 1068 2347 auctoritas
1099 2319 1224 2347 versu
1255 2305 1480 2347 Prudentii
1523 2305 1667 2360 (modo
1699 2305 1754 2346 sit

239 2372 398 2428 huius),
440 2388 566 2429 quem
607 2375 651 2416 in
684 2374 916 2428 Apotheosi
960 2378 1059 2428 post
1101 2377 1182 2417 937
1220 2374 1385 2416 addunt
1421 2373 1522 2415 libri
1555 2373 1751 2427 quidam:

550 2448 637 2493 quid
663 2450 901 2492 peccatorum
928 2448 1098 2492 prosapia
1125 2459 1281 2492 corpore
1308 2448 1344 2481 in
1371 2448 1444 2491 illo,

240 2516 445 2558 omittunt
474 2516 620 2570 plures
653 2520 695 2557 et
725 2516 927 2570 potiores.
990 2530 1252 2570 quamquam
1294 2530 1372 2557 nec
1404 2515 1568 2557 alienus
1601 2519 1666 2556 est
1698 2515 1752 2556 ab

240 2585 481 2626 elocutione
505 2584 728 2626 Prudentii
760 2588 802 2625 et
832 2585 973 2638 potuit
1004 2584 1128 2626 facile
1160 2584 1417 2626 intercidere
1441 2587 1618 2638 propter
1639 2583 1751 2624 idem

239 2653 505 2706 insequentis
536 2652 809 2707 principium.
843 2678 897 2682 —
937 2666 1066 2706 porro
1104 2652 1218 2706 quod
1250 2656 1436 2694 testatur
1468 2652 1642 2705 Sergius
1671 2652 1751 2706 [gr.

239 2722 311 2762 lat.
334 2722 404 2771 IV,
427 2722 529 2775 478]
562 2724 763 2774 correpta
794 2735 815 2761 0
851 2720 1032 2761 inveniri
1055 2721 1159 2762 illud
1194 2725 1394 2772 proflare,
1426 2733 1635 2773 nusquam
1668 2733 1752 2759 non

238 2789 450 2843 producta
481 2789 624 2843 legere
656 2803 722 2830 me
754 2788 937 2829 memini.

354 2859 406 2897 At
439 2871 460 2897 e
485 2857 663 2898 Graecis
695 2856 914 2898 vocabulis
949 2860 1126 2907 propola
1157 2856 1314 2908 quibus
1347 2859 1516 2897 constat
1546 2855 1751 2909 exemplis

240 2923 388 2979 [Lucil.
424 2926 470 2976 V,
506 2930 576 2976 19,
613 2926 737 2966 l'rud.
771 2925 953 2965 hamart.
984 2925 1094 2979 760],
1136 2928 1378 2978 porrectam
1412 2924 1587 2965 exhibet
1629 2937 1751 2977 prae·
1825 2922 1828 2923 ⁷
