1898 3292
784 207 902 231 mum
924 207 1103 237 QviN'rvs.
1613 198 1688 236 381

184 308 356 349 tandem
390 311 504 349 artes
536 309 693 360 agresti
717 308 1003 361 percrebuere
1026 308 1163 359 Latio,
1195 308 1320 349 facile
1342 307 1465 349 licuit
1487 309 1694 349 scaenicis

183 376 443 430 positionum
474 375 703 430 plerasque
734 376 849 430 leges
879 377 1116 429 neglegere.

298 445 496 486 Ceterum
528 448 711 498 apparet
742 445 946 486 maiorem
979 459 1071 486 esse
1093 445 1176 485 vim
1206 458 1489 486 consonarum
1513 445 1693 487 duarum

184 513 249 554 vel
276 513 482 566 plurium,
526 514 560 553 si
592 513 635 553 in
665 514 812 554 eodem
846 514 931 554 sint
961 513 1127 567 positae
1159 512 1369 554 vocabulo
1403 528 1530 567 quam
1563 516 1597 555 si
1629 529 1693 556 se-

184 581 353 634 quentis
393 581 583 622 efficiant
624 581 811 633 initium,
856 582 957 635 quia
998 595 1075 635 per
1118 595 1316 635 pausam,
1358 596 1468 635 quae
1500 584 1695 637 sequitur

182 649 310 690 finem
332 649 462 700 verbi,
490 650 740 691 retardatur
761 650 823 691 vis
846 651 1071 691 iuncturae
1094 650 1338 691 litterarum
1362 652 1694 693 succedentium.

183 732 268 771 qua
299 732 345 759 re
388 718 641 767 effectumst,
686 723 733 760 ut
772 719 885 772 apud
920 719 1150 769 Romanos,
1193 733 1245 760 ex
1287 733 1370 772 quo
1404 720 1566 761 Ennius
1601 720 1694 761 imi-

182 790 299 828 tatus
331 791 395 828 est
425 800 586 827 morem
617 787 928 842 dactylicorum
954 787 1219 828 Graecorum
1254 788 1508 841 contemptis
1542 789 1695 829 Roma-

183 869 334 896 norum
366 856 585 906 scaenicis,
616 856 834 897 rarissime
864 855 1178 909 produceretur
1201 870 1484 897 consonarum
1506 857 1547 897 in
1579 857 1695 910 prin-

184 924 294 977 cipio
326 923 446 965 verbi
476 924 785 966 collocatarum
816 925 855 965 vi
886 938 1144 978 praegressa
1174 924 1326 965 finalis.
1394 978 1397 980 q

298 992 528 1034 Praeterea
557 1007 791 1046 numquam
828 993 1133 1047 correptionist
1161 993 1298 1043 locus,
1343 993 1515 1046 quando
1547 993 1603 1034 ad
1634 993 1695 1035 di-

183 1074 329 1102 versas
359 1060 546 1115 syllabas
577 1062 795 1114 pertinent
828 1075 1058 1113 consonae,
1096 1064 1143 1102 ut
1176 1075 1344 1115 semper
1375 1062 1423 1103 fit
1455 1062 1498 1103 in
1528 1061 1695 1115 liquida

184 1142 277 1169 cum
310 1133 440 1170 muta.
491 1129 569 1170 tali
600 1130 710 1171 enim
742 1133 869 1183 pacto
905 1144 988 1170 non
1021 1130 1155 1183 magis
1187 1133 1332 1183 potest
1354 1130 1541 1171 breviari
1564 1144 1694 1184 paen-

182 1198 334 1239 ultima
365 1211 493 1251 quam
523 1198 567 1239 in
598 1198 681 1239 illis
716 1212 765 1239 ac
794 1212 874 1247 res,
907 1203 1012 1239 latus
1040 1212 1128 1249 pes,
1156 1212 1238 1249 per
1270 1206 1320 1247 te,
1356 1199 1578 1240 similibus.

298 1267 435 1320 Igitur
467 1266 667 1321 dactylici
699 1267 881 1308 Romani
920 1281 1182 1320 quamquam
1214 1268 1472 1308 remiserunt
1501 1267 1694 1308 nonnihil

185 1336 237 1377 de
277 1335 506 1377 severitate
540 1335 825 1387 Graecorum,
871 1349 1038 1389 semper
1080 1338 1195 1376 certe
1237 1335 1480 1389 produxere
1520 1337 1695 1378 brevem

185 1403 422 1445 subiunctis
452 1404 496 1445 in
527 1403 677 1445 eadem
707 1404 913 1445 orationis
942 1408 1067 1457 parte
1098 1403 1210 1445 binis
1233 1405 1441 1455 consonis,
1474 1419 1584 1458 quae
1612 1419 1696 1446 non

185 1476 328 1514 essent
365 1476 485 1514 muta
529 1486 625 1514 cum
667 1472 841 1526 liquida.
904 1487 1003 1513 nam
1047 1476 1089 1514 et
1132 1476 1180 1514 ut
1215 1472 1421 1515 firmitate
1453 1474 1695 1528 scripturae

183 1541 409 1595 positionis
449 1542 512 1583 vis
555 1541 870 1592 intenderetur,
925 1545 1076 1583 auctor
1122 1541 1203 1582 fuit
1246 1542 1407 1583 Ennius
1454 1543 1697 1595 geminandi

185 1623 406 1651 consonas.
441 1635 496 1640 —
536 1610 684 1663 itaque
715 1623 800 1651 non
830 1610 1028 1661 feremus,
1065 1610 1181 1663 quod
1212 1610 1338 1663 vulgo
1371 1610 1553 1652 credunt
1584 1611 1697 1651 Mar-

183 1678 330 1720 tialem
362 1678 493 1720 semel
528 1679 595 1733 [V,
622 1682 685 1730 11,
712 1679 752 1732 1]
785 1683 1033 1730 zmaraydos
1065 1682 1107 1720 et
1138 1678 1442 1720 Terentianum
1475 1678 1541 1720 bis
1573 1680 1696 1734 [4303

184 1748 286 1801 475]
320 1751 590 1799 diphthonyos
623 1747 781 1788 dixisse
804 1746 924 1788 brevi
953 1762 977 1788 a
1009 1747 1075 1788 vel
1105 1751 1131 1797 ἱ,
1163 1747 1323 1788 similes
1346 1761 1506 1799 eorum,
1540 1747 1694 1801 quibus

183 1816 395 1870 probatur
429 1817 473 1856 in
504 1816 680 1857 Homeri
722 1815 984 1857 carminibus
1016 1816 1097 1857 hoc
1138 1815 1202 1870 [ΙΙ.
1236 1816 1351 1867 XVI,
1384 1817 1485 1871 857]
1528 1814 1694 1859 ‘tanobo'

184 1883 434 1941 ἀνδρότητα
477 1886 549 1928 καὶ
595 1883 719 1941 ἥβην.
787 1889 830 1926 et
875 1885 991 1938 apud
1035 1884 1153 1926 illum
1201 1884 1372 1938 quidem
1419 1885 1473 1926 ab
1521 1885 1697 1926 Heinsio

184 1953 421 2006 repositum
475 1967 715 2005 zmarayos,
776 1953 857 1994 nisi
906 1953 1050 2007 potius
1098 1952 1313 1994 scribetur
1367 1958 1583 2005 zmarqdos
1632 1953 1698 1994 vel

183 2028 397 2063 zmarctos.
460 2035 559 2062 nam
591 2021 698 2063 haec
729 2022 868 2063 forma
900 2021 1070 2062 videtur
1102 2021 1243 2063 adseri
1272 2021 1478 2063 Varronis
1510 2021 1696 2075 quodam

184 2089 277 2131 loco
324 2089 439 2143 apud
471 2090 655 2131 Nonium
688 2105 718 2131 s.
750 2090 776 2131 l.
809 2091 1093 2143 margaritum
1134 2091 1220 2145 [ρὲ.
1255 2090 1377 2144 213],
1424 2090 1497 2131 ubi
1541 2090 1699 2144 legitur

183 2161 426 2209 simarydos.
488 2158 746 2200 Terentiano
787 2159 1101 2200 restituendum
1139 2162 1348 2210 dipleonos.
1410 2173 1549 2212 neque
1587 2160 1698 2201 enim

183 2226 290 2267 illud
321 2226 536 2279 obstabit,
581 2228 696 2281 quod
734 2227 842 2269 haec
872 2241 953 2269 vox
996 2227 1099 2269 alibi
1131 2227 1247 2282 apud
1279 2228 1585 2281 grammaticos
1618 2228 1697 2269 La-

184 2295 297 2336 tinos
341 2309 426 2337 non
466 2296 699 2348 invenitur,
745 2310 839 2337 cum
885 2296 1021 2337 eidem
1062 2296 1320 2338 Terentiano
1358 2297 1486 2338 etiam
1529 2296 1699 2337 dicatur

184 2367 440 2413 heptameres
463 2364 626 2419 [1957],
659 2378 769 2418 quae
800 2365 953 2406 ceteris
986 2368 1357 2416 heplztlzemimere&
1411 2368 1562 2406 contra
1585 2365 1698 2418 quod

186 2431 423 2474 Venantius
455 2432 504 2487 [Ι,
540 2436 603 2484 10,
640 2436 683 2485 1;
713 2433 786 2485 ΙΧ,
819 2437 856 2484 6,
888 2437 910 2474 5
944 2433 1017 2487 al]
1050 2434 1235 2475 servavit
1265 2433 1438 2475 brevem
1467 2437 1538 2475 ut:

460 2518 620 2552 culmina
645 2519 838 2562 conspicui
864 2519 1007 2553 radiant
1031 2519 1241 2553 veneranda
1265 2518 1409 2563 Nazari⁷

186 2590 360 2632 admisit
389 2591 433 2632 id
465 2592 670 2647 deceptus
702 2607 727 2634 a
758 2593 986 2647 magistris,
1019 2593 1091 2646 qui
1124 2607 1389 2635 communem
1413 2593 1585 2634 voluere
1606 2593 1698 2634 fieri

188 2659 361 2701 brevem
399 2660 548 2702 addita
587 2675 773 2703 consona
804 2668 909 2703 zeta.
970 2675 1069 2702 nam
1111 2665 1154 2703 et
1185 2661 1341 2703 similia
1370 2661 1522 2702 ultima
1554 2665 1697 2702 aetate

186 2728 461 2770 inveniuntur
504 2729 620 2783 apud
652 2730 898 2771 Graeculos.
961 2730 1035 2771 sed
1076 2730 1191 2783 quod
1222 2729 1340 2771 Beda
1371 2743 1438 2783 pg.
1472 2733 1580 2771 2355
1612 2730 1696 2770 iam

187 2809 213 2837 a
242 2796 423 2839 Iuvenco
456 2798 513 2852 [3,
546 2798 646 2852 499]
691 2798 870 2839 eandem
910 2798 1149 2840 adhibitam
1190 2801 1340 2839 narrat
1370 2798 1587 2839 licentiam
1618 2797 1698 2839 hoc

185 2878 332 2906 versu:

462 2925 499 2956 et
524 2933 613 2965 gaza
641 2922 801 2956 distabat
829 2934 950 2956 reruni
977 2923 1158 2967 possessio
1188 2923 1340 2966 fulgens,
