1898 3292
755 227 873 252 LIBER
892 228 1048 254 rners.
1606 224 1658 261 87

150 329 222 369 ubi
244 343 321 383 per
341 329 447 371 illud
469 333 517 371 ab
540 334 614 370 lzoc
636 329 903 383 significatur
920 330 1159 372 Mercurius
1182 331 1248 372 vel
1269 332 1434 385 Apollo,
1457 338 1659 384 perennis

149 397 405 439 trahendum
437 398 492 439 ad
523 412 661 440 canor.
865 394 868 396 ’

264 466 458 520 Denique
491 467 751 508 comicorum
774 466 827 507 ab
850 466 923 508 illa
946 470 1089 508 aetate
1113 481 1223 520 quae
1246 467 1330 508 iam
1354 467 1484 510 fuerit
1507 484 1658 512 norma

151 548 410 588 quamquam
438 536 482 576 in
514 538 637 576 tanta
668 534 948 588 reliquiarum
978 535 1199 589 paucitate
1230 550 1314 577 11011
1345 536 1445 578 11001
1477 538 1656 590 definiri,

147 606 290 644 tamen
332 603 449 645 haud
492 603 678 645 absurde
720 617 873 645 novam
913 603 1153 645 tribuemus
1198 608 1335 646 artem
1368 605 1433 646 his
1467 610 1508 648 et
1540 608 1655 661 ipsis,

148 685 328 725 quorum
358 686 443 714 11011
473 672 714 726 prodierint
742 673 785 713 in
818 686 1017 714 scaenam
1048 672 1158 714 libri.
1222 674 1334 714 inter
1377 688 1484 727 quos
1526 676 1656 717 fuisse

146 740 339 794 suspicor
390 745 433 782 et
478 741 710 792 Fundanii,
762 741 888 782 amici
935 741 1126 793 Horatii,
1178 741 1361 784 fabulas.
1432 757 1453 784 e
1502 746 1656 786 ceteris

145 809 463 864 mimographos
493 811 644 851 saltem
676 810 779 863 quin
811 824 978 864 semper
1009 810 1221 864 spondeos
1255 811 1314 852 eis
1347 810 1533 863 sedibus,
1563 813 1654 866 qui-

146 879 226 920 bus
272 891 354 920 ron
401 878 606 929 decebat,
654 882 696 919 et
742 882 844 920 tunc
891 882 933 920 et
972 879 1085 920 omni
1136 882 1330 933 tempore
1371 880 1654 923 immiscuisse

146 947 388 998 credamus,
431 961 515 989 non
554 947 786 989 intercedo.
861 946 964 1000 quid
1003 947 1118 1001 quod
1158 947 1335 989 Claudio
1377 946 1654 1003 imperitante

144 1016 300 1057 horum
331 1015 600 1069 potissimum
631 1016 833 1057 libertate
864 1016 967 1057 fisus
1011 1019 1053 1057 et
1094 1016 1307 1070 exemplo,
1349 1021 1472 1071 puto,
1513 1022 1654 1060 motus

145 1085 239 1139 Syri
263 1084 572 1126 sententiarum
594 1084 829 1136 Phaedrus,
861 1085 1090 1126 libertinae
1114 1086 1242 1126 sortis
1274 1085 1413 1136 homo,
1445 1086 1653 1128 trimetris

144 1153 230 1195 suis
263 1152 449 1194 admisso
489 1153 594 1194 locis
634 1153 812 1207 paribus
852 1152 1041 1207 spondeo
1085 1153 1269 1194 alienam
1311 1154 1365 1195 ab
1407 1155 1652 1208 aequalium

143 1221 314 1275 placitis
336 1235 529 1263 normam
552 1221 721 1263 videtur
755 1222 1059 1263 constituisse?
1091 1235 1169 1263 nec
1191 1236 1290 1263 vero
1313 1222 1395 1264 fuit
1417 1223 1651 1265 absurdum

143 1289 389 1332 fabularum
430 1304 561 1344 genus
600 1291 842 1344 proximum
885 1290 1131 1332 comoediae
1175 1291 1325 1332 eadem
1366 1296 1496 1346 atque
1534 1292 1651 1334 illam
1702 1337 1705 1339 μ

142 1359 316 1401 licentia
346 1359 539 1400 tractari.

252 1428 342 1469 Iam
384 1428 653 1481 sequentium
693 1431 935 1482 temporum
969 1427 1111 1469 studia
1142 1429 1322 1470 metrica
1353 1429 1487 1483 probe
1520 1430 1648 1471 aesti-

138 1497 318 1538 maturis
350 1496 535 1550 primum
567 1497 755 1538 omnium
786 1496 1018 1538 tenendum
1050 1496 1173 1548 illud,
1207 1496 1323 1539 nullo
1355 1500 1484 1551 pacto
1514 1497 1650 1539 videri

138 1564 362 1620 probabile
404 1565 502 1606 inde
546 1579 570 1606 a
600 1565 761 1607 Tiberii
802 1568 945 1607 aetate
987 1579 1246 1619 quemquam
1278 1570 1505 1620 poetarum
1534 1566 1649 1608 Lati-

140 1647 292 1675 norum
335 1633 390 1675 ad
429 1633 711 1675 imitationem
744 1633 1058 1675 conformatum
1093 1633 1359 1676 Graecorum
1399 1635 1564 1689 petitis,
1602 1639 1650 1676 ut

136 1703 199 1744 ita
229 1702 386 1754 dicam,
419 1701 473 1744 ab
504 1703 597 1756 ipso
628 1702 744 1744 fonte
776 1702 899 1756 aquis
932 1702 1071 1744 denuo
1105 1703 1228 1756 quasi
1258 1703 1464 1757 irrigasse
1511 1707 1648 1745 artem

137 1771 353 1822 Latinam,
396 1771 476 1812 nisi
505 1770 617 1812 sorte
650 1771 877 1824 Verginius
909 1771 999 1822 ille,
1043 1772 1133 1825 qui,
1176 1775 1224 1812 ut
1254 1771 1418 1813 Plinius
1456 1775 1643 1814 testatur

137 1841 222 1896 [ep.
244 1839 314 1891 VI,
338 1839 422 1894 21],
454 1853 539 1880 non
569 1839 706 1881 solum
728 1839 1012 1881 Menandrum
1044 1844 1086 1881 et
1118 1840 1322 1894 aequales
1343 1840 1481 1892 huius,
1516 1841 1645 1882 etiam

135 1909 322 1963 priscam
345 1907 610 1949 Graecorum
633 1908 898 1950 comoediam
921 1907 1184 1950 facetissima
1214 1909 1426 1963 expressit
1458 1909 1646 1950 aemula-

137 1977 266 2029 tione,
289 1977 355 2018 vel
376 1980 611 2018 metrorum
632 1978 823 2019 novitate
849 1977 1151 2031 Aristophanis
1175 1977 1492 2029 multiformem,
1517 1992 1646 2031 quam

136 2046 240 2087 dicit
262 2045 558 2097 Terentianus,
586 2046 779 2087 imitatus
813 2049 878 2087 est
907 2045 1154 2087 sollertiam.
1205 2049 1248 2087 et
1277 2046 1439 2088 Plinius
1472 2047 1645 2100 quidem

134 2114 336 2156 laudibus
358 2113 712 2168 splendidissimis
735 2114 862 2156 amici
885 2114 950 2156 sui
973 2118 1127 2168 coepta
1144 2116 1430 2168 prosequitur.
1463 2130 1644 2170 quarum

133 2183 177 2224 in
206 2182 290 2225 fine
321 2182 454 2225 verba
484 2183 545 2224 sic
577 2182 849 2225 collocanda:
893 2186 1000 2232 siclis
1041 2186 1266 2225 nominibus
1297 2190 1409 2235 apte,
1454 2188 1644 2226 decenter

134 2255 241 2293 veris
272 2266 369 2293 usus
400 2258 459 2292 est
489 2251 555 2292 vel
585 2255 691 2292 veris
723 2266 819 2293 usus
842 2258 901 2292 est
933 2256 1136 2293 (lecenter.
1184 2252 1414 2294 traditum:
1452 2257 1488 2304 f.
1513 2267 1552 2294 n.
1577 2257 1642 2294 cle-

135 2327 293 2369 center,
335 2335 371 2361 v.
404 2335 441 2361 u.
484 2327 544 2361 est
573 2327 680 2371 apte.
744 2321 811 2361 vix
855 2323 998 2362 autem
1039 2321 1248 2362 memoria
1290 2321 1482 2374 dignum,
1530 2321 1644 2375 quod

136 2388 446 2430 demonstravit
497 2388 734 2431 Gulielmus
784 2388 982 2444 Meyerus
1032 2389 1075 2430 in
1124 2388 1235 2431 libro
1288 2389 1340 2431 de
1391 2389 1642 2432 hexametro

135 2457 302 2499 Graeco
333 2460 376 2498 et
396 2457 549 2499 Latino
582 2472 612 2499 3.
636 2458 693 2499 VI
723 2458 1002 2509 Priscianum,
1035 2457 1250 2499 hominem
1273 2458 1643 2512 Constantinopoli

134 2526 380 2579 degentem,
422 2526 693 2579 praemisisse
724 2525 924 2567 laudibus
962 2526 1114 2568 Iustini
1146 2527 1270 2569 XXII
1313 2527 1505 2569 senarios
1535 2527 1640 2568 iam-

133 2594 253 2636 bicos
284 2593 471 2636 admisso
512 2594 555 2635 in
594 2595 701 2636 locis
731 2593 910 2648 paribus
940 2599 1176 2648 anapaesto
1208 2599 1250 2637 et
1280 2595 1477 2649 neglecta
1510 2596 1641 2637 inter-

134 2662 235 2704 dum
283 2676 462 2704 caesura
510 2662 773 2704 Graecorum
825 2663 1094 2716 quorundam
1142 2667 1334 2705 secutum
1387 2664 1640 2717 exemplum.

133 2745 231 2772 nam
281 2744 419 2784 neque
471 2745 547 2772 nos
599 2731 955 2773 scholasticorum
1013 2732 1067 2773 ad
1118 2732 1386 2786 ineptissima
1444 2746 1641 2786 quaeque

133 2802 311 2853 propter
341 2800 549 2841 materiae
583 2799 797 2841 defectum
835 2800 1155 2855 prolabentium
1192 2800 1400 2842 habemus
1429 2800 1640 2842 rationem

132 2881 211 2909 1100
253 2867 401 2910 Sereni
443 2868 509 2909 vel
551 2868 729 2910 Ausonii
773 2869 816 2910 in
860 2869 982 2911 libris
1024 2873 1099 2911 aut
1141 2869 1251 2921 siqui
1294 2868 1367 2910 alii
1404 2872 1639 2911 metrorum

133 2936 343 2977 varietate
394 2935 609 2978 excellunt
658 2936 792 2979 ullum
843 2941 1027 2992 apparet
1073 2937 1337 2979 Graecorum
1387 2937 1639 2979 imitationis
