1898 3292
771 163 1007 189 orvscvnvm
1028 165 1049 189 1.
1583 154 1663 192 543

364 292 814 300 ..............
841 265 924 300 dixe

362 323 440 367 regi
464 322 636 356 Medeam
662 322 846 356 acle-oetam
875 333 941 365 per
968 334 1052 356 aera
1078 322 1113 355 in
1140 321 1224 356 reda
1255 322 1456 365 anguibus:

156 389 231 430 ubi
261 403 373 430 nunc
399 391 635 444 repositum
668 404 693 430 a
724 390 867 431 nobis:

942 446 1116 480 dixerunt

361 504 439 548 regi
466 503 635 537 Medeam
661 515 727 547 per
751 515 836 538 aera
860 503 896 536 in
925 503 1014 537 reda
1038 503 1230 536 advectam
1254 503 1444 546 anguibus.

271 572 412 612 Etiam
443 571 646 613 bacchios
677 585 876 612 numeros
910 575 952 612 et
981 571 1163 612 creticos
1193 570 1325 611 habet
1358 571 1513 621 Varro⁷
1555 572 1663 612 mira

155 644 248 680 arte
286 644 572 694 temperatos,
615 645 663 680 ut
706 640 876 681 dubites
919 639 1171 693 plerumque
1215 645 1356 679 utrum
1399 640 1662 691 graecanicis

153 708 297 760 potius
325 722 379 748 an
410 707 567 749 italicis
597 708 791 749 versibus
823 708 907 748 sint
937 707 1222 748 adscribendi.

268 776 478 817 Bacchios
519 777 659 817 inveni
702 776 779 816 hos
823 776 940 830 [περὶ
973 776 1193 831 ἐξαγωγῆς
1224 780 1269 825 4;
1308 775 1515 815 Hercules
1544 779 1661 815 tuam

154 843 281 884 fidem
313 845 377 898 2]:

360 928 553 967 quemnam
587 927 623 957 te
663 926 741 958 esse
780 923 909 965 dicam,
947 925 1020 957 fera
1059 924 1119 966 qui
1152 923 1260 956 manu
1298 924 1465 966 corporis
1502 922 1663 955 fei-videm

359 980 515 1014 fontium
541 982 660 1025 aperis
685 980 785 1014 lacus
819 981 1003 1024 sanguinis
1040 983 1148 1024 teque
1174 982 1246 1014 vita
1282 980 1379 1013 levas
1398 977 1531 1013 ‘ferreo
1561 980 1663 1012 ensi?

268 1050 488 1090 Imitatum
522 1063 615 1090 eum
640 1050 851 1104 Thyestae
874 1050 1055 1090 Enniani
1088 1050 1302 1090 canticum
1336 1049 1661 1089 celeberrimum

154 1118 303 1160 eodem
340 1118 447 1171 pede
480 1119 699 1172 scriptum,
732 1119 806 1159 sed
834 1119 1100 1159 tetrametris
1122 1117 1238 1158 haud
1261 1117 1389 1158 dubie
1421 1117 1523 1172 [fab.
1548 1118 1663 1171 299J,

153 1187 416 1229 adnotarunt
457 1188 583 1228 docti.
625 1213 679 1217 -—
725 1187 902 1240 perinde
949 1186 1065 1228 nullo
1102 1186 1336 1227 interstitio
1379 1185 1663 1235 continuatos,

153 1255 227 1296 sed
249 1269 333 1296 non
356 1256 445 1296 sine
468 1256 583 1305 vitio,
614 1255 748 1297 habes
780 1255 982 1296 bacchios
1016 1255 1139 1295 alibi:
1172 1268 1248 1295 71on
1278 1257 1503 1295 Tutilinam.
1544 1267 1660 1303 quam

154 1337 227 1375 eqo
258 1328 346 1374 ipse
377 1328 527 1373 invoco,
561 1328 669 1375 quod
698 1338 810 1365 meae
843 1337 966 1364 aures
998 1326 1068 1364 abs
1101 1331 1137 1363 te
1170 1325 1418 1364 obsidentur.
1480 1321 1540 1362 ibi
1576 1322 1663 1374 pri-

152 1406 246 1433 mus
277 1406 353 1446 pes
384 1393 527 1434 nescio
561 1406 614 1433 an
642 1393 779 1446 possit
811 1392 1000 1446 suppleri
1033 1392 1116 1432 ita:
1155 1405 1232 1431 mm
1270 1398 1311 1431 tu
1349 1393 1583 1437 Tutilinam,
1615 1393 1661 1430 ut

152 1461 486 1514 intellegendum
511 1462 566 1502 sit
589 1465 761 1502 invoces.
805 1461 847 1501 in
869 1460 1134 1514 paenultimo
1158 1460 1258 1500 olim
1280 1459 1467 1512 positum
1491 1461 1562 1499 abs
1586 1466 1662 1498 {ete

152 1529 352 1583 displicet
382 1534 561 1583 propter
582 1530 827 1571 molossum.
880 1530 1027 1582 itaque
1060 1532 1257 1582 praestat
1289 1528 1387 1583 poni
1419 1531 1475 1567 im
1507 1529 1578 1567 abs
1611 1533 1661 1573 le,

151 1597 225 1638 ubi
256 1601 314 1639 ita
344 1597 456 1639 idem
490 1598 604 1651 quod
636 1605 746 1639 tanto
778 1612 914 1648 opere.
977 1597 1059 1638 erit
1083 1597 1217 1650 igitur
1248 1599 1429 1637 metrum
1464 1595 1571 1636 tale:

357 1689 429 1711 non
454 1677 495 1711 tu
520 1677 737 1711 Tutilinam!
773 1688 879 1720 quam
907 1687 975 1720 ego
1001 1678 1078 1720 ipse
1110 1677 1254 1718 invoco,
1288 1675 1388 1719 quod
1420 1686 1522 1709 meae
1556 1674 1662 1708 aures

356 1735 408 1768 ita
433 1735 496 1769 abs
521 1739 558 1769 te
583 1734 811 1769 obsidentur.

265 1803 455 1845 Tertium
487 1804 729 1857 exemplum
759 1803 928 1844 videtur
967 1802 1177 1856 praebere
1218 1801 1338 1842 locus
1381 1803 1576 1842 servatus
1618 1801 1661 1841 in

152 1873 460 1914 commentario
493 1873 628 1914 Servii
661 1872 881 1913 Casselani
913 1872 1023 1926 [aen.
1051 1871 1206 1925 1,448]
1242 1874 1284 1911 et
1314 1884 1339 1910 a
1373 1870 1515 1910 Riesio
1543 1873 1660 1910 recte

151 1940 397 1995 adscriptus
430 1941 609 1982 Varroni
643 1941 835 1983 Reatino.
888 1940 947 1981 ibi
980 1953 1090 1992 quae
1121 1939 1333 1992 leguntur,
1365 1937 1563 1979 videntur
1595 1951 1656 1978 re.-

150 2008 350 2061 fingenda
379 2009 423 2050 in
453 2009 567 2050 hunc
598 2008 791 2050 modum:

355 2089 528 2123 trisulcae
553 2088 650 2122 fores
676 2089 829 2132 pessulis
854 2088 1028 2122 liberatae
1054 2086 1250 2121 dehiscunt
1276 2088 1406 2130 graves
1428 2089 1537 2129 atque
1556 2086 1660 2118 nixae

357 2146 518 2189 (innixae
543 2146 668 2189 codem)
695 2147 730 2179 in
757 2145 883 2179 tardos
911 2144 1101 2179 cardinum
1126 2143 1293 2178 turbines
1321 2171 1328 2177 .
1355 2170 1361 2177 .
1390 2170 1395 2177 .
1424 2170 1430 2176 .

149 2213 224 2256 ubi
270 2218 413 2255 tamen
462 2215 747 2269 suspicionem
792 2218 935 2255 movet
978 2213 1189 2254 molossus
1237 2212 1378 2253 ταναός
1422 2212 1660 2259 cardinum,-

150 2282 357 2324 traditum
390 2283 517 2324 illud:
549 2287 762 2325 cardinum
796 2287 949 2324 tardos.

264 2351 384 2393 Haec
413 2352 545 2405 igitur
576 2351 772 2404 exempla
801 2350 1090 2392 consideranti
1130 2348 1356 2403 probabile
1396 2348 1470 2388 fiet
1504 2348 1658 2388 Varro-

149 2433 245 2460 nem
288 2419 490 2460 bacchios
529 2419 738 2474 synaphia
777 2419 946 2460 iunctos
989 2417 1262 2459 continuasse
1301 2418 1341 2457 in
1372 2417 1540 2458 Saturis
1580 2430 1657 2469 per

150 2487 281 2540 pedes
314 2487 534 2540 plurimos.
594 2501 692 2528 nam
724 2487 767 2528 id
800 2487 928 2528 etiam
961 2486 1217 2528 observatur
1246 2487 1290 2526 in
1323 2485 1505 2526 creticis.

264 2556 327 2596 Ex
363 2556 520 2609 quibus
547 2569 649 2609 pars
680 2555 796 2596 haud
828 2555 956 2596 dubie
988 2555 1230 2596 continetur
1261 2553 1539 2597 tetrametris,
1572 2552 1657 2593 vel-

148 2624 211 2664 uti
243 2637 354 2676 quae
384 2624 585 2678 leguntur
617 2638 682 2678 ap.
712 2624 818 2665 Non.
850 2637 880 2664 S.
912 2637 947 2663 v.
987 2620 1225 2676 ‘torquem'
1263 2623 1376 2676 [228.
1411 2622 1476 2675 6]:

422 2704 495 2736 tela
521 2703 649 2737 dextra
674 2703 829 2745 vibrant,
855 2702 958 2736 russa
983 2706 1079 2736 trina
1105 2703 1272 2742 emicant.¹

423 2763 533 2803 atque
558 2759 744 2804 insignitu'
770 2760 845 2793 dux
869 2759 992 2793 Marti*
1019 2762 1151 2803 toi-que
1179 2759 1335 2792 aul-east.

423 2816 529 2850 scuta
553 2817 694 2850 caelata
720 2816 861 2850 Hibero
889 2820 934 2850 ex
961 2819 1115 2860 argento
1141 2819 1243 2859 gravi

424 2874 553 2908 crebra
579 2873 730 2917 fulgent.
