<?xml version="1.0" encoding="UTF-8"?>
<!DOCTYPE html PUBLIC "-//W3C//DTD XHTML 1.0 Transitional//EN"
    "http://www.w3.org/TR/xhtml1/DTD/xhtml1-transitional.dtd">
<html xmlns="http://www.w3.org/1999/xhtml" xml:lang="en" lang="en">
 <head>
  <title>
</title>
<meta http-equiv="Content-Type" content="text/html;charset=utf-8" />
  <meta name='ocr-system' content='tesseract 3.04.00' />
  <meta name='ocr-capabilities' content='ocr_page ocr_carea ocr_par ocr_line ocrx_word'/>
</head>
<body>
  <div class='ocr_page' id='page_1' title='image "./deremetricapoeta00mluoft_0529.png"; bbox 0 0 1898 3292; ppageno 0'>
   <div class='ocr_carea' id='block_1_1' title="bbox 715 194 1636 232">
    <p class='ocr_par' dir='ltr' id='par_1_1' title="bbox 715 194 1636 232">
     <span class='ocr_line' id='line_1_1' title="bbox 715 194 1636 232; baseline 0.005 -5"><span class='ocrx_word' id='word_1_1' title='bbox 715 203 834 227; x_wconf 80' lang='lat' dir='ltr'>LlBER</span> <span class='ocrx_word' id='word_1_2' title='bbox 853 202 1051 227; x_wconf 77' lang='lat' dir='ltr'>SEPTIMVS.</span> <span class='ocrx_word' id='word_1_3' title='bbox 1556 194 1636 232; x_wconf 80' lang='lat'>505</span> 
     </span>
    </p>
   </div>
   <div class='ocr_carea' id='block_1_2' title="bbox 129 303 1646 2953">
    <p class='ocr_par' dir='ltr' id='par_1_2' title="bbox 133 303 1644 1450">
     <span class='ocr_line' id='line_1_2' title="bbox 134 303 1638 358; baseline -0.003 -10"><span class='ocrx_word' id='word_1_4' title='bbox 134 322 209 348; x_wconf 89' lang='lat' dir='ltr'>cur</span> <span class='ocrx_word' id='word_1_5' title='bbox 254 312 340 348; x_wconf 85' lang='lat' dir='ltr'>tam</span> <span class='ocrx_word' id='word_1_6' title='bbox 389 320 487 347; x_wconf 88' lang='lat' dir='ltr'>raro</span> <span class='ocrx_word' id='word_1_7' title='bbox 532 306 777 346; x_wconf 87' lang='lat' dir='ltr'>inveniatur</span> <span class='ocrx_word' id='word_1_8' title='bbox 823 304 1053 358; x_wconf 71' lang='lat' dir='ltr'>spatiosior</span> <span class='ocrx_word' id='word_1_9' title='bbox 1099 303 1237 343; x_wconf 89' lang='lat' dir='ltr'>forma</span> <span class='ocrx_word' id='word_1_10' title='bbox 1284 303 1343 343; x_wconf 76' lang='lat' dir='ltr'>eis</span> <span class='ocrx_word' id='word_1_11' title='bbox 1388 303 1430 342; x_wconf 88' lang='grc'>111</span> <span class='ocrx_word' id='word_1_12' title='bbox 1479 304 1638 349; x_wconf 76' lang='lat' dir='ltr'>metris,</span> 
     </span>
     <span class='ocr_line' id='line_1_3' title="bbox 134 371 1638 429; baseline -0.003 -12"><span class='ocrx_word' id='word_1_13' title='bbox 134 391 244 429; x_wconf 88' lang='lat' dir='ltr'>quae</span> <span class='ocrx_word' id='word_1_14' title='bbox 276 376 318 416; x_wconf 88' lang='grc'>111</span> <span class='ocrx_word' id='word_1_15' title='bbox 349 375 488 416; x_wconf 85' lang='lat' dir='ltr'>thesin</span> <span class='ocrx_word' id='word_1_16' title='bbox 519 389 597 428; x_wconf 86' lang='lat' dir='ltr'>pro</span> <span class='ocrx_word' id='word_1_17' title='bbox 636 373 852 428; x_wconf 77' lang='lat' dir='ltr'>pyrrichio</span> <span class='ocrx_word' id='word_1_18' title='bbox 883 387 967 413; x_wconf 89' lang='grc'>11011</span> <span class='ocrx_word' id='word_1_19' title='bbox 1000 372 1214 425; x_wconf 84' lang='lat' dir='ltr'>recipiunt</span> <span class='ocrx_word' id='word_1_20' title='bbox 1244 371 1426 424; x_wconf 81' lang='lat' dir='ltr'>longam.</span> <span class='ocrx_word' id='word_1_21' title='bbox 1487 386 1638 426; x_wconf 88' lang='lat' dir='ltr'>nempe</span> 
     </span>
     <span class='ocr_line' id='line_1_4' title="bbox 134 439 1638 496; baseline -0.002 -11"><span class='ocrx_word' id='word_1_22' title='bbox 134 443 380 485; x_wconf 88' lang='lat' dir='ltr'>discendum</span> <span class='ocrx_word' id='word_1_23' title='bbox 413 443 582 483; x_wconf 89' lang='lat' dir='ltr'>omnino</span> <span class='ocrx_word' id='word_1_24' title='bbox 614 445 779 496; x_wconf 85' lang='lat' dir='ltr'>poetas,</span> <span class='ocrx_word' id='word_1_25' title='bbox 810 440 862 481; x_wconf 86' lang='lat' dir='ltr'>de</span> <span class='ocrx_word' id='word_1_26' title='bbox 894 440 1049 493; x_wconf 86' lang='lat' dir='ltr'>quibus</span> <span class='ocrx_word' id='word_1_27' title='bbox 1081 439 1272 493; x_wconf 63' lang='lat' dir='ltr'>exposui,</span> <span class='ocrx_word' id='word_1_28' title='bbox 1302 453 1384 480; x_wconf 89' lang='lat' dir='ltr'>non</span> <span class='ocrx_word' id='word_1_29' title='bbox 1417 440 1506 481; x_wconf 86' lang='lat' dir='ltr'>sine</span> <span class='ocrx_word' id='word_1_30' title='bbox 1539 454 1638 482; x_wconf 82' lang='lat' dir='ltr'>cau-</span> 
     </span>
     <span class='ocr_line' id='line_1_5' title="bbox 134 507 1638 564; baseline -0.003 -11"><span class='ocrx_word' id='word_1_31' title='bbox 134 513 249 553; x_wconf 81' lang='lat' dir='ltr'>tione</span> <span class='ocrx_word' id='word_1_32' title='bbox 281 511 509 552; x_wconf 76' lang='lat' dir='ltr'>admittere</span> <span class='ocrx_word' id='word_1_33' title='bbox 540 509 795 564; x_wconf 80' lang='lat' dir='ltr'>particulam</span> <span class='ocrx_word' id='word_1_34' title='bbox 835 508 1102 563; x_wconf 79' lang='lat' dir='ltr'>disyllabam‚</span> <span class='ocrx_word' id='word_1_35' title='bbox 1143 507 1218 549; x_wconf 89' lang='lat' dir='ltr'>sed</span> <span class='ocrx_word' id='word_1_36' title='bbox 1260 507 1333 558; x_wconf 87' lang='lat' dir='ltr'>ita,</span> <span class='ocrx_word' id='word_1_37' title='bbox 1375 511 1422 549; x_wconf 89' lang='lat' dir='ltr'>ut</span> <span class='ocrx_word' id='word_1_38' title='bbox 1463 513 1538 549; x_wconf 91' lang='lat' dir='ltr'>aut</span> <span class='ocrx_word' id='word_1_39' title='bbox 1577 510 1638 549; x_wconf 86' lang='lat' dir='ltr'>in-</span> 
     </span>
     <span class='ocr_line' id='line_1_6' title="bbox 133 576 1640 634; baseline -0.004 -13"><span class='ocrx_word' id='word_1_40' title='bbox 133 584 257 634; x_wconf 86' lang='lat' dir='ltr'>tegra</span> <span class='ocrx_word' id='word_1_41' title='bbox 287 582 493 633; x_wconf 89' lang='lat' dir='ltr'>sequente</span> <span class='ocrx_word' id='word_1_42' title='bbox 525 592 712 619; x_wconf 89' lang='lat' dir='ltr'>consona</span> <span class='ocrx_word' id='word_1_43' title='bbox 751 580 938 631; x_wconf 89' lang='lat' dir='ltr'>ponatur</span> <span class='ocrx_word' id='word_1_44' title='bbox 978 576 1326 617; x_wconf 82' lang='lat' dir='ltr'>hexametrorum</span> <span class='ocrx_word' id='word_1_45' title='bbox 1359 576 1470 617; x_wconf 87' lang='lat' dir='ltr'>thesi</span> <span class='ocrx_word' id='word_1_46' title='bbox 1502 577 1640 630; x_wconf 84' lang='lat' dir='ltr'>prima</span> 
     </span>
     <span class='ocr_line' id='line_1_7' title="bbox 134 644 1639 701; baseline -0.002 -12"><span class='ocrx_word' id='word_1_47' title='bbox 134 648 199 689; x_wconf 89' lang='lat' dir='ltr'>vel</span> <span class='ocrx_word' id='word_1_48' title='bbox 233 647 464 701; x_wconf 85' lang='lat' dir='ltr'>aliquando</span> <span class='ocrx_word' id='word_1_49' title='bbox 496 650 652 700; x_wconf 91' lang='lat' dir='ltr'>quarta</span> <span class='ocrx_word' id='word_1_50' title='bbox 681 672 738 677; x_wconf 90' lang='lat'>——</span> <span class='ocrx_word' id='word_1_51' title='bbox 769 645 923 699; x_wconf 88' lang='lat' dir='ltr'>quibus</span> <span class='ocrx_word' id='word_1_52' title='bbox 955 644 1152 698; x_wconf 87' lang='lat' dir='ltr'>partibus</span> <span class='ocrx_word' id='word_1_53' title='bbox 1174 644 1311 685; x_wconf 89' lang='lat' dir='ltr'>maior</span> <span class='ocrx_word' id='word_1_54' title='bbox 1332 658 1461 697; x_wconf 88' lang='lat' dir='ltr'>quam</span> <span class='ocrx_word' id='word_1_55' title='bbox 1484 646 1639 686; x_wconf 87' lang='lat' dir='ltr'>ceteris</span> 
     </span>
     <span class='ocr_line' id='line_1_8' title="bbox 135 713 1640 766; baseline -0.003 -8"><span class='ocrx_word' id='word_1_56' title='bbox 135 716 384 758; x_wconf 80' lang='lat' dir='ltr'>conceditur</span> <span class='ocrx_word' id='word_1_57' title='bbox 413 715 588 756; x_wconf 88' lang='lat' dir='ltr'>licentia</span> <span class='ocrx_word' id='word_1_58' title='bbox 618 740 671 744; x_wconf 83' lang='lat'><em>-</em></span> <span class='ocrx_word' id='word_1_59' title='bbox 706 729 784 756; x_wconf 88' lang='lat' dir='ltr'>nec</span> <span class='ocrx_word' id='word_1_60' title='bbox 814 728 898 755; x_wconf 91' lang='lat' dir='ltr'>non</span> <span class='ocrx_word' id='word_1_61' title='bbox 929 713 1276 766; x_wconf 82' lang='lat' dir='ltr'>logaoedicorum</span> <span class='ocrx_word' id='word_1_62' title='bbox 1299 726 1496 754; x_wconf 88' lang='lat' dir='ltr'>versuum</span> <span class='ocrx_word' id='word_1_63' title='bbox 1530 714 1640 754; x_wconf 88' lang='lat' dir='ltr'>sedi-</span> 
     </span>
     <span class='ocr_line' id='line_1_9' title="bbox 134 780 1639 837; baseline -0.003 -11"><span class='ocrx_word' id='word_1_64' title='bbox 134 784 214 826; x_wconf 91' lang='lat' dir='ltr'>bus</span> <span class='ocrx_word' id='word_1_65' title='bbox 245 784 341 835; x_wconf 81' lang='lat' dir='ltr'>illis,</span> <span class='ocrx_word' id='word_1_66' title='bbox 374 798 484 837; x_wconf 88' lang='lat' dir='ltr'>quae</span> <span class='ocrx_word' id='word_1_67' title='bbox 516 797 599 824; x_wconf 89' lang='lat' dir='ltr'>non</span> <span class='ocrx_word' id='word_1_68' title='bbox 627 783 862 824; x_wconf 87' lang='lat' dir='ltr'>admittunt</span> <span class='ocrx_word' id='word_1_69' title='bbox 890 796 968 835; x_wconf 90' lang='lat' dir='ltr'>pro</span> <span class='ocrx_word' id='word_1_70' title='bbox 1001 780 1218 836; x_wconf 83' lang='lat' dir='ltr'>pyrrichio</span> <span class='ocrx_word' id='word_1_71' title='bbox 1240 781 1425 834; x_wconf 74' lang='lat' dir='ltr'>longam,</span> <span class='ocrx_word' id='word_1_72' title='bbox 1458 785 1533 822; x_wconf 87' lang='lat' dir='ltr'>aut</span> <span class='ocrx_word' id='word_1_73' title='bbox 1563 782 1639 822; x_wconf 90' lang='lat' dir='ltr'>im—</span> 
     </span>
     <span class='ocr_line' id='line_1_10' title="bbox 134 849 1641 903; baseline -0.003 -9"><span class='ocrx_word' id='word_1_74' title='bbox 134 853 300 894; x_wconf 86' lang='lat' dir='ltr'>minuta</span> <span class='ocrx_word' id='word_1_75' title='bbox 332 867 426 893; x_wconf 88' lang='lat' dir='ltr'>cum</span> <span class='ocrx_word' id='word_1_76' title='bbox 458 851 595 893; x_wconf 90' lang='lat' dir='ltr'>vocali</span> <span class='ocrx_word' id='word_1_77' title='bbox 627 851 776 892; x_wconf 88' lang='lat' dir='ltr'>addita</span> <span class='ocrx_word' id='word_1_78' title='bbox 814 853 1046 891; x_wconf 87' lang='lat' dir='ltr'>metrorum</span> <span class='ocrx_word' id='word_1_79' title='bbox 1078 849 1172 890; x_wconf 93' lang='grc'>1000</span> <span class='ocrx_word' id='word_1_80' title='bbox 1205 849 1518 903; x_wconf 81' lang='lat' dir='ltr'>qualicumque.</span> <span class='ocrx_word' id='word_1_81' title='bbox 1581 850 1641 890; x_wconf 85' lang='grc'>310</span> 
     </span>
     <span class='ocr_line' id='line_1_11' title="bbox 135 915 1643 974; baseline -0.003 -12"><span class='ocrx_word' id='word_1_82' title='bbox 135 920 383 974; x_wconf 77' lang='lat' dir='ltr'>saepissime</span> <span class='ocrx_word' id='word_1_83' title='bbox 415 920 628 961; x_wconf 89' lang='lat' dir='ltr'>invenitur</span> <span class='ocrx_word' id='word_1_84' title='bbox 660 919 790 960; x_wconf 86' lang='lat' dir='ltr'>dictio</span> <span class='ocrx_word' id='word_1_85' title='bbox 833 918 907 959; x_wconf 84' lang='lat' dir='ltr'>illa</span> <span class='ocrx_word' id='word_1_86' title='bbox 950 917 1100 968; x_wconf 75' lang='lat' dir='ltr'>‘neque</span> <span class='ocrx_word' id='word_1_87' title='bbox 1130 915 1273 966; x_wconf 77' lang='lat' dir='ltr'>enz&#39;m&#39;,</span> <span class='ocrx_word' id='word_1_88' title='bbox 1316 918 1395 958; x_wconf 90' lang='lat' dir='ltr'>etsi</span> <span class='ocrx_word' id='word_1_89' title='bbox 1436 932 1520 959; x_wconf 89' lang='grc'>11011</span> <span class='ocrx_word' id='word_1_90' title='bbox 1561 918 1643 959; x_wconf 88' lang='lat' dir='ltr'>fuit</span> 
     </span>
     <span class='ocr_line' id='line_1_12' title="bbox 134 981 1642 1040; baseline -0.002 -10"><span class='ocrx_word' id='word_1_91' title='bbox 134 989 386 1030; x_wconf 87' lang='lat' dir='ltr'>inusitatum</span> <span class='ocrx_word' id='word_1_92' title='bbox 419 1002 493 1028; x_wconf 73' lang='lat' dir='ltr'>nec</span> <span class='ocrx_word' id='word_1_93' title='bbox 516 991 632 1035; x_wconf 76' lang='lat' dir='ltr'>enim,</span> <span class='ocrx_word' id='word_1_94' title='bbox 665 987 779 1040; x_wconf 88' lang='lat' dir='ltr'>quod</span> <span class='ocrx_word' id='word_1_95' title='bbox 810 987 967 1028; x_wconf 89' lang='lat' dir='ltr'>iniuria</span> <span class='ocrx_word' id='word_1_96' title='bbox 989 986 1166 1027; x_wconf 84' lang='lat' dir='ltr'>damnat</span> <span class='ocrx_word' id='word_1_97' title='bbox 1187 985 1356 1027; x_wconf 85' lang='lat' dir='ltr'>Cortius</span> <span class='ocrx_word' id='word_1_98' title='bbox 1379 981 1463 1040; x_wconf 79' lang='lat' dir='ltr'>[ad</span> <span class='ocrx_word' id='word_1_99' title='bbox 1486 987 1642 1028; x_wconf 86' lang='lat' dir='ltr'>Lucan.</span> 
     </span>
     <span class='ocr_line' id='line_1_13' title="bbox 137 1054 1643 1111; baseline -0.001 -14"><span class='ocrx_word' id='word_1_100' title='bbox 137 1057 225 1107; x_wconf 87' lang='lat' dir='ltr'>VII,</span> <span class='ocrx_word' id='word_1_101' title='bbox 259 1058 371 1111; x_wconf 66' lang='lat'>739}</span> <span class='ocrx_word' id='word_1_102' title='bbox 434 1056 507 1097; x_wconf 86' lang='lat' dir='ltr'>sed</span> <span class='ocrx_word' id='word_1_103' title='bbox 540 1055 814 1097; x_wconf 83' lang='lat' dir='ltr'>observantia</span> <span class='ocrx_word' id='word_1_104' title='bbox 845 1055 919 1095; x_wconf 86' lang='lat' dir='ltr'>illa</span> <span class='ocrx_word' id='word_1_105' title='bbox 950 1054 1048 1095; x_wconf 89' lang='lat' dir='ltr'>inde</span> <span class='ocrx_word' id='word_1_106' title='bbox 1080 1054 1248 1095; x_wconf 87' lang='lat' dir='ltr'>videtur</span> <span class='ocrx_word' id='word_1_107' title='bbox 1281 1054 1487 1105; x_wconf 83' lang='lat' dir='ltr'>evenisse,</span> <span class='ocrx_word' id='word_1_108' title='bbox 1528 1054 1643 1107; x_wconf 86' lang='lat' dir='ltr'>quod</span> 
     </span>
     <span class='ocr_line' id='line_1_14' title="bbox 135 1123 1641 1177; baseline -0.002 -11"><span class='ocrx_word' id='word_1_109' title='bbox 135 1139 265 1176; x_wconf 75' lang='lat' dir='ltr'>neque</span> <span class='ocrx_word' id='word_1_110' title='bbox 294 1128 342 1166; x_wconf 88' lang='lat' dir='ltr'>ut</span> <span class='ocrx_word' id='word_1_111' title='bbox 383 1124 601 1177; x_wconf 81' lang='lat' dir='ltr'>antiquior</span> <span class='ocrx_word' id='word_1_112' title='bbox 645 1123 782 1164; x_wconf 78' lang='lat' dir='ltr'>forma</span> <span class='ocrx_word' id='word_1_113' title='bbox 822 1123 904 1164; x_wconf 88' lang='lat' dir='ltr'>iam</span> <span class='ocrx_word' id='word_1_114' title='bbox 951 1123 1005 1164; x_wconf 88' lang='lat' dir='ltr'>ab</span> <span class='ocrx_word' id='word_1_115' title='bbox 1038 1123 1219 1176; x_wconf 82' lang='lat' dir='ltr'>Augusti</span> <span class='ocrx_word' id='word_1_116' title='bbox 1259 1126 1403 1164; x_wconf 86' lang='lat' dir='ltr'>aetate</span> <span class='ocrx_word' id='word_1_117' title='bbox 1445 1137 1496 1164; x_wconf 89' lang='lat' dir='ltr'>ex</span> <span class='ocrx_word' id='word_1_118' title='bbox 1529 1137 1641 1164; x_wconf 88' lang='lat' dir='ltr'>com-</span> 
     </span>
     <span class='ocr_line' id='line_1_15' title="bbox 137 1191 1644 1246; baseline -0.002 -12"><span class='ocrx_word' id='word_1_119' title='bbox 137 1193 254 1234; x_wconf 89' lang='lat' dir='ltr'>muni</span> <span class='ocrx_word' id='word_1_120' title='bbox 285 1207 365 1234; x_wconf 86' lang='lat' dir='ltr'>usu</span> <span class='ocrx_word' id='word_1_121' title='bbox 398 1193 539 1246; x_wconf 88' lang='lat' dir='ltr'>coepit</span> <span class='ocrx_word' id='word_1_122' title='bbox 569 1192 701 1233; x_wconf 91' lang='lat' dir='ltr'>abire.</span> <span class='ocrx_word' id='word_1_123' title='bbox 756 1206 1017 1245; x_wconf 89' lang='lat' dir='ltr'>quamquam</span> <span class='ocrx_word' id='word_1_124' title='bbox 1054 1191 1168 1244; x_wconf 89' lang='lat' dir='ltr'>quod</span> <span class='ocrx_word' id='word_1_125' title='bbox 1192 1191 1341 1232; x_wconf 90' lang='lat' dir='ltr'>eadem</span> <span class='ocrx_word' id='word_1_126' title='bbox 1364 1205 1445 1232; x_wconf 91' lang='lat' dir='ltr'>vox</span> <span class='ocrx_word' id='word_1_127' title='bbox 1467 1205 1492 1232; x_wconf 87' lang='lat' dir='ltr'>a</span> <span class='ocrx_word' id='word_1_128' title='bbox 1514 1192 1644 1232; x_wconf 84' lang='lat' dir='ltr'>tertia</span> 
     </span>
     <span class='ocr_line' id='line_1_16' title="bbox 135 1259 1643 1314; baseline -0.001 -12"><span class='ocrx_word' id='word_1_129' title='bbox 135 1262 246 1302; x_wconf 89' lang='lat' dir='ltr'>thesi</span> <span class='ocrx_word' id='word_1_130' title='bbox 274 1261 513 1302; x_wconf 80' lang='lat' dir='ltr'>hexametri</span> <span class='ocrx_word' id='word_1_131' title='bbox 544 1260 797 1314; x_wconf 86' lang='lat' dir='ltr'>plerumque</span> <span class='ocrx_word' id='word_1_132' title='bbox 827 1263 1012 1310; x_wconf 77' lang='lat' dir='ltr'>arcetur,</span> <span class='ocrx_word' id='word_1_133' title='bbox 1055 1273 1106 1300; x_wconf 91' lang='grc'>110</span> <span class='ocrx_word' id='word_1_134' title='bbox 1153 1259 1283 1301; x_wconf 88' lang='lat' dir='ltr'>semel</span> <span class='ocrx_word' id='word_1_135' title='bbox 1325 1259 1497 1313; x_wconf 89' lang='lat' dir='ltr'>quidem</span> <span class='ocrx_word' id='word_1_136' title='bbox 1528 1259 1643 1313; x_wconf 87' lang='lat' dir='ltr'>apud</span> 
     </span>
     <span class='ocr_line' id='line_1_17' title="bbox 137 1328 1644 1371; baseline -0.001 -1"><span class='ocrx_word' id='word_1_137' title='bbox 137 1329 439 1371; x_wconf 85' lang='lat' dir='ltr'>Germanicum</span> <span class='ocrx_word' id='word_1_138' title='bbox 473 1333 516 1370; x_wconf 91' lang='lat' dir='ltr'>et</span> <span class='ocrx_word' id='word_1_139' title='bbox 538 1329 723 1370; x_wconf 83' lang='lat' dir='ltr'>Statium</span> <span class='ocrx_word' id='word_1_140' title='bbox 755 1332 797 1369; x_wconf 92' lang='lat' dir='ltr'>et</span> <span class='ocrx_word' id='word_1_141' title='bbox 828 1328 1063 1369; x_wconf 88' lang='lat' dir='ltr'>Homerum</span> <span class='ocrx_word' id='word_1_142' title='bbox 1093 1328 1293 1369; x_wconf 89' lang='lat' dir='ltr'>Latinum</span> <span class='ocrx_word' id='word_1_143' title='bbox 1324 1331 1372 1369; x_wconf 88' lang='lat' dir='ltr'>ut</span> <span class='ocrx_word' id='word_1_144' title='bbox 1401 1328 1644 1369; x_wconf 87' lang='lat' dir='ltr'>inveniatur</span> 
     </span>
     <span class='ocr_line' id='line_1_18' title="bbox 137 1396 1492 1450; baseline -0.001 -11"><span class='ocrx_word' id='word_1_145' title='bbox 137 1412 188 1439; x_wconf 89' lang='lat' dir='ltr'>ea</span> <span class='ocrx_word' id='word_1_146' title='bbox 216 1398 328 1448; x_wconf 77' lang='lat' dir='ltr'>sede,</span> <span class='ocrx_word' id='word_1_147' title='bbox 357 1398 482 1439; x_wconf 83' lang='lat' dir='ltr'>facile</span> <span class='ocrx_word' id='word_1_148' title='bbox 511 1397 675 1450; x_wconf 84' lang='lat' dir='ltr'>largior</span> <span class='ocrx_word' id='word_1_149' title='bbox 704 1397 884 1438; x_wconf 90' lang='lat' dir='ltr'>metrica</span> <span class='ocrx_word' id='word_1_150' title='bbox 914 1397 1058 1450; x_wconf 86' lang='lat' dir='ltr'>potius</span> <span class='ocrx_word' id='word_1_151' title='bbox 1092 1397 1258 1438; x_wconf 88' lang='lat' dir='ltr'>ratione</span> <span class='ocrx_word' id='word_1_152' title='bbox 1291 1396 1492 1438; x_wconf 87' lang='lat' dir='ltr'>evenisse.</span> 
     </span>
    </p>

    <p class='ocr_par' dir='ltr' id='par_1_3' title="bbox 129 1464 1646 2953">
     <span class='ocr_line' id='line_1_19' title="bbox 250 1464 1643 1522; baseline -0.001 -15"><span class='ocrx_word' id='word_1_153' title='bbox 250 1466 333 1507; x_wconf 87' lang='lat' dir='ltr'>Sed</span> <span class='ocrx_word' id='word_1_154' title='bbox 375 1465 564 1507; x_wconf 87' lang='lat' dir='ltr'>Lucretii</span> <span class='ocrx_word' id='word_1_155' title='bbox 606 1465 717 1507; x_wconf 90' lang='lat' dir='ltr'>libro</span> <span class='ocrx_word' id='word_1_156' title='bbox 754 1466 772 1506; x_wconf 96' lang='lat' dir='ltr'>I</span> <span class='ocrx_word' id='word_1_157' title='bbox 819 1464 960 1522; x_wconf 85' lang='lat'>[1071]</span> <span class='ocrx_word' id='word_1_158' title='bbox 1002 1479 1096 1506; x_wconf 90' lang='lat' dir='ltr'>cum</span> <span class='ocrx_word' id='word_1_159' title='bbox 1138 1464 1328 1506; x_wconf 82' lang='lat' dir='ltr'>habeant</span> <span class='ocrx_word' id='word_1_160' title='bbox 1367 1464 1643 1506; x_wconf 86' lang='lat' dir='ltr'>membranae</span> 
     </span>
     <span class='ocr_line' id='line_1_20' title="bbox 129 1532 1643 1588; baseline -0.002 -12"><span class='ocrx_word' id='word_1_161' title='bbox 129 1535 323 1586; x_wconf 76' lang='lat' dir='ltr'>‘denique</span> <span class='ocrx_word' id='word_1_162' title='bbox 354 1532 533 1575; x_wconf 77' lang='lat' dir='ltr'>omnino’</span> <span class='ocrx_word' id='word_1_163' title='bbox 568 1548 647 1588; x_wconf 91' lang='lat' dir='ltr'>pro</span> <span class='ocrx_word' id='word_1_164' title='bbox 669 1547 769 1575; x_wconf 84' lang='lat' dir='ltr'>vero</span> <span class='ocrx_word' id='word_1_165' title='bbox 813 1532 963 1585; x_wconf 76' lang='lat' dir='ltr'>‘neque</span> <span class='ocrx_word' id='word_1_166' title='bbox 985 1533 1182 1582; x_wconf 77' lang='lat' dir='ltr'>omne&#39;no&#39;,</span> <span class='ocrx_word' id='word_1_167' title='bbox 1215 1533 1444 1575; x_wconf 89' lang='lat' dir='ltr'>videndum</span> <span class='ocrx_word' id='word_1_168' title='bbox 1476 1533 1557 1574; x_wconf 85' lang='lat' dir='ltr'>erit</span> <span class='ocrx_word' id='word_1_169' title='bbox 1589 1548 1643 1574; x_wconf 87' lang='lat' dir='ltr'>an</span> 
     </span>
     <span class='ocr_line' id='line_1_21' title="bbox 135 1600 1643 1655; baseline -0.001 -11"><span class='ocrx_word' id='word_1_170' title='bbox 135 1604 271 1644; x_wconf 89' lang='lat' dir='ltr'>lateat</span> <span class='ocrx_word' id='word_1_171' title='bbox 300 1602 406 1643; x_wconf 90' lang='lat' dir='ltr'>illud</span> <span class='ocrx_word' id='word_1_172' title='bbox 448 1600 629 1653; x_wconf 73' lang='lat' dir='ltr'>‘nique&#39;,</span> <span class='ocrx_word' id='word_1_173' title='bbox 663 1602 777 1655; x_wconf 91' lang='lat' dir='ltr'>quod</span> <span class='ocrx_word' id='word_1_174' title='bbox 810 1606 853 1643; x_wconf 89' lang='lat' dir='ltr'>et</span> <span class='ocrx_word' id='word_1_175' title='bbox 883 1602 990 1643; x_wconf 85' lang='lat' dir='ltr'>alias</span> <span class='ocrx_word' id='word_1_176' title='bbox 1020 1602 1246 1652; x_wconf 84' lang='lat' dir='ltr'>invenitur,</span> <span class='ocrx_word' id='word_1_177' title='bbox 1279 1603 1389 1643; x_wconf 87' lang='lat' dir='ltr'>sicut</span> <span class='ocrx_word' id='word_1_178' title='bbox 1418 1602 1531 1643; x_wconf 90' lang='lat' dir='ltr'>idem</span> <span class='ocrx_word' id='word_1_179' title='bbox 1562 1602 1643 1642; x_wconf 91' lang='lat' dir='ltr'>Lu-</span> 
     </span>
     <span class='ocr_line' id='line_1_22' title="bbox 139 1670 1643 1724; baseline -0.001 -12"><span class='ocrx_word' id='word_1_180' title='bbox 139 1671 297 1712; x_wconf 88' lang='lat' dir='ltr'>cretius</span> <span class='ocrx_word' id='word_1_181' title='bbox 320 1674 495 1722; x_wconf 77' lang='lat' dir='ltr'>donique</span> <span class='ocrx_word' id='word_1_182' title='bbox 517 1670 624 1711; x_wconf 83' lang='lat' dir='ltr'>dixit</span> <span class='ocrx_word' id='word_1_183' title='bbox 645 1684 723 1724; x_wconf 91' lang='lat' dir='ltr'>pro</span> <span class='ocrx_word' id='word_1_184' title='bbox 747 1674 886 1712; x_wconf 74' lang='lat' dir='ltr'>donec.</span> <span class='ocrx_word' id='word_1_185' title='bbox 910 1698 964 1703; x_wconf 91' lang='lat'>—</span> <span class='ocrx_word' id='word_1_186' title='bbox 996 1684 1123 1724; x_wconf 86' lang='lat' dir='ltr'>quam</span> <span class='ocrx_word' id='word_1_187' title='bbox 1147 1671 1327 1712; x_wconf 89' lang='lat' dir='ltr'>moturis</span> <span class='ocrx_word' id='word_1_188' title='bbox 1349 1670 1643 1724; x_wconf 89' lang='lat' dir='ltr'>quaestionem</span> 
     </span>
     <span class='ocr_line' id='line_1_23' title="bbox 139 1738 1645 1792; baseline -0.001 -12"><span class='ocrx_word' id='word_1_189' title='bbox 139 1740 221 1780; x_wconf 90' lang='lat' dir='ltr'>erit</span> <span class='ocrx_word' id='word_1_190' title='bbox 262 1738 512 1790; x_wconf 83' lang='lat' dir='ltr'>dolendum,</span> <span class='ocrx_word' id='word_1_191' title='bbox 554 1738 669 1792; x_wconf 89' lang='lat' dir='ltr'>quod</span> <span class='ocrx_word' id='word_1_192' title='bbox 709 1739 874 1792; x_wconf 87' lang='lat' dir='ltr'>antiqui</span> <span class='ocrx_word' id='word_1_193' title='bbox 916 1739 1115 1780; x_wconf 89' lang='lat' dir='ltr'>carminis</span> <span class='ocrx_word' id='word_1_194' title='bbox 1146 1739 1392 1780; x_wconf 89' lang='lat' dir='ltr'>Lucretiani</span> <span class='ocrx_word' id='word_1_195' title='bbox 1423 1738 1645 1792; x_wconf 88' lang='lat' dir='ltr'>perierunt</span> 
     </span>
     <span class='ocr_line' id='line_1_24' title="bbox 140 1806 1642 1861; baseline -0.001 -12"><span class='ocrx_word' id='word_1_196' title='bbox 140 1807 444 1849; x_wconf 89' lang='lat' dir='ltr'>commentarii.</span> <span class='ocrx_word' id='word_1_197' title='bbox 505 1807 663 1861; x_wconf 86' lang='lat' dir='ltr'>quippe</span> <span class='ocrx_word' id='word_1_198' title='bbox 696 1807 821 1848; x_wconf 84' lang='lat' dir='ltr'>facile</span> <span class='ocrx_word' id='word_1_199' title='bbox 852 1808 993 1860; x_wconf 83' lang='lat' dir='ltr'>potuit</span> <span class='ocrx_word' id='word_1_200' title='bbox 1029 1807 1209 1858; x_wconf 84' lang='lat' dir='ltr'>evenire,</span> <span class='ocrx_word' id='word_1_201' title='bbox 1251 1810 1299 1848; x_wconf 88' lang='lat' dir='ltr'>ut</span> <span class='ocrx_word' id='word_1_202' title='bbox 1331 1807 1383 1848; x_wconf 91' lang='lat' dir='ltr'>de</span> <span class='ocrx_word' id='word_1_203' title='bbox 1414 1806 1481 1848; x_wconf 89' lang='lat' dir='ltr'>his</span> <span class='ocrx_word' id='word_1_204' title='bbox 1513 1809 1642 1859; x_wconf 88' lang='lat' dir='ltr'>atque</span> 
     </span>
     <span class='ocr_line' id='line_1_25' title="bbox 138 1875 1644 1929; baseline -0.001 -12"><span class='ocrx_word' id='word_1_205' title='bbox 138 1875 299 1917; x_wconf 87' lang='lat' dir='ltr'>talibus</span> <span class='ocrx_word' id='word_1_206' title='bbox 336 1875 525 1917; x_wconf 89' lang='lat' dir='ltr'>Lucretii</span> <span class='ocrx_word' id='word_1_207' title='bbox 566 1875 715 1917; x_wconf 88' lang='lat' dir='ltr'>formis</span> <span class='ocrx_word' id='word_1_208' title='bbox 757 1876 800 1916; x_wconf 88' lang='lat' dir='ltr'>in</span> <span class='ocrx_word' id='word_1_209' title='bbox 842 1876 902 1916; x_wconf 89' lang='lat' dir='ltr'>eis</span> <span class='ocrx_word' id='word_1_210' title='bbox 944 1879 1242 1929; x_wconf 89' lang='lat' dir='ltr'>exponeretur.</span> <span class='ocrx_word' id='word_1_211' title='bbox 1304 1889 1411 1929; x_wconf 91' lang='lat' dir='ltr'>quos</span> <span class='ocrx_word' id='word_1_212' title='bbox 1451 1875 1644 1917; x_wconf 90' lang='lat' dir='ltr'>extitisse</span> 
     </span>
     <span class='ocr_line' id='line_1_26' title="bbox 138 1942 1645 1997; baseline -0.001 -13"><span class='ocrx_word' id='word_1_213' title='bbox 138 1944 268 1985; x_wconf 87' lang='lat' dir='ltr'>etiam</span> <span class='ocrx_word' id='word_1_214' title='bbox 299 1943 402 1984; x_wconf 87' lang='lat' dir='ltr'>mihi</span> <span class='ocrx_word' id='word_1_215' title='bbox 432 1943 556 1985; x_wconf 85' lang='lat' dir='ltr'>valde</span> <span class='ocrx_word' id='word_1_216' title='bbox 588 1943 868 1997; x_wconf 87' lang='lat' dir='ltr'>probabilest,</span> <span class='ocrx_word' id='word_1_217' title='bbox 907 1944 999 1993; x_wconf 87' lang='lat' dir='ltr'>etsi,</span> <span class='ocrx_word' id='word_1_218' title='bbox 1043 1957 1126 1997; x_wconf 89' lang='lat' dir='ltr'>quo</span> <span class='ocrx_word' id='word_1_219' title='bbox 1168 1944 1365 1985; x_wconf 83' lang='lat' dir='ltr'>certatim</span> <span class='ocrx_word' id='word_1_220' title='bbox 1403 1957 1548 1985; x_wconf 91' lang='lat' dir='ltr'>omnes</span> <span class='ocrx_word' id='word_1_221' title='bbox 1590 1942 1645 1984; x_wconf 89' lang='lat' dir='ltr'>ad</span> 
     </span>
     <span class='ocr_line' id='line_1_27' title="bbox 137 2011 1645 2066; baseline -0.001 -13"><span class='ocrx_word' id='word_1_222' title='bbox 137 2012 406 2066; x_wconf 86' lang='lat' dir='ltr'>probandam</span> <span class='ocrx_word' id='word_1_223' title='bbox 434 2026 524 2053; x_wconf 88' lang='lat' dir='ltr'>rem</span> <span class='ocrx_word' id='word_1_224' title='bbox 555 2012 621 2053; x_wconf 89' lang='lat' dir='ltr'>usi</span> <span class='ocrx_word' id='word_1_225' title='bbox 653 2015 763 2063; x_wconf 81' lang='lat' dir='ltr'>sunt,</span> <span class='ocrx_word' id='word_1_226' title='bbox 792 2012 886 2053; x_wconf 91' lang='grc'>1000</span> <span class='ocrx_word' id='word_1_227' title='bbox 922 2011 1167 2066; x_wconf 81' lang='lat' dir='ltr'>Hieronymi</span> <span class='ocrx_word' id='word_1_228' title='bbox 1197 2012 1510 2053; x_wconf 87' lang='lat' dir='ltr'>restituendum</span> <span class='ocrx_word' id='word_1_229' title='bbox 1553 2025 1645 2053; x_wconf 86' lang='lat' dir='ltr'>esse</span> 
     </span>
     <span class='ocr_line' id='line_1_28' title="bbox 139 2080 1643 2134; baseline -0.001 -13"><span class='ocrx_word' id='word_1_230' title='bbox 139 2084 188 2121; x_wconf 88' lang='lat' dir='ltr'>ut</span> <span class='ocrx_word' id='word_1_231' title='bbox 213 2080 315 2121; x_wconf 88' lang='lat' dir='ltr'>alibi</span> <span class='ocrx_word' id='word_1_232' title='bbox 338 2080 548 2121; x_wconf 86' lang='lat' dir='ltr'>Lucilium</span> <span class='ocrx_word' id='word_1_233' title='bbox 570 2094 648 2133; x_wconf 89' lang='lat' dir='ltr'>pro</span> <span class='ocrx_word' id='word_1_234' title='bbox 671 2080 870 2121; x_wconf 89' lang='lat' dir='ltr'>Lucretio</span> <span class='ocrx_word' id='word_1_235' title='bbox 896 2080 1000 2121; x_wconf 84' lang='lat' dir='ltr'>mihi</span> <span class='ocrx_word' id='word_1_236' title='bbox 1023 2080 1238 2134; x_wconf 86' lang='lat' dir='ltr'>quidemst</span> <span class='ocrx_word' id='word_1_237' title='bbox 1258 2080 1643 2134; x_wconf 86' lang='lat' dir='ltr'>persuasissimum.</span> 
     </span>
     <span class='ocr_line' id='line_1_29' title="bbox 139 2148 1645 2202; baseline 0 -13"><span class='ocrx_word' id='word_1_238' title='bbox 139 2148 254 2201; x_wconf 89' lang='lat' dir='ltr'>quod</span> <span class='ocrx_word' id='word_1_239' title='bbox 285 2152 333 2189; x_wconf 77' lang='lat' dir='ltr'>ut</span> <span class='ocrx_word' id='word_1_240' title='bbox 362 2148 647 2202; x_wconf 87' lang='lat' dir='ltr'>persuadeam</span> <span class='ocrx_word' id='word_1_241' title='bbox 680 2152 722 2189; x_wconf 92' lang='lat' dir='ltr'>et</span> <span class='ocrx_word' id='word_1_242' title='bbox 754 2148 859 2199; x_wconf 80' lang='lat' dir='ltr'>aliis,</span> <span class='ocrx_word' id='word_1_243' title='bbox 897 2148 1140 2190; x_wconf 87' lang='lat' dir='ltr'>adscribam</span> <span class='ocrx_word' id='word_1_244' title='bbox 1171 2149 1355 2202; x_wconf 85' lang='lat' dir='ltr'>primum</span> <span class='ocrx_word' id='word_1_245' title='bbox 1386 2148 1519 2190; x_wconf 88' lang='lat' dir='ltr'>verba</span> <span class='ocrx_word' id='word_1_246' title='bbox 1545 2148 1645 2189; x_wconf 89' lang='lat' dir='ltr'>Hie-</span> 
     </span>
     <span class='ocr_line' id='line_1_30' title="bbox 139 2216 1644 2271; baseline 0 -13"><span class='ocrx_word' id='word_1_247' title='bbox 139 2217 315 2271; x_wconf 88' lang='lat' dir='ltr'>ronymi.</span> <span class='ocrx_word' id='word_1_248' title='bbox 378 2220 477 2258; x_wconf 87' lang='lat' dir='ltr'>sunt</span> <span class='ocrx_word' id='word_1_249' title='bbox 517 2220 659 2258; x_wconf 87' lang='lat' dir='ltr'>autem</span> <span class='ocrx_word' id='word_1_250' title='bbox 697 2216 803 2258; x_wconf 87' lang='lat' dir='ltr'>haec</span> <span class='ocrx_word' id='word_1_251' title='bbox 844 2216 959 2268; x_wconf 75' lang='lat' dir='ltr'>‘puto</span> <span class='ocrx_word' id='word_1_252' title='bbox 991 2221 1099 2268; x_wconf 71' lang='lat' dir='ltr'>quod</span> <span class='ocrx_word' id='word_1_253' title='bbox 1127 2231 1236 2268; x_wconf 74' lang='lat' dir='ltr'>puer</span> <span class='ocrx_word' id='word_1_254' title='bbox 1268 2221 1418 2268; x_wconf 69' lang='lat' dir='ltr'>leyerz&#39;s</span> <span class='ocrx_word' id='word_1_255' title='bbox 1450 2220 1573 2268; x_wconf 68' lang='lat' dir='ltr'>Aspri</span> <span class='ocrx_word' id='word_1_256' title='bbox 1604 2220 1644 2257; x_wconf 70' lang='lat' dir='ltr'>m</span> 
     </span>
     <span class='ocr_line' id='line_1_31' title="bbox 150 2288 1645 2337; baseline 0.001 -12"><span class='ocrx_word' id='word_1_257' title='bbox 150 2288 364 2337; x_wconf 67' lang='lat' dir='ltr'>I&#39;eryz&#39;lz‘um</span> <span class='ocrx_word' id='word_1_258' title='bbox 396 2292 433 2325; x_wconf 76' lang='lat' dir='ltr'>et</span> <span class='ocrx_word' id='word_1_259' title='bbox 460 2288 692 2326; x_wconf 75' lang='lat' dir='ltr'>Sallustium</span> <span class='ocrx_word' id='word_1_260' title='bbox 722 2289 1039 2335; x_wconf 75' lang='lat' dir='ltr'>commentarios,</span> <span class='ocrx_word' id='word_1_261' title='bbox 1082 2288 1251 2327; x_wconf 66' lang='lat' dir='ltr'>Vulcatii</span> <span class='ocrx_word' id='word_1_262' title='bbox 1281 2289 1322 2326; x_wconf 76' lang='lat' dir='ltr'>in</span> <span class='ocrx_word' id='word_1_263' title='bbox 1354 2289 1558 2326; x_wconf 74' lang='lat' dir='ltr'>oraciones</span> <span class='ocrx_word' id='word_1_264' title='bbox 1586 2288 1645 2326; x_wconf 73' lang='lat' dir='ltr'>Ci-</span> 
     </span>
     <span class='ocr_line' id='line_1_32' title="bbox 140 2355 1646 2405; baseline -0.001 -11"><span class='ocrx_word' id='word_1_265' title='bbox 140 2356 323 2402; x_wconf 75' lang='lat' dir='ltr'>ceronis,</span> <span class='ocrx_word' id='word_1_266' title='bbox 377 2355 569 2394; x_wconf 73' lang='lat' dir='ltr'>Victorini</span> <span class='ocrx_word' id='word_1_267' title='bbox 604 2357 645 2393; x_wconf 77' lang='lat' dir='ltr'>in</span> <span class='ocrx_word' id='word_1_268' title='bbox 678 2357 860 2405; x_wconf 68' lang='lat' dir='ltr'>(lialoyos</span> <span class='ocrx_word' id='word_1_269' title='bbox 893 2357 1000 2402; x_wconf 69' lang='lat' dir='ltr'>eius,</span> <span class='ocrx_word' id='word_1_270' title='bbox 1046 2361 1082 2394; x_wconf 80' lang='lat' dir='ltr'>et</span> <span class='ocrx_word' id='word_1_271' title='bbox 1122 2358 1163 2394; x_wconf 71' lang='lat' dir='ltr'>in</span> <span class='ocrx_word' id='word_1_272' title='bbox 1200 2357 1378 2395; x_wconf 69' lang='lat' dir='ltr'>Terentii</span> <span class='ocrx_word' id='word_1_273' title='bbox 1419 2357 1646 2395; x_wconf 71' lang='lat' dir='ltr'>comoedias</span> 
     </span>
     <span class='ocr_line' id='line_1_33' title="bbox 135 2424 1645 2474; baseline -0.001 -12"><span class='ocrx_word' id='word_1_274' title='bbox 135 2425 420 2472; x_wconf 77' lang='lat' dir='ltr'>praeceptoris</span> <span class='ocrx_word' id='word_1_275' title='bbox 460 2424 536 2462; x_wconf 77' lang='lat' dir='ltr'>mei</span> <span class='ocrx_word' id='word_1_276' title='bbox 567 2424 737 2469; x_wconf 74' lang='lat' dir='ltr'>Donati,</span> <span class='ocrx_word' id='word_1_277' title='bbox 781 2436 909 2472; x_wconf 76' lang='lat' dir='ltr'>aeque</span> <span class='ocrx_word' id='word_1_278' title='bbox 947 2425 987 2462; x_wconf 77' lang='lat' dir='ltr'>in.</span> <span class='ocrx_word' id='word_1_279' title='bbox 1029 2424 1266 2474; x_wconf 68' lang='lat' dir='ltr'>I&#39;erqe&#39;lz‘um,</span> <span class='ocrx_word' id='word_1_280' title='bbox 1314 2430 1351 2463; x_wconf 71' lang='lat' dir='ltr'>et</span> <span class='ocrx_word' id='word_1_281' title='bbox 1392 2425 1562 2463; x_wconf 74' lang='lat' dir='ltr'>oliorum</span> <span class='ocrx_word' id='word_1_282' title='bbox 1603 2425 1645 2462; x_wconf 72' lang='lat' dir='ltr'>in</span> 
     </span>
     <span class='ocr_line' id='line_1_34' title="bbox 140 2492 1646 2540; baseline 0.001 -11"><span class='ocrx_word' id='word_1_283' title='bbox 140 2493 260 2538; x_wconf 75' lang='lat' dir='ltr'>alios,</span> <span class='ocrx_word' id='word_1_284' title='bbox 299 2492 483 2530; x_wconf 76' lang='lat' dir='ltr'>Plautum</span> <span class='ocrx_word' id='word_1_285' title='bbox 523 2492 726 2537; x_wconf 68' lang='lat' dir='ltr'>videlicet,</span> <span class='ocrx_word' id='word_1_286' title='bbox 759 2492 1008 2539; x_wconf 75' lang='lat' dir='ltr'>Lucretium,</span> <span class='ocrx_word' id='word_1_287' title='bbox 1050 2494 1259 2539; x_wconf 73' lang='lat' dir='ltr'>Flaccum,</span> <span class='ocrx_word' id='word_1_288' title='bbox 1302 2494 1485 2531; x_wconf 75' lang='lat' dir='ltr'>Persium</span> <span class='ocrx_word' id='word_1_289' title='bbox 1525 2496 1646 2540; x_wconf 74' lang='lat' dir='ltr'>atque</span> 
     </span>
     <span class='ocr_line' id='line_1_35' title="bbox 142 2554 1646 2611; baseline 0.001 -14"><span class='ocrx_word' id='word_1_290' title='bbox 142 2554 388 2598; x_wconf 78' lang='lat' dir='ltr'>Lucanum&#39;.</span> <span class='ocrx_word' id='word_1_291' title='bbox 453 2561 635 2611; x_wconf 89' lang='lat' dir='ltr'>apparet</span> <span class='ocrx_word' id='word_1_292' title='bbox 675 2557 741 2598; x_wconf 84' lang='lat' dir='ltr'>vel</span> <span class='ocrx_word' id='word_1_293' title='bbox 782 2571 909 2599; x_wconf 88' lang='lat' dir='ltr'>caeco</span> <span class='ocrx_word' id='word_1_294' title='bbox 951 2558 1021 2611; x_wconf 82' lang='lat' dir='ltr'>agi</span> <span class='ocrx_word' id='word_1_295' title='bbox 1062 2558 1114 2599; x_wconf 91' lang='lat' dir='ltr'>de</span> <span class='ocrx_word' id='word_1_296' title='bbox 1156 2558 1492 2608; x_wconf 87' lang='lat' dir='ltr'>commentariis,</span> <span class='ocrx_word' id='word_1_297' title='bbox 1539 2572 1646 2611; x_wconf 89' lang='lat' dir='ltr'>quos</span> 
     </span>
     <span class='ocr_line' id='line_1_36' title="bbox 140 2624 1645 2678; baseline 0.001 -12"><span class='ocrx_word' id='word_1_298' title='bbox 140 2639 371 2678; x_wconf 87' lang='lat' dir='ltr'>puerorum</span> <span class='ocrx_word' id='word_1_299' title='bbox 394 2624 449 2666; x_wconf 88' lang='lat' dir='ltr'>ad</span> <span class='ocrx_word' id='word_1_300' title='bbox 470 2640 573 2667; x_wconf 81' lang='lat' dir='ltr'>usus</span> <span class='ocrx_word' id='word_1_301' title='bbox 603 2627 647 2666; x_wconf 88' lang='lat' dir='ltr'>in</span> <span class='ocrx_word' id='word_1_302' title='bbox 677 2629 876 2667; x_wconf 88' lang='lat' dir='ltr'>auctores</span> <span class='ocrx_word' id='word_1_303' title='bbox 908 2626 1065 2667; x_wconf 88' lang='lat' dir='ltr'>scholis</span> <span class='ocrx_word' id='word_1_304' title='bbox 1095 2626 1312 2668; x_wconf 84' lang='lat' dir='ltr'>lectitatos</span> <span class='ocrx_word' id='word_1_305' title='bbox 1334 2630 1500 2667; x_wconf 90' lang='lat' dir='ltr'>veteres</span> <span class='ocrx_word' id='word_1_306' title='bbox 1533 2640 1645 2667; x_wconf 90' lang='lat' dir='ltr'>com-</span> 
     </span>
     <span class='ocr_line' id='line_1_37' title="bbox 140 2694 1646 2748; baseline 0.001 -14"><span class='ocrx_word' id='word_1_307' title='bbox 140 2697 377 2746; x_wconf 87' lang='lat' dir='ltr'>posuerunt</span> <span class='ocrx_word' id='word_1_308' title='bbox 408 2695 688 2746; x_wconf 81' lang='lat' dir='ltr'>grammatici.</span> <span class='ocrx_word' id='word_1_309' title='bbox 748 2694 834 2735; x_wconf 88' lang='lat' dir='ltr'>iam</span> <span class='ocrx_word' id='word_1_310' title='bbox 875 2695 970 2748; x_wconf 92' lang='lat' dir='ltr'>quis</span> <span class='ocrx_word' id='word_1_311' title='bbox 1010 2709 1211 2748; x_wconf 87' lang='lat' dir='ltr'>umquam</span> <span class='ocrx_word' id='word_1_312' title='bbox 1254 2695 1459 2735; x_wconf 87' lang='lat' dir='ltr'>tractavit</span> <span class='ocrx_word' id='word_1_313' title='bbox 1489 2695 1646 2735; x_wconf 85' lang='lat' dir='ltr'>Luere-</span> 
     </span>
     <span class='ocr_line' id='line_1_38' title="bbox 140 2761 1644 2816; baseline 0.001 -15"><span class='ocrx_word' id='word_1_314' title='bbox 140 2761 245 2801; x_wconf 88' lang='lat' dir='ltr'>tium</span> <span class='ocrx_word' id='word_1_315' title='bbox 282 2762 325 2801; x_wconf 89' lang='lat' dir='ltr'>in</span> <span class='ocrx_word' id='word_1_316' title='bbox 371 2761 544 2811; x_wconf 73' lang='lat' dir='ltr'>scholis,</span> <span class='ocrx_word' id='word_1_317' title='bbox 589 2776 714 2815; x_wconf 90' lang='lat' dir='ltr'>quem</span> <span class='ocrx_word' id='word_1_318' title='bbox 757 2763 823 2804; x_wconf 83' lang='lat' dir='ltr'>vel</span> <span class='ocrx_word' id='word_1_319' title='bbox 862 2763 1205 2816; x_wconf 87' lang='lat' dir='ltr'>provectioribus</span> <span class='ocrx_word' id='word_1_320' title='bbox 1246 2766 1388 2803; x_wconf 91' lang='lat' dir='ltr'>aetate</span> <span class='ocrx_word' id='word_1_321' title='bbox 1428 2762 1644 2803; x_wconf 84' lang='lat' dir='ltr'>difficilem</span> 
     </span>
     <span class='ocr_line' id='line_1_39' title="bbox 141 2829 1644 2884; baseline 0.001 -15"><span class='ocrx_word' id='word_1_322' title='bbox 141 2843 232 2870; x_wconf 89' lang='lat' dir='ltr'>esse</span> <span class='ocrx_word' id='word_1_323' title='bbox 263 2829 367 2870; x_wconf 86' lang='lat' dir='ltr'>dicit</span> <span class='ocrx_word' id='word_1_324' title='bbox 395 2830 711 2880; x_wconf 67' lang='lat' dir='ltr'>Quintilianus?</span> <span class='ocrx_word' id='word_1_325' title='bbox 772 2834 847 2872; x_wconf 88' lang='lat' dir='ltr'>aut</span> <span class='ocrx_word' id='word_1_326' title='bbox 878 2831 973 2884; x_wconf 89' lang='lat' dir='ltr'>quis</span> <span class='ocrx_word' id='word_1_327' title='bbox 1004 2834 1193 2872; x_wconf 87' lang='lat' dir='ltr'>veterum</span> <span class='ocrx_word' id='word_1_328' title='bbox 1226 2844 1301 2871; x_wconf 89' lang='lat' dir='ltr'>seu</span> <span class='ocrx_word' id='word_1_329' title='bbox 1331 2831 1644 2872; x_wconf 86' lang='lat' dir='ltr'>neoterioorum</span> 
     </span>
     <span class='ocr_line' id='line_1_40' title="bbox 141 2898 1646 2953; baseline 0.005 -16"><span class='ocrx_word' id='word_1_330' title='bbox 141 2911 371 2952; x_wconf 85' lang='lat' dir='ltr'>puerorum</span> <span class='ocrx_word' id='word_1_331' title='bbox 401 2898 641 2940; x_wconf 86' lang='lat' dir='ltr'>immaturis</span> <span class='ocrx_word' id='word_1_332' title='bbox 672 2899 851 2952; x_wconf 83' lang='lat' dir='ltr'>ingeniis</span> <span class='ocrx_word' id='word_1_333' title='bbox 882 2900 1107 2953; x_wconf 88' lang='lat' dir='ltr'>proposuit</span> <span class='ocrx_word' id='word_1_334' title='bbox 1136 2899 1315 2949; x_wconf 79' lang='lat' dir='ltr'>librum,</span> <span class='ocrx_word' id='word_1_335' title='bbox 1357 2899 1429 2952; x_wconf 89' lang='lat' dir='ltr'>qui</span> <span class='ocrx_word' id='word_1_336' title='bbox 1461 2902 1646 2953; x_wconf 73' lang='lat' dir='ltr'>systema</span> 
     </span>
    </p>
   </div>
  </div>
 </body>
</html>
