1898 3292
233 183 311 220 188
807 189 926 214 LIBER
945 189 1156 215 SECVNDVS.

572 291 659 336 quid
684 303 741 324 me
768 291 938 335 flagranti
963 291 1041 324 dira
1067 292 1298 335 persequeris
1323 291 1402 325 face

571 348 772 393 Megaera?
810 360 947 393 poenas
974 349 1096 392 poscis
1123 349 1306 383 Alcidae?
1344 349 1450 384 dabo.

572 408 690 441 iamne
713 406 924 449 inferorum⁷
953 406 1046 449 diva,
1074 406 1201 440 sedere
1227 407 1382 441 arbitri?

573 463 637 498 sed
663 475 749 498 ecce
777 463 872 497 diras
899 464 1055 497 carceris
1080 463 1187 497 video
1213 464 1319 498 fores.

231 548 492 587 quamquam
527 532 634 573 dixit
666 532 830 573 Seneca
861 532 927 573 vel
958 532 1059 573 alibi
1090 537 1165 573 sed
1195 546 1305 581 ecce,
1337 536 1481 574 tamen
1512 533 1612 574 huic
1644 534 1736 574 1000

230 616 312 643 11011
336 615 427 642 0000
457 605 605 655 aptum
635 601 749 642 idem
783 604 976 655 apparet.
1038 605 1267 654 praeterea
1296 601 1623 654 insequentibus
1644 616 1736 643 ver-

231 670 348 711 sibus
381 670 701 711 demonstratur
731 683 815 710 non
853 669 987 720 fores,
1032 669 1107 710 sed
1147 670 1374 711 interiores
1405 674 1553 724 partes
1588 670 1738 711 domus

230 738 435 789 infernae,
468 738 689 792 patefacta
719 739 849 779 ianua
878 752 987 792 quae
1010 742 1299 789 cernerentur,
1332 739 1476 780 videre
1500 739 1581 780 sibi
1604 739 1737 779 visam

232 821 323 848 esse
345 807 606 848 Deianiram.
653 821 787 861 quare
808 821 887 848 1100
921 811 1035 848 diras
1065 810 1208 860 potest
1229 810 1345 848 recte
1367 807 1541 848 habere.
1591 808 1739 860 itaque

231 875 390 917 acriter
425 876 801 927 considerandum,
834 889 888 917 an
920 875 1117 929 digniora
1148 876 1233 916 sint
1269 875 1432 917 Seneca
1462 875 1579 916 velut
1607 875 1738 916 haec:

576 957 694 991 iamne
719 956 930 999 inferorum,
957 956 1050 1000 diva,
1076 956 1204 990 sedere
1231 955 1385 990 arbitri?

574 1013 714 1048 sedent.
740 1034 783 1038 -
809 1014 969 1048 reclusas
999 1013 1158 1047 carceris
1183 1013 1289 1047 video
1319 1012 1426 1047 fores.

231 1083 305 1124 ubi
338 1083 443 1124 illud
474 1087 659 1124 reclusas
692 1083 775 1124 iam
813 1086 1032 1137 repertum
1065 1096 1090 1123 a
1122 1081 1288 1123 Bothio.
1322 1106 1376 1111 ——
1412 1095 1511 1122 mox
1544 1081 1741 1122 feruntur

232 1152 382 1207 [1027]
413 1153 457 1193 in
488 1152 610 1194 libris
640 1151 825 1205 vulgatis
856 1151 984 1192 talia:

577 1244 597 1266 0
623 1232 757 1266 misera
781 1232 910 1276 pietas.
949 1231 978 1266 si
1003 1232 1096 1265 mori
1124 1233 1278 1265 matrem
1301 1234 1414 1274 vetas,

576 1290 673 1334 patri
701 1301 738 1323 es
763 1289 950 1324 scelestus.
990 1289 1020 1323 si
1045 1288 1138 1322 mori
1163 1288 1300 1332 pateris
1325 1291 1458 1331 tamen,

577 1347 614 1380 in
639 1350 757 1381 matre
783 1358 928 1392 peccas.
966 1349 1074 1391 urget
1098 1346 1182 1379 hinc
1208 1345 1308 1379 1111110
1336 1345 1447 1379 nefas.

576 1404 776 1439 inhibenda
800 1407 923 1438 tamen
950 1407 1014 1448 est,
1042 1415 1193 1448 pergam
1220 1407 1256 1437 et
1282 1403 1435 1447 eripiam
1460 1403 1589 1436 scelus.

235 1474 340 1515 haec
382 1474 463 1516 nisi
506 1473 687 1515 Medicei
735 1473 894 1515 codicis
935 1473 1181 1515 testimonio
1223 1475 1592 1526 suspectarentur,
1637 1486 1742 1513 sana

234 1557 327 1584 esse
361 1544 455 1597 quis
486 1544 696 1598 negaret?
745 1543 821 1584 sed
863 1543 974 1584 enim
1014 1556 1109 1583 cum
1147 1542 1190 1582 in
1222 1555 1271 1583 eo
1301 1556 1379 1595 pro
1414 1555 1590 1592 peryam
1623 1543 1737 1581 extet

235 1627 392 1662 verum,
444 1626 529 1653 non
573 1616 718 1666 potest
765 1611 956 1653 dubitari
1001 1611 1103 1664 quin
1153 1610 1208 1651 sit
1258 1609 1550 1663 reponendum
1594 1623 1741 1651 serum.

235 1681 399 1723 scilicet
431 1681 575 1723 decuit
597 1681 846 1722 Deianiram
878 1679 959 1721 sibi
990 1683 1171 1720 mortem
1204 1679 1469 1720 consciscere
1492 1682 1591 1719 ante
1614 1691 1743 1731 quam

233 1751 368 1804 ipsius
402 1750 529 1804 culpa
560 1755 672 1791 esset
694 1749 906 1790 extinctus
932 1748 1112 1789 Alcides.
1144 1772 1199 1778 -
1229 1761 1359 1801 porro
1383 1747 1532 1788 eodem
1555 1746 1743 1787 carmine

235 1819 309 1861 ubi
342 1819 537 1873 queritur
568 1818 776 1860 Hercules
806 1817 989 1871 inglorio
1029 1831 1122 1858 sese
1164 1816 1250 1857 leto
1284 1815 1508 1866 occubare,
1539 1815 1743 1869 leguntur

234 1888 342 1930 haec
371 1888 415 1929 in
445 1887 697 1929 membrana
728 1887 891 1941 optima
924 1886 1099 1941 [1175]:

784 1966 988 2001 Herculem
1012 1968 1175 2000 vestrum
1202 1965 1326 2009 placet

579 2027 699 2059 morte
725 2024 846 2059 ferire.
891 2023 992 2057 dirus
1018 2035 1037 2057 o
1063 2023 1168 2057 1101110
1193 2021 1323 2067 pudor.

236 2095 400 2150 pariter
432 2094 670 2136 sententiae
701 2093 928 2146 versuique
961 2091 1226 2134 consulueris
1255 2089 1524 2144 reponendo:

786 2173 989 2208 Herculem
1016 2175 1179 2207 vestrum
1202 2172 1327 2216 placet

580 2233 701 2277 perire
725 2229 906 2266 inertem?

238 2301 390 2342 deinde
422 2301 670 2354 exposcenti
701 2300 757 2342 ad
788 2299 1045 2354 supplicium
1076 2298 1325 2340 Deianiram
1356 2297 1525 2352 parenti
1558 2311 1653 2338 cum
1683 2296 1746 2337 ita

236 2370 369 2411 verba
400 2370 589 2412 dedisset
617 2369 768 2424 Hyllus
800 2368 972 2424 [1456]:

583 2460 764 2493 conpesce
790 2448 896 2491 diras,
922 2447 1078 2493 genitor,
1105 2447 1241 2480 irarum
1266 2446 1392 2480 minas.

581 2507 703 2550 habet,
729 2508 967 2551 peractumst.
1005 2517 1094 2550 quas
1120 2504 1215 2549 petis
1241 2515 1379 2548 poenas
1405 2502 1516 2537 dedit.

583 2576 647 2598 sua
671 2566 865 2608 perempta
889 2563 1043 2597 dextera
1065 2565 1183 2596 mater
1207 2562 1313 2604 iacet,

239 2648 322 2675 non
351 2634 460 2675 bene
493 2633 846 2675 existimaverunt
878 2632 915 2672 ei
947 2632 1008 2672 010
1038 2630 1311 2684 respondisse
1342 2629 1594 2671 Herculem:

583 2712 683 2746 caeci
709 2711 865 2746 dolores.
904 2711 1071 2745 manibus
1098 2710 1181 2744 irati
1206 2709 1382 2744 Herculis

583 2769 753 2803 occidere
779 2769 923 2803 meruit.

239 2853 378 2893 neque
408 2839 512 2880 illud
545 2842 675 2888 caeci,
718 2837 832 2891 quod
864 2837 1033 2877 omnino
1066 2835 1285 2886 falsumst,
1322 2834 1365 2874 in
1408 2833 1518 2875 libro
1560 2832 1748 2874 habetur

241 2908 455 2961 Mediceo,
497 2908 570 2949 sed
607 2911 722 2948 recti.
784 2905 932 2959 quidni
968 2903 1204 2946 scribemus
1245 2907 1382 2946 aucti?
1422 2927 1477 2933 -
1519 2904 1748 2956 praeterea
