1898 3292
753 228 871 256 LtssER
891 230 1047 255 Pansvs
1574 223 1652 262 109

144 337 187 375 et
209 332 393 387 elegans,
424 333 497 374 ubi
521 334 794 374 continuetur
816 333 931 374 solus
953 347 1037 374 non
1069 334 1237 374 invenio
1271 334 1352 375 nisi
1374 334 1415 374 in
1445 334 1651 387 opusculo

143 401 329 455 quodam
360 401 520 442 Bacchi
549 401 702 443 honori
737 401 880 443 dicato
914 401 1091 456 [anthol.
1125 402 1251 456 573]:

691 475 762 509 huc
790 475 887 519 ades,
914 475 1047 520 Lyaee,

691 532 872 566 Bassareu
896 533 1068 567 bicornis.

141 609 240 636 nam
271 595 387 649 quod
417 595 526 637 haec
556 595 759 649 leguntur
789 596 833 636 in
863 595 987 646 libro,
1020 610 1146 649 quem
1169 595 1319 636 Caesio
1342 595 1476 637 Basso
1499 596 1652 637 tribuit

141 663 191 705 H.
232 663 415 714 Keilius‚
462 668 510 705 ut
555 663 761 717 pleraque
808 665 850 704 in
898 678 946 705 eo
996 664 1050 705 ad
1092 664 1206 705 hunc
1246 664 1387 705 redire
1431 669 1650 705 auctorem

140 732 433 786 probabilest,
473 733 535 773 ita
575 732 788 785 quaedam
826 732 985 774 ibidem
1014 732 1130 773 haud
1162 733 1290 774 dubie
1325 733 1473 774 addita
1507 737 1650 774 aetate

138 801 265 854 longe
296 801 512 842 inferiore.
575 805 617 842 et
649 815 752 842 sane
785 801 869 842 ista
901 801 1072 842 adiecta
1113 801 1166 842 ab
1207 801 1518 855 interpolatore
1560 803 1650 855 ipse

139 875 262 911 tenor
295 870 439 922 arguit
471 870 684 919 carminis,
719 870 838 911 cuius
860 870 1028 910 initium
1052 869 1264 923 adscripsi
1297 870 1375 924 [gr.
1398 870 1423 910 l.
1454 870 1516 920 VI,
1536 871 1649 924 255}

255 939 468 979 Secuntur
511 939 677 979 numeri
718 938 848 979 ionici
892 952 917 979 a
959 939 1123 979 minori.
1185 952 1206 979 e
1248 939 1342 992 quis
1384 938 1509 991 longe
1554 943 1650 979 sunt

139 1006 420 1057 usitatissimi,
454 1007 527 1059 qui
559 1007 835 1048 anacreontei
867 1007 980 1057 dicti,
1015 1008 1115 1060 quia
1147 1007 1326 1048 multum
1362 1007 1421 1047 eis
1453 1022 1555 1048 usus
1587 1011 1651 1048 est

140 1078 376 1117 Anacreon.
440 1074 516 1117 sed
555 1076 666 1116 enim
694 1075 779 1116 iam
811 1075 985 1129 Sappho
1019 1075 1218 1117 adhibuit
1248 1080 1295 1116 ut
1326 1080 1493 1129 partem
1527 1076 1652 1116 metri

139 1145 365 1199 compositi
396 1145 509 1200 [90]:

369 1221 517 1262 γλυκεῖα
541 1221 666 1261 μᾶτερ7
694 1214 799 1251 οὔτοι
827 1219 831 1262 Ι
861 1213 1020 1261 δύναμαι
1048 1217 1179 1261 κρέκην
1204 1216 1268 1252 τὸν
1294 1219 1403 1252 ἴστον.

255 1282 436 1323 Omnino
463 1282 700 1323 ionicorum
723 1282 844 1322 varia
867 1295 1025 1333 genera
1046 1286 1093 1322 ut
1116 1282 1305 1332 Graecis,
1338 1282 1521 1322 maxime
1553 1286 1651 1335 post

137 1350 429 1392 Alexandrum
462 1350 683 1403 Magnum,
724 1350 786 1390 ita
828 1364 854 1390 a
885 1349 1031 1390 Laevii
1065 1354 1259 1404 tempore
1300 1350 1407 1391 satis
1448 1350 1649 1404 placuere

137 1418 352 1460 Romanis.

254 1486 338 1528 Sed
379 1487 506 1540 longe
541 1486 881 1528 mollissimumst
924 1491 1109 1528 metrum
1157 1487 1492 1540 galliambicum.
1565 1501 1648 1540 quo

138 1556 396 1597 vetustiores
419 1555 601 1596 Romani
622 1569 706 1596 non
730 1560 829 1596 sunt
850 1556 915 1597 usi
937 1556 1019 1596 nisi
1042 1555 1430 1596 Alexandrinorum
1455 1556 1650 1609 exemplo

136 1624 180 1665 in
212 1624 413 1666 laudibus
445 1637 628 1677 magnae
662 1624 767 1665 deae
799 1624 865 1665 vel
898 1624 1011 1665 Attis
1043 1623 1112 1678 [cf.
1142 1624 1493 1674 Martial.11‚sss,
1517 1629 1543 1666 4
1566 1638 1649 1677 sq.;

137 1692 521 1735 'l'e1·entian.2888
554 1693 677 1747 sqq.].
739 1696 842 1734 nota
887 1707 955 1733 res
995 1693 1045 1734 de
1088 1692 1256 1734 Catullo
1301 1697 1342 1734 et
1385 1692 1647 1734 Maecenate.

136 1775 216 1802 nec
253 1761 393 1802 minus
441 1766 624 1815 apparet
665 1761 813 1802 eodem
859 1775 951 1802 esse
992 1765 1245 1814 argumento
1285 1761 1491 1802 Varronis
1538 1775 1648 1814 quae

136 1833 304 1871 restant
333 1828 619 1882 galliambica.
646 1822 648 1824 V
670 1844 769 1871 nam
801 1830 852 1871 de
876 1830 967 1872 Atti
989 1830 1044 1871 ad
1067 1829 1244 1884 Cybeles
1273 1844 1422 1871 nemus
1443 1830 1645 1871 tendente

137 1901 286 1952 aperte
314 1897 432 1939 dicta
460 1902 559 1939 sunt
587 1897 717 1940 haec:

388 1976 452 2006 tua
476 1972 615 2017 templa
641 1972 687 2006 ad
711 1973 783 2006 alta
808 1972 881 2006 fani
906 1984 1109 2017 properans
1137 1973 1231 2007 citus
1257 1973 1360 2007 itere.

137 2034 211 2076 ubi
248 2034 354 2076 illud
399 2038 496 2087 fani
538 2035 780 2077 obscurum.
852 2049 931 2077 nec
976 2049 1061 2077 non
1103 2035 1158 2077 ad
1203 2036 1385 2077 eundem
1431 2036 1647 2090 pertinent

137 2103 346 2156 gallorum
375 2103 527 2145 verba:

385 2172 454 2206 tibi
479 2175 615 2216 typana
641 2184 715 2206 non
740 2172 838 2206 inani
864 2173 987 2206 sonitu
1012 2173 1131 2207 matri⁸
1158 2173 1266 2207 deum

389 2229 550 2263 tonimus
574 2229 716 2268 modos,
744 2230 812 2264 tibi
834 2241 910 2273 nos,
940 2230 1008 2264 tibi
1034 2242 1130 2264 nunc
1156 2231 1325 2265 semiviri.

135 2296 211 2338 ubi
250 2297 384 2338 mirus
424 2301 574 2352 stupor
605 2297 749 2349 Nonii,
792 2299 864 2351 qui
905 2301 1050 2340 libinos
1091 2312 1116 2340 a
1150 2298 1267 2340 tibiis
1304 2303 1433 2353 putat
1474 2299 1646 2340 dictum.

138 2390 191 2395 —-
223 2369 266 2407 et
291 2366 347 2407 ad
380 2367 556 2408 comites
587 2367 721 2420 ipsius
753 2367 997 2418 referenda,
1041 2381 1151 2420 quae
1189 2368 1250 2409 sic
1281 2368 1443 2409 tradita
1475 2371 1573 2408 sunt
1605 2368 1649 2408 in

135 2433 258 2475 libris
296 2433 424 2475 Nonii
470 2435 562 2489 [46,
594 2435 663 2489 14]
706 2440 866 2486 Spatale
907 2437 1089 2490 (spatula
1127 2435 1260 2490 docti)
1306 2439 1475 2477 eviravit
1514 2450 1648 2476 omnes

137 2505 383 2555 venet-ivaqa
416 2517 585 2553 pueros.
637 2503 711 2545 ubi
742 2508 859 2545 recte
882 2504 1122 2545 Vahlenus:
1161 2503 1330 2555 ‘pueros
1362 2503 1647 2556 vener-e'mya'.

137 2584 396 2624 quamquam
438 2572 575 2625 magis
615 2571 761 2625 placet
802 2571 927 2613 illud:
980 2575 1144 2613 I'eneri’
1187 2587 1305 2624 naqa.
1377 2574 1439 2614 ita
1482 2574 1647 2626 priscos

137 2642 179 2679 et
209 2638 397 2680 ferarum
429 2639 589 2681 similes
619 2639 813 2681 homines
847 2640 956 2681 dixit
977 2640 1186 2682 Horatius
1228 2643 1417 2682 Venerem
1450 2645 1645 2682 incertam

136 2710 357 2757 rapientes.
426 2707 610 2761 denique
649 2708 779 2749 etiam
821 2721 847 2749 a
887 2708 1029 2761 gallis,
1071 2709 1171 2750 dum
1213 2709 1488 2750 immaturam
1534 2710 1646 2749 Attis

135 2779 315 2816 mortem
343 2780 630 2817 memorantes
655 2777 777 2829 quasi
799 2775 889 2817 fato
910 2776 1004 2817 fieri
1027 2782 1278 2830 queruntur,
1312 2777 1396 2817 cito
1419 2781 1466 2817 ut
1489 2777 1647 2818 obeant

136 2844 375 2884 amasiones
409 2843 598 2895 dearum,
632 2847 808 2886 cantata
839 2845 959 2886 fuere
990 2844 1098 2887 haec
1131 2846 1256 2899 [Non.
1290 2845 1410 2898 158}

387 2917 438 2951 sic
466 2918 516 2952 sic
543 2918 603 2952 ille
632 2918 775 2962 puellus
801 2918 957 2953 Veneris
986 2922 1138 2963 repente
1165 2918 1276 2952 Adon

388 2974 524 3008 cecidit
548 2979 722 3009 cruentus
749 2976 846 3009 olim.
