1898 3292
219 266 267 303 12
829 273 1107 298 PROHOEMIVM.

331 378 420 418 Iam
453 376 560 416 11300
593 375 776 417 eruditio
808 375 996 416 scholica
1027 379 1233 428 quantum
1267 375 1450 415 valuerit
1491 375 1546 415 ad
1585 379 1722 416 artem

215 449 438 500 poetarum
463 444 684 485 metricam
709 448 752 485 et
783 444 1107 497 grammaticam
1140 444 1227 484 sive
1260 443 1616 484 constituendam‘
1635 444 1721 485 sive

215 513 546 564 immutandam,
593 512 718 553 facile
764 513 925 566 poterit
969 512 1170 566 intellegi.
1240 512 1323 552 hac
1371 512 1481 552 enim
1535 512 1719 565 primum

218 582 414 623 effectast
446 581 687 635 aequalitas
715 581 790 622 illa
812 581 1123 632 observantiae,
1157 594 1284 634 quam
1315 584 1357 621 et
1388 581 1604 634 appetisse
1636 595 1722 622 om-

216 665 290 692 nes
322 650 514 691 videmus
545 650 807 704 pubescente
841 653 933 691 arte
967 653 1009 690 et
1039 651 1151 690 tueri
1175 649 1323 690 eadem
1347 648 1639 690 corroborata.
1668 675 1724 680 —

217 722 399 773 apparet
439 723 584 760 autem
626 733 755 772 quam
795 718 905 759 bene
949 718 1247 759 concinnitatis
1291 717 1479 758 studium
1521 721 1563 758 et
1597 717 1724 759 limae

217 787 438 840 diligentia
470 788 715 828 convenerit
755 787 935 840 ingeniis
968 786 1189 835 Romanis,
1235 786 1437 839 quoniam
1481 800 1552 827 eos
1594 789 1642 827 ut
1682 787 1724 826 in

216 855 391 910 publica
431 870 495 906 re,
537 856 600 897 ita
640 856 683 896 in
726 856 906 897 metrica
949 855 1045 909 plus
1090 855 1319 905 severitate
1356 854 1651 896 institutorum
1685 859 1727 895 et

219 928 406 978 aequata
450 924 564 966 inter
611 938 755 965 omnes
800 923 1014 965 industria
1065 937 1194 976 quam
1245 923 1371 964 unius
1423 926 1499 964 aut
1548 923 1726 964 alterius

218 993 401 1034 hominis
434 993 640 1047 singulari
678 992 947 1047 praestantia
985 995 1027 1033 et
1065 992 1223 1033 eximia
1260 991 1402 1033 indole
1434 991 1625 1045 optinere
1658 1006 1726 1032 ve-

217 1076 311 1103 rum
344 1065 449 1103 erat.

333 1130 416 1171 Sed
448 1144 532 1171 non
563 1130 702 1171 minus
733 1129 908 1171 hercule
937 1143 1064 1183 quam
1098 1129 1152 1170 ad
1184 1128 1484 1170 stabiliendam
1509 1128 1642 1169 valuit
1672 1128 1727 1169 ad

217 1198 512 1240 invertendam
545 1202 682 1240 artem
714 1202 950 1239 metrorum
990 1201 1032 1239 et
1070 1197 1304 1238 dictionum
1346 1197 1726 1250 grammaticorum

219 1267 466 1309 auctoritas.
529 1281 579 1308 ac
609 1267 795 1321 primum
827 1266 998 1320 quidem
1031 1266 1359 1307 certissimumst
1389 1265 1506 1316 illud,
1539 1265 1598 1306 eis
1624 1265 1727 1319 ipsis

219 1335 389 1387 studiis,
427 1350 537 1389 quae
567 1335 621 1377 ab
653 1335 865 1377 Hadriani
898 1335 1094 1377 Caesaris
1126 1339 1318 1388 tempore
1350 1334 1581 1388 plurimum
1613 1333 1728 1387 apud

217 1404 313 1445 11103
337 1404 575 1458 viguerunt,
607 1404 807 1445 nimirum
829 1407 1075 1445 restaurata
1096 1403 1482 1444 vetustissimorum
1510 1402 1728 1453 memoria,

220 1487 330 1526 quae
371 1477 469 1515 ante
514 1487 647 1515 annos
680 1473 745 1514 CL
777 1473 819 1513 111
850 1472 1083 1513 ludibrium
1116 1474 1307 1513 verterat
1341 1475 1383 1512 et
1424 1474 1728 1524 contemptum,

220 1542 417 1583 effectam
448 1542 645 1596 poeticae
677 1541 783 1583 artis
806 1541 1160 1591 immutationem,
1195 1553 1280 1593 qua
1309 1539 1538 1593 plerosque
1570 1539 1655 1580 iam
1686 1539 1729 1579 in

219 1611 369 1652 metris
411 1611 557 1652 Laevii
601 1614 644 1652 et
675 1610 881 1652 Varronis
922 1609 1229 1650 multiformem
1272 1608 1644 1659 numerositatem,
1687 1608 1730 1648 in

221 1679 480 1720 dictionibus
511 1682 587 1720 aut
616 1679 694 1720 hos
727 1678 898 1720 eosdem
941 1682 1016 1719 aut
1048 1677 1182 1719 multo
1216 1677 1345 1718 etiam
1376 1676 1633 1718 vetustiores
1665 1690 1729 1717 se-

221 1751 342 1789 cutos
395 1762 487 1789 esse
535 1747 657 1789 libris
703 1747 840 1801 primo
888 1750 929 1788 et
972 1747 1153 1800 septimo
1203 1744 1579 1787 demonstrabitur.
1652 1759 1731 1786 1100

221 1816 360 1858 minus
393 1830 445 1858 ex
473 1816 829 1857 scholasticorum
850 1815 1023 1870 placitis
1047 1818 1186 1856 ortum
1209 1814 1440 1869 plurimum
1464 1813 1731 1855 differentiae

223 1885 325 1935 eius,
359 1899 444 1938 qua
476 1885 643 1926 classici
675 1899 701 1926 a
732 1884 976 1926 christianis
1008 1884 1289 1937 seiunguntur
1320 1882 1470 1937 poetis.

337 1954 496 1995 Verum
528 1953 643 2007 quod
674 1953 716 1994 in
747 1953 891 2007 priore
921 1953 1107 1994 editione
1136 1951 1336 1993 contendi
1358 1951 1441 1992 duo
1464 1951 1596 2007 fuisse
1617 1951 1731 2004 apud

222 2022 539 2063 Alexandrinos
576 2026 617 2063 et
639 2023 854 2063 Romanos
886 2035 1045 2076 genera
1067 2020 1360 2071 metricorum,
1392 2020 1575 2061 alterum
1606 2019 1731 2073 longe

221 2091 476 2144 prudentius
519 2094 562 2132 et
597 2091 908 2145 praestantius,
951 2091 1070 2131 cuius
1113 2103 1243 2131 curae
1284 2091 1459 2142 praeter
1491 2088 1733 2142 fragmenta

222 2159 482 2213 paucissima
513 2160 733 2213 perierint,
763 2159 946 2201 alterum
981 2158 1264 2212 depravatum
1287 2171 1338 2198 ac
1364 2157 1554 2198 deterius
1586 2156 1732 2207 multo,

224 2228 299 2269 sed
331 2228 451 2270 cuius
492 2228 593 2269 libri
630 2232 809 2282 propter
849 2226 1122 2281 aequabilem
1153 2225 1369 2279 quandam
1402 2224 1656 2266 facilitatem
1690 2228 1733 2266 et

223 2297 566 2339 mediocritatem
598 2300 768 2350 tempus
811 2295 1005 2347 tulerint,
1046 2309 1130 2336 non
1169 2294 1256 2335 iam
1295 2297 1400 2348 puto
1442 2307 1534 2334 esse
1573 2307 1732 2334 verum.

224 2379 323 2406 nam
355 2380 608 2420 persuasum
640 2365 780 2406 habeo
812 2368 948 2406 totam
986 2363 1289 2417 antiquitatem
1320 2362 1455 2404 isdem
1487 2361 1576 2403 fere
1608 2376 1733 2416 prae-

227 2434 363 2488 ceptis
395 2448 594 2476 versuum
622 2433 947 2488 pangendorum
987 2447 1126 2483 usam,
1168 2445 1278 2485 quae
1317 2430 1531 2483 hodieque
1573 2433 1732 2481 extant,

223 2503 423 2556 idemque
479 2502 652 2544 offuisse
703 2502 841 2543 doctis
897 2505 988 2542 tum
1037 2501 1242 2554 temporis
1293 2499 1336 2540 in
1387 2501 1567 2540 metrica
1616 2502 1733 2540 recte

226 2571 495 2613 aestimanda
529 2571 643 2625 quod
674 2571 717 2612 in
748 2570 1042 2624 grammatica,
1073 2569 1155 2611 hoc
1184 2572 1249 2610 est
1269 2567 1529 2622 imperitiam
1552 2567 1732 2608 aliarum

227 2640 418 2682 eiusdem
459 2639 648 2681 familiae
688 2643 863 2694 praeter
903 2638 1115 2680 Graecam
1158 2641 1200 2679 et
1240 2637 1437 2678 Latinam
1478 2635 1732 2688 linguarum.

339 2710 473 2750 Immo
506 2709 649 2749 omnia
691 2709 753 2750 rei
795 2707 999 2749 metricae
1041 2706 1292 2755 summaria,
1336 2704 1608 2758 quantumvis
1650 2704 1735 2744 sint

227 2777 396 2819 diversa
437 2780 601 2828 aetate,
645 2791 740 2818 eum
781 2775 915 2816 multo
962 2775 1088 2829 plura
1128 2774 1319 2815 habeant
1359 2773 1473 2814 mala
1514 2776 1557 2813 et
1586 2772 1734 2826 inepta

227 2860 356 2899 quam
387 2846 501 2887 bona
534 2850 575 2886 et
605 2845 763 2899 proba,
804 2845 989 2897 primum
1020 2843 1163 2884 vivida
1194 2843 1341 2895 lingua
1373 2841 1541 2882 Graeca
1572 2854 1622 2881 ac
1655 2840 1732 2880 La-

226 2915 318 2955 tina
350 2918 392 2956 et
421 2913 676 2955 florentibus
709 2913 861 2954 studiis
892 2914 1118 2966 poetarum
1151 2911 1407 2964 optimorum
1430 2910 1612 2962 ideoque
1635 2922 1733 2949 0011-

226 2982 409 3026 firmatis
450 2982 621 3026 iudiciis
652 2985 851 3024 auctores
890 2980 1091 3021 classicos
1136 2982 1252 3033 (nam
1293 2978 1516 3019 christiani
1554 2977 1734 3018 multum
