1898 3292
719 202 840 226 meaa
861 201 1052 231 QVARTVS.
1557 187 1636 223 369

129 306 382 359 plerumque
425 303 594 345 aliunde
638 303 912 344 excusatione
956 315 1008 341 ne
1052 300 1179 341 huius
1225 298 1396 352 quidem
1443 297 1637 351 exempla

130 374 252 415 desse
283 376 484 414 verumst.
547 385 596 412 eo
638 371 691 412 ob
734 371 872 424 ipsam
913 369 1230 410 deformitatem
1274 367 1495 408 commode
1535 379 1638 407 usus

130 441 344 495 Vergilius
375 441 419 481 in
449 454 495 481 re
528 439 664 480 atroci
696 442 738 479 et
770 437 933 478 inmani
965 435 1249 477 describenda
1287 435 1348 476 sic
1385 434 1437 490 [g.
1466 435 1502 485 Ι,
1535 436 1638 485 281;

129 523 220 551 aen.
253 509 325 559 III,
357 507 476 564 606]:

402 585 459 616 ter
485 584 570 616 sunt
596 581 719 615 conati
745 581 934 623 imponere
961 578 1064 613 Pelio
1091 578 1229 612 Ossam.

404 639 433 673 si
459 650 581 683 pereo,
608 637 795 671 hominum
822 636 989 670 manibus
1014 636 1166 680 periisse
1191 635 1340 669 iuvabit.

244 708 444 749 Ceterum
466 707 796 757 falsissimumst,
821 705 935 759 quod
953 704 1077 758 vulgo
1097 704 1303 745 statuitur
1320 702 1639 744 interiectiones

130 776 457 831 monosyllabas,
488 776 687 828 quoniam
718 788 803 815 non
830 773 1046 815 elidantur
1068 772 1183 826 apud
1206 772 1453 826 dactylicos,
1485 771 1640 811 eximia

131 845 318 898 quadam
351 844 435 885 frui
463 843 665 884 libertate
696 842 855 883 hiandi.
919 841 1033 895 quod
1065 842 1125 882 sic
1158 844 1222 881 est
1253 854 1421 890 verum,
1461 842 1509 880 ut
1539 838 1639 878 illae

133 928 170 962 a,
204 928 224 953 0
255 913 320 954 vel
351 914 394 953 in
426 912 515 953 arsi
547 911 611 952 vel
642 912 683 952 in
715 911 825 952 thesi
854 910 1020 964 possint
1061 923 1235 950 manere
1279 908 1490 961 integrae,
1531 907 1642 948 sicut

130 982 413 1022 Terentianus
447 984 489 1021 et
521 993 804 1021 consonarum
835 983 877 1019 et
909 977 1136 1028 vocalium,
1179 977 1246 1018 vel
1276 976 1471 1018 brevium
1517 974 1640 1031 [3563

132 1054 233 1102 3933
259 1053 363 1101 4003
388 1052 468 1091 528
493 1048 576 1105 al.],
609 1052 734 1089 notas
767 1048 886 1101 ponit
916 1048 959 1087 in
990 1046 1113 1087 hiatu
1136 1050 1178 1087 et
1200 1045 1370 1099 quidem
1394 1044 1640 1099 productas.

132 1131 392 1171 quamquam
431 1118 475 1158 in
517 1117 628 1158 thesi
667 1116 773 1157 illud
812 1119 1047 1169 usurpatur
1088 1114 1329 1164 rarissime,
1370 1113 1487 1154 velut
1527 1112 1642 1166 apud

132 1187 359 1227 Horatium
393 1184 473 1242 [ep.
498 1190 534 1236 5,
558 1184 626 1241 71]
661 1199 685 1225 a
718 1199 755 1233 α,
786 1188 939 1225 soledus
971 1186 1149 1224 ambulat
1179 1187 1380 1232 ueneficae
1411 1184 1641 1222 scientioris

132 1258 312 1296 carmine
356 1259 398 1295 et
438 1253 554 1308 apud
585 1253 781 1294 Ovidium
815 1251 927 1308 [met.
961 1251 1070 1302 XIV,
1104 1250 1202 1307 832]
1247 1264 1267 1291 ο
1301 1257 1337 1290 et
1369 1254 1419 1291 cle
1450 1252 1588 1296 Latia,
1622 1263 1643 1289 0

133 1330 171 1364 et
199 1327 248 1364 de
279 1330 399 1374 {sente
431 1325 596 1363 Semina.
659 1321 774 1374 quod
806 1324 956 1361 contra
986 1323 1064 1360 leezc
1093 1332 1178 1359 non
1209 1332 1414 1371 umquam
1454 1317 1645 1358 admittit

132 1392 297 1432 hiatum
319 1391 435 1444 apud
466 1393 665 1431 auctores
698 1390 911 1431 classicos.
972 1402 1071 1429 nam
1102 1401 1180 1441 pro
1212 1391 1290 1428 heu
1322 1391 1399 1428 heu
1435 1399 1643 1440 reponen-

134 1460 234 1501 dum
264 1459 436 1512 ubique,
471 1462 513 1500 et
541 1458 714 1512 quidem
749 1458 920 1511 saepius
949 1457 1210 1498 auctoritate
1230 1455 1440 1496 librorum
1463 1455 1644 1508 scripto-

134 1543 251 1580 rum,
290 1527 335 1569 id
374 1527 489 1581 quod
531 1531 595 1568 est
637 1531 749 1568 eheu.
821 1540 899 1579 pro
940 1530 1018 1567 heu
1060 1528 1127 1566 ubi
1168 1524 1307 1566 Ovidii
1338 1525 1544 1565 Amorum
1584 1523 1645 1563 III

136 1597 188 1654 [8,
223 1596 311 1653 18],
351 1596 580 1637 Fastorum
610 1595 672 1636 III
702 1599 745 1636 et
776 1595 811 1636 V
855 1593 976 1651 [4853
1010 1593 1134 1650 465],
1180 1593 1307 1634 Statii
1337 1591 1580 1634 Thebaidos
1609 1591 1645 1632 V

136 1664 265 1722 [350],
296 1665 401 1706 item
423 1664 636 1705 Silvarum
666 1663 728 1704 III
762 1662 814 1719 [5,
837 1662 906 1719 44]
943 1666 996 1713 et,
1027 1667 1145 1716 puto,
1177 1661 1439 1715 ubicumque
1460 1659 1647 1702 recurrit

134 1734 252 1785 illud,
285 1733 598 1774 restituendum
629 1736 742 1781 heus,
776 1735 855 1780 ubi,
888 1732 1001 1772 sicut
1025 1735 1141 1772 recte
1164 1731 1208 1771 in
1229 1730 1487 1785 Hypsipyles
1509 1728 1647 1770 fertur

138 1802 324 1857 epistula
357 1800 462 1858 [her.
493 1805 529 1853 6,
562 1800 632 1857 41]
668 1805 781 1850 heus,
816 1803 881 1841 aba*
912 1808 1043 1851 stacia
1077 1803 1209 1849 fides?
1242 1803 1284 1840 et
1314 1799 1485 1839 variant
1515 1797 1647 1838 inter-

137 1871 238 1912 dum
280 1870 380 1912 libri
423 1870 585 1924 scripti.
650 1883 784 1923 quare
826 1869 870 1909 in
908 1869 987 1909 hoc
1030 1868 1134 1908 mihi
1178 1881 1263 1908 non
1309 1866 1506 1908 convenit
1552 1880 1648 1907 cum

139 1939 295 1981 Ottone
327 1938 556 1989 Muellero,
599 1939 673 1991 qui
714 1937 766 1978 de
806 1952 852 1979 re
894 1936 1044 1978 eadem
1076 1936 1165 1990 egit
1196 1935 1251 1977 ad
1283 1935 1413 1977 Theb.
1444 1936 1470 1976 l.
1501 1948 1647 1986 mem.;

139 2008 333 2062 adeoque
366 2008 414 2058 V,
447 2010 529 2048 478
572 2005 764 2047 eiusdem
801 2006 1002 2046 carminis
1042 2004 1269 2058 legendum
1310 2004 1507 2045 existimo
1550 2006 1649 2043 heus

138 2081 295 2118 ilerum.
355 2078 584 2130 praeterea
611 2088 631 2115 ο
662 2075 706 2115 in
738 2078 774 2115 io
805 2088 884 2116 nec
918 2073 1091 2114 eliditur
1132 2087 1336 2126 umquam
1378 2076 1420 2113 et
1460 2071 1651 2113 admittit

138 2145 304 2186 hiatum
335 2145 378 2185 in
409 2143 517 2195 arsi,
562 2143 637 2185 sed
669 2143 900 2184 admodum
934 2156 1052 2193 raro,
1091 2145 1140 2183 ut
1179 2141 1295 2196 apud
1327 2140 1513 2182 Statium
1543 2140 1649 2181 The-

139 2213 290 2255 baidos
321 2213 360 2254 X
395 2211 532 2269 [889];
570 2212 674 2254 item
705 2211 901 2253 Ovidium
932 2211 1104 2252 Metam.
1136 2211 1172 2252 V
1206 2209 1344 2267 [625]:

415 2295 453 2327 et
475 2293 532 2327 bis
558 2289 611 2326 ‘io
637 2288 840 2326 Arethusa’
866 2292 1021 2334 vocavit,
1046 2288 1098 2324 ‘io
1124 2286 1338 2324 Arethusa’.

142 2362 203 2403 sic
233 2362 345 2404 enim
375 2364 493 2402 recte
516 2360 754 2414 Hauptius3
784 2360 828 2401 in
861 2359 1081 2401 codicibus
1114 2363 1199 2400 est:
1234 2366 1273 2399 et
1303 2361 1362 2400 bis
1395 2361 1433 2399 ἑο
1462 2362 1521 2406 A„
1550 2360 1589 2398 io
1606 2360 1650 2398 Α.

142 2433 308 2472 vocandi.
367 2443 498 2484 porro
530 2443 658 2483 saepe
691 2429 735 2470 in
765 2428 1023 2483 hymenaeo,
1067 2427 1143 2469 sed
1174 2427 1358 2469 formula
1387 2440 1490 2468 usus
1521 2429 1652 2475 certa,

143 2498 336 2540 Catullus
367 2497 449 2555 [61,
478 2501 558 2540 120
582 2496 690 2554 sqq.]
723 2497 844 2551 ponit
873 2497 976 2538 hoc:

624 2584 644 2606 0
670 2571 819 2617 Hymen
843 2570 1058 2616 Hymenaee
1083 2571 1130 2614 io,

624 2641 644 2663 o
670 2628 819 2673 Hymen
846 2628 1052 2673 Hymenae.

146 2699 221 2740 ubi
265 2699 375 2740 mira
417 2697 604 2752 quadam
643 2697 887 2751 pervicacia
917 2696 1194 2738 membranae
1227 2695 1390 2737 habent
1419 2699 1457 2735 2'0
1487 2697 1652 2747 Hymen.

146 2767 222 2808 sed
253 2767 364 2809 enim
394 2770 408 2807 i
439 2767 482 2808 in
509 2766 592 2807 hac
622 2766 794 2817 vocula,
825 2770 874 2807 ut
903 2769 946 2807 et
977 2765 1243 2806 Graecorum
1272 2766 1486 2805 monstrat
1515 2776 1654 2803 exem—

146 2836 284 2889 plum,
327 2848 495 2888 semper
530 2834 702 2876 vocalis.
746 2859 801 2864 —
845 2834 1029 2887 denique
1075 2837 1139 2874 eia
1182 2833 1269 2874 sive
1315 2836 1431 2881 heia,
1473 2831 1588 2885 quod
1630 2845 1655 2871 α

150 2904 268 2945 brevi
306 2903 474 2945 videtur
515 2902 645 2944 fuisse
687 2903 953 2957 temporibus
994 2902 1165 2955 optimis
1213 2901 1398 2953 (dicetur
1435 2900 1486 2941 de
1517 2899 1599 2940 hoc
1628 2899 1654 2939 l.

217 2984 457 3014 L.Mue11exi;
485 2984 568 3008 Der.
588 2991 624 3008 m.
644 2984 720 3013 p.L.
1337 2971 1381 3001 :34
