1898 3292
147 295 228 331 300
736 303 854 327 LIBER
875 303 1062 333 QVARTVS.

147 404 378 457 Vergilium
403 404 550 445 eadem
584 406 798 458 reperitur
827 405 868 445 111
903 405 974 455 cis,
998 418 1106 458 quae
1136 409 1231 445 sunt
1265 408 1407 453 ahiem,
1441 409 1651 455 abietibus,

145 477 292 522 ariete,
335 477 502 522 arietat,
541 477 724 524 pariete,
764 477 1015 524 parielibus,
1051 478 1287 525 fluviorum,
1331 479 1465 523 stelio,
1507 479 1652 524 omnia,

141 545 378 593 precatum,
421 555 550 595 porro
591 542 634 582 in
679 556 835 593 (senua,
883 546 1034 591 tenuis,
1083 546 1232 583 lemnia.
1305 547 1504 584 constant
1553 557 1652 585 vero

147 610 344 664 exempla
366 624 543 651 numero
566 610 701 652 XXII.
753 613 982 663 praeterea
1014 614 1161 651 curate
1185 612 1436 664 quaesivere
1459 612 1653 653 homines

143 679 275 728 docti,
320 681 490 719 Lavinia
533 692 586 719 an
633 681 787 719 Lam‘na
828 682 949 719 litora
989 678 1202 732 principio
1245 680 1455 721 Aeneidos
1496 680 1654 721 dixerit

144 747 269 795 idem,
302 747 441 788 multa
461 746 523 787 illi
544 747 587 787 in
609 750 838 800 utramque
865 750 1033 801 partem
1066 747 1337 798 disserentes,
1371 749 1451 789 etsi
1482 749 1653 790 minime

143 816 263 857 locus
305 816 361 857 sit
401 815 669 868 ambigendo.
732 829 782 856 ac
821 816 1006 869 primum
1049 815 1220 870 quidem
1263 816 1397 858 codex
1435 817 1654 859 Romanus

144 899 239 925 cum
262 883 356 925 aliis
384 884 527 925 multis
548 884 682 925 habet
704 887 952 935 Lavinaque,
986 899 1081 925 cum
1103 885 1145 925 in
1170 884 1362 925 Mediceo
1396 886 1567 939 quidem
1600 887 1655 927 sit

148 956 313 994 Lare'm'a
355 952 522 994 adiecto
565 953 685 1005 signo
727 952 896 994 liturae.
968 967 1096 1006 porro
1141 954 1540 1006 grammaticorum,
1582 955 1654 1009 qui

145 1021 333 1062 afferunt
366 1035 554 1072 versum,
597 1021 720 1062 libris
763 1035 1024 1074 quamquam
1065 1022 1293 1075 plurimum
1333 1023 1472 1063 variat
1514 1023 1653 1073 lectio,

144 1094 288 1131 tamen
331 1089 654 1143 antiquissimus
695 1093 847 1131 auctor
890 1089 1052 1131 Gellius
1095 1090 1238 1131 firmat
1270 1094 1518 1142 Lavinaque.
1580 1092 1655 1133 sed

146 1159 248 1212 quid
281 1173 388 1212 opus
419 1158 526 1199 seris
558 1158 826 1209 testimoniis,
860 1173 955 1200 cum
978 1158 1229 1212 Propertius
1260 1159 1351 1212 ipse
1383 1163 1654 1213 pentametro

144 1227 220 1268 tali
260 1226 468 1277 ‘fasciaque
489 1230 655 1268 Lavinis
685 1231 841 1268 moenia
872 1225 1095 1268 lilim-ibns'
1130 1227 1246 1268 haud
1278 1227 1459 1269 obscure
1483 1232 1656 1270 tueatur

144 1295 250 1337 illud
282 1298 450 1337 Lave'na.
514 1310 612 1336 nam
656 1295 769 1349 quod
812 1295 916 1336 dicit
952 1294 1254 1336 Lachmannus
1290 1299 1452 1337 Lavinis
1493 1297 1654 1338 dictum

146 1378 238 1405 esse
269 1378 347 1418 pro
379 1367 577 1413 Laviniis,
620 1378 704 1405 non
740 1365 956 1405 invenitur
988 1364 1104 1418 apud
1134 1364 1263 1405 istum
1297 1366 1535 1406 contractio
1567 1366 1654 1407 illa.

146 1434 219 1486 qui
248 1433 282 1474 si
304 1433 409 1487 legit
431 1436 603 1475 Lavinia
635 1433 751 1487 apud
774 1432 1008 1483 Maronem,
1042 1447 1117 1474 cur
1138 1447 1221 1474 non
1246 1433 1418 1487 scripsit
1447 1432 1657 1486 ‘laesaque

147 1505 291 1543 Lavini
322 1506 479 1543 moenia
511 1499 760 1543 littoribus?
802 1501 1023 1543 descendit
1054 1516 1154 1543 vero
1188 1501 1445 1543 adiectivum
1478 1505 1656 1544 Laminas

146 1585 171 1611 a
207 1570 405 1612 breviore
446 1571 566 1612 urbis
610 1571 779 1612 nomine
810 1574 1025 1620 Larinum,
1070 1584 1154 1624 quo
1197 1585 1300 1612 usus
1341 1575 1405 1612 est
1443 1571 1656 1613 Iuvenalis

146 1641 231 1694 [12,
257 1640 340 1694 71].
393 1643 494 1681 sunt
524 1643 669 1681 autem
691 1642 848 1681 Lauina
876 1643 1014 1681 littora
1047 1639 1196 1680 eadem
1219 1639 1386 1680 ratione
1410 1639 1537 1689 dicta,
1571 1656 1657 1694 qua

145 1708 227 1762 ipsi
256 1707 445 1761 Vergilio
479 1722 676 1759 purpura
710 1711 924 1757 Meliboea,
966 1707 1225 1749 Namatiano
1264 1711 1461 1758 Lepidum
1498 1713 1656 1758 malum,

146 1776 331 1830 Corippo
354 1780 608 1817 lastinianus
631 1791 753 1828 apex,
787 1777 882 1818 aliis
913 1776 1010 1817 alia.
1063 1776 1133 1817 fac
1166 1776 1380 1817 soloecum
1414 1790 1506 1818 esse
1537 1777 1656 1828 illud,

145 1848 290 1886 tamen
319 1846 463 1899 inepte
497 1845 665 1886 (licetur
697 1859 781 1886 non
813 1859 905 1886 esse
934 1845 1145 1895 Latinum,
1180 1844 1294 1898 quod
1325 1848 1391 1885 tot
1424 1846 1657 1899 scriptores

145 1913 289 1954 Latini
321 1914 411 1955 sine
444 1914 678 1955 offensione
709 1913 864 1967 legisse
896 1917 1144 1955 noscuntur.
1207 1917 1252 1954 at
1283 1916 1455 1955 [αυὶηἱα
1488 1918 1530 1955 et
1561 1929 1656 1969 syn-

145 1981 344 2024 haeresin
378 1983 451 2036 qui
485 1982 733 2034 maluerint,
771 1983 830 2024 eis
862 1996 962 2024 vero
994 1982 1177 2036 primum
1213 1982 1400 2023 omnium
1433 1983 1514 2023 erit
1544 1997 1657 2024 com-

149 2051 476 2093 monstrandum
511 2065 770 2105 quemquam
802 2055 1029 2105 poetarum
1062 2051 1369 2102 Romanorum,
1403 2051 1560 2092 nedum
1595 2052 1657 2093 di-

145 2119 475 2172 ligentissimum
505 2120 693 2161 omnium
724 2120 958 2171 Maronem,
989 2120 1032 2160 in
1063 2119 1155 2173 ipso
1188 2119 1310 2172 quasi
1338 2119 1483 2161 limine
1516 2121 1657 2174 operis

146 2192 233 2228 tam
278 2188 435 2241 insigni
482 2203 605 2230 usum
653 2202 745 2230 esse
791 2188 1053 2241 inelegantia
1092 2187 1230 2229 metri.
1302 2191 1417 2229 certe
1459 2189 1657 2230 Valerius

148 2256 340 2307 Flaccus,
373 2257 543 2298 initium
575 2256 676 2298 libri
709 2256 887 2311 synizesi
919 2260 967 2297 ut
997 2270 1049 2297 ne
1091 2256 1365 2309 depravaret,
1407 2259 1518 2297 Iulos
1551 2257 1658 2298 dixit

146 2338 225 2378 pro
247 2328 364 2365 Iuliis
396 2325 444 2379 [I,
468 2326 524 2379 9].
574 2325 701 2379 longe
722 2325 864 2366 rarius
887 2325 1075 2378 Vergilio
1098 2323 1297 2365 adhibuit
1319 2325 1657 2367 contractionem

148 2393 372 2445 Horatius,
406 2394 479 2447 qui
507 2394 629 2448 ponit
658 2394 819 2435 coactis
841 2393 1017 2448 syllabis
1038 2393 1081 2434 in
1103 2392 1366 2434 hexametris
1397 2394 1447 2448 [s.
1471 2393 1501 2443 I,
1526 2398 1562 2445 7,
1587 2398 1657 2446 303

147 2461 199 2512 II,
232 2465 269 2513 8,
304 2465 348 2514 13
381 2465 451 2514 213
485 2476 548 2516 ep.
585 2466 648 2513 12,
683 2463 725 2517 7]
766 2462 840 2503 illa
887 2465 1171 2510 vindemiator,
1206 2465 1437 2510 il'asc'de'eni,
1473 2465 1658 2512 Servilio,

149 2533 281 2579 vietis,
331 2534 562 2584 praeterea
605 2531 648 2571 in
694 2529 1054 2584 hendecasyllabo
1107 2529 1270 2570 alcaico
1312 2530 1365 2584 [c.
1395 2530 1476 2581 III,
1511 2535 1549 2581 4,
1582 2535 1657 2582 413

150 2602 186 2648 6,
221 2599 263 2653 6]
295 2602 505 2640 consilium
538 2602 580 2640 et
609 2603 876 2649 principium.
929 2601 973 2639 at
995 2598 1171 2639 Ovidius
1195 2597 1337 2649 semel,
1368 2612 1453 2640 non
1475 2599 1658 2653 saepius,

150 2666 322 2708 admisit
353 2667 484 2718 idem,
528 2671 570 2708 et
609 2667 780 2720 quidem
817 2667 861 2707 in
891 2665 1361 2707 Transformationibus
1394 2666 1502 2721 [XV‚
1537 2668 1657 2722 718]:

425 2744 461 2775 et
486 2741 593 2775 tellus
620 2741 771 2775 Circaea
799 2744 836 2774 et
861 2740 966 2784 spissi
991 2740 1126 2774 littoris
1151 2739 1316 2774 Antium.

151 2807 301 2844 contra
323 2803 436 2845 idem
457 2818 536 2857 pro
559 2804 694 2845 ariete
717 2803 902 2844 Phrixeo
925 2803 1124 2844 arborem
1148 2804 1428 2844 sustinentem
1461 2804 1551 2845 eius
1572 2804 1658 2844 vel-

150 2871 242 2912 lera
274 2886 357 2913 non
389 2872 479 2913 sine
501 2872 706 2913 scabritie
730 2871 917 2925 quadam
940 2872 1092 2912 maluit
1114 2872 1256 2913 dicere
1288 2872 1404 2926 [met.
1429 2872 1517 2922 VII,
1539 2872 1657 2926 151]:

425 2946 597 2980 dentibus
623 2945 828 2980 horrendus
855 2948 979 2979 custos
1005 2948 1084 2979 erat
1108 2946 1250 2980 arboris
1275 2956 1417 2980 aureae.

150 3013 224 3061 ubi
256 3014 429 3069 quidam
461 3014 560 3056 libri
591 3028 668 3068 per
697 3014 1072 3070 interpolationem
1105 3017 1247 3055 arietis
1278 3017 1408 3055 aurei.
