1898 3292
180 199 224 236 31
238 199 259 235 ‘2
769 206 885 230 mmm
907 206 928 236 Q
938 205 1094 230 VARTvs.

179 308 253 350 sed
284 308 421 361 magis
452 307 661 359 notabile,
694 308 808 361 quod
841 311 1129 349 l'leaelhoneem
1161 308 1299 349 tribus
1329 308 1504 362 syllabis
1537 309 1683 351 dixere

179 377 329 426 Varro,
362 376 429 417 cui
451 376 506 418 ab
530 377 664 417 Atace
695 390 860 426 nomen,
894 379 936 416 et
958 375 1158 417 Manilius
1191 375 1235 431 [1,
1259 376 1368 433 736]
1400 378 1547 430 itaque
1577 381 1682 419 Lau-

178 452 332 486 contem
363 444 589 486 Petronius
619 445 662 485 in
695 444 833 485 halosi
855 443 1008 484 Troiae
1043 443 1125 499 [89,
1149 444 1229 500 43].
1281 445 1342 485 sic
1367 445 1518 486 ultima
1540 449 1683 486 aetate

178 513 436 554 Dracontius
469 512 521 569 [5,
546 516 647 563 2853
677 516 714 563 8,
742 511 836 568 181]
872 514 1093 561 Lam-oum,
1119 515 1295 554 Laucon.
1344 527 1472 566 porro
1494 513 1683 554 incertus

178 584 329 622 auctor
372 580 495 637 [Mey.
525 584 618 631 644,
654 580 690 636 1]
735 579 999 621 ‘Laucontem
1043 584 1193 631 yemine'
1235 584 1471 623 (lislendwzt
1513 585 1684 623 nexibus

178 646 358 700 anyues'
407 652 539 702 atque
579 649 688 689 alius
730 662 866 701 aeque
901 648 1101 701 ignobilis
1140 649 1183 689 in
1227 653 1479 702 argumento
1511 649 1611 691 libri
1642 650 1684 690 ΙΙ

177 716 395 767 Aeneidis,
437 717 551 770 quod
584 720 703 758 extat
730 718 772 757 in
806 716 952 758 codice
985 717 1176 758 Romano
1215 718 1286 772 [cf.
1319 717 1478 759 anthol.
1511 718 1621 759 Ries.
1654 718 1684 768 Ι,

176 799 244 839 pg.
288 786 331 841 2]
386 784 625 827 ‘Laucontis
670 799 843 836 poenam
891 793 928 826 el
978 790 1184 826 laxantem
1230 790 1412 827 clauslra
1458 783 1682 827 Sinonem’.

176 854 261 894 iam
295 868 345 895 ex
377 853 443 894 his
478 853 685 907 exemplis
720 853 904 895 alterum
937 854 1117 895 Latinae
1148 854 1319 908 linguae
1359 858 1533 904 natura,
1575 868 1685 907 quae

177 937 202 963 a
233 937 327 963 cum
360 937 380 963 e
412 922 533 963 iubet
565 921 819 972 coalescere,
843 923 994 972 evenit,
1017 922 1212 973 alterum,
1237 922 1454 964 Odofredo
1478 922 1684 964 Muellero

177 991 211 1031 si
254 990 467 1031 credimus
510 990 582 1045 [ad
618 991 728 1031 Fest.
757 1005 796 1044 p.
833 991 920 1045 18],
968 991 1179 1032 crassiore
1218 991 1491 1032 Aeolensium
1524 991 1683 1032 Doren-

178 1060 374 1112 siumque
404 1059 756 1113 pronuntiatione
790 1060 1002 1109 nascitur,
1043 1059 1124 1100 nisi
1156 1060 1300 1112 potius
1333 1059 1500 1100 dicetur
1531 1059 1612 1100 hoc
1644 1063 1687 1100 et

178 1128 318 1181 ipsum
341 1128 564 1181 proprium
588 1128 891 1178 Romanorum,
925 1128 997 1181 qui
1020 1142 1040 1169 ο
1072 1128 1115 1168 in
1147 1142 1171 1168 u.
1193 1131 1371 1178 mutata,
1402 1131 1532 1181 prout
1553 1127 1686 1168 habes

176 1199 487 1237 Laumedonlem
519 1200 562 1237 et
593 1199 820 1245 Laudice&
864 1211 888 1237 a.
931 1200 1034 1237 nota
1073 1196 1164 1249 lege
1208 1200 1450 1249 correptam
1494 1210 1586 1237 cum
1622 1210 1685 1237 se-

176 1269 333 1318 quente
367 1264 504 1305 vocali
544 1265 787 1318 coiugarint
817 1279 894 1318 per
926 1264 1252 1318 diphthongum.
1315 1265 1388 1305 sed
1421 1264 1507 1305 alia
1538 1263 1685 1305 similis

174 1332 374 1374 licentiae
397 1333 466 1373 vix
487 1333 772 1374 inveniuntur.
824 1347 902 1374 nec
925 1333 1035 1374 enim
1054 1334 1314 1375 Octavianus
1336 1333 1504 1374 videtur
1527 1333 1684 1374 dixisse

176 1402 261 1456 [21,
295 1404 374 1443 202
409 1402 472 1442 ed.
506 1402 596 1456 R.]:

382 1476 553 1520 proditur
578 1475 827 1520 Amphiaraus
853 1478 962 1520 atque
987 1474 1133 1510 Hector
1159 1476 1329 1510 venditur
1356 1488 1456 1519 auro,

177 1526 275 1569 sed:

383 1590 554 1634 proditur
578 1590 826 1635 Amphiaraus
853 1593 891 1624 et
915 1589 1060 1624 Hector
1084 1590 1254 1624 venditur
1279 1603 1379 1625 auro.

176 1678 275 1706 nam
307 1668 350 1706 et
377 1664 485 1706 alias
525 1665 568 1706 in
609 1664 702 1706 cdd.
735 1665 800 1706 vel
845 1665 1154 1718 antiquissimis
1196 1665 1374 1706 confusa
1415 1666 1575 1707 interse
1612 1665 1686 1707 illa

177 1740 311 1785 atque,
345 1741 394 1774 el.

291 1802 347 1842 At
368 1804 575 1842 Laerte'um
604 1815 656 1842 ne
688 1815 765 1855 per
788 1801 1100 1855 diphthongum
1122 1802 1464 1855 pronuntiarent,
1498 1802 1687 1844 Graecos

178 1870 314 1911 secuti
353 1870 499 1911 dixere
532 1870 822 1911 Romanorum
854 1870 1132 1912 vetustissimi
1165 1874 1349 1911 Larlmm
1390 1871 1582 1926 [Quintil.
1617 1871 1687 1922 VI,

180 1942 216 1990 3,
249 1939 334 1994 96].
396 1942 438 1980 et
468 1938 531 1979 ita
562 1939 776 1980 Ausonius
808 1939 959 1993 [XVIL
995 1943 1059 1990 13,
1090 1943 1115 1980 4
1149 1939 1212 1980 ed.
1247 1938 1469 1994 Schenk.]:

385 2021 515 2063 captus
540 2018 691 2063 pellacis
716 2018 912 2053 Lartiadae
938 2019 1088 2053 insidiis.

176 2087 250 2129 ubi
282 2087 489 2128 traditum
522 2090 754 2129 Laerte'ade.
823 2091 973 2129 contra
1011 2088 1055 2128 in
1086 2087 1332 2141 Vergiliano
1364 2087 1438 2129 illo
1473 2088 1584 2142 [aen.
1619 2088 1687 2139 VI,

177 2156 278 2210 802]
318 2154 477 2205 ‘fixerit
507 2159 741 2207 aeripedem
773 2170 932 2197 cervam
961 2154 1093 2205 licet’,
1127 2157 1241 2210 quod
1262 2156 1470 2197 imitando
1495 2170 1688 2210 compro-

177 2224 337 2265 barunt
368 2228 552 2265 metrum
585 2224 798 2265 Martialis
832 2225 923 2279 [1X,
957 2229 1048 2275 101,
1073 2226 1128 2279 7],
1162 2225 1290 2266 Silius
1323 2224 1520 2281 [111‚39]‚
1554 2225 1688 2265 Auso-

177 2293 272 2334 nius
319 2284 389 2348 [de
425 2293 640 2333 aerumnis
684 2292 881 2334 Herculis
913 2307 948 2334 v.
985 2298 1032 2345 43
1076 2293 1127 2334 de
1170 2294 1359 2335 ternario
1391 2306 1568 2334 numero
1605 2292 1689 2349 14],

178 2364 412 2412 aeripedem
460 2360 574 2413 quod
615 2361 740 2402 unico
783 2365 957 2415 stupore
1006 2362 1278 2415 grammatici
1324 2361 1577 2415 metricique
1619 2375 1688 2402 ve-

178 2429 283 2470 tusti
315 2428 674 2482 interpretantur,
717 2429 842 2482 quasi
882 2430 937 2470 sit
978 2430 1085 2471 illud
1115 2427 1355 2481 ἀελλόπους
1384 2430 1529 2483 potius
1560 2443 1688 2483 quam

178 2496 450 2552 χαλκόπους,
500 2497 570 2537 vix
615 2497 698 2538 erit
742 2498 957 2539 mentione
1005 2497 1199 2551 dignum,
1248 2498 1329 2539 etsi
1373 2498 1510 2551 possit
1554 2497 1688 2538 videri

179 2568 377 2606 coactum
420 2564 505 2605 dici
544 2563 650 2605 illud
694 2579 767 2606 aer
809 2565 862 2606 ab
908 2566 1082 2607 Sidonio
1126 2567 1186 2607 sic
1235 2566 1424 2622 [epithal.
1457 2566 1614 2607 Polem.
1648 2569 1691 2607 et

178 2634 306 2674 Aran.
337 2632 406 2689 88]
453 2631 580 2674 ‘hunc
616 2647 752 2674 aerem
799 2638 1045 2685 pariterque
1087 2638 1183 2676 deos
1222 2638 1282 2676 sic
1322 2641 1504 2676 autumat
1541 2631 1688 2683 orlos’,

179 2701 260 2742 nisi
290 2701 435 2755 potius
468 2705 712 2755 correptast
744 2717 779 2743 α.
1507 2743 1512 2746 .

292 2770 383 2810 Iam
422 2769 711 2824 diphthongos
753 2774 807 2821 εἰ,
841 2783 910 2818 eu„
945 2774 1000 2819 οἱ,
1035 2775 1077 2811 ui
1118 2771 1296 2824 antiquo
1340 2774 1455 2812 certe
1496 2774 1689 2824 tempore

178 2837 286 2878 haec
307 2838 574 2891 potissimum
599 2838 732 2880 verba
753 2842 1028 2892 sumpserunt
1049 2838 1204 2880 Latina
1227 2837 1353 2888 ‘dee'n,
1387 2842 1547 2887 deinde,
1577 2842 1689 2879 (lein-

180 2919 294 2958 σερε,
326 2920 418 2956 cecc,
450 2921 547 2955 neu,
578 2921 668 2956 seu,
701 2915 864 2956 neuter,
896 2910 1006 2958 quoi,
1038 2911 1181 2959 proin„
1206 2910 1405 2958 proinde,
1436 2910 1522 2955 cui,
1554 2904 1688 2955 huicss
