<?xml version="1.0" encoding="UTF-8"?>
<!DOCTYPE html PUBLIC "-//W3C//DTD XHTML 1.0 Transitional//EN"
    "http://www.w3.org/TR/xhtml1/DTD/xhtml1-transitional.dtd">
<html xmlns="http://www.w3.org/1999/xhtml" xml:lang="en" lang="en">
 <head>
  <title>
</title>
<meta http-equiv="Content-Type" content="text/html;charset=utf-8" />
  <meta name='ocr-system' content='tesseract 3.04.00' />
  <meta name='ocr-capabilities' content='ocr_page ocr_carea ocr_par ocr_line ocrx_word'/>
</head>
<body>
  <div class='ocr_page' id='page_1' title='image "./deremetricapoeta00mluoft_0086.png"; bbox 0 0 1898 3292; ppageno 0'>
   <div class='ocr_carea' id='block_1_1' title="bbox 268 214 1167 251">
    <p class='ocr_par' dir='ltr' id='par_1_1' title="bbox 268 214 1167 251">
     <span class='ocr_line' id='line_1_1' title="bbox 268 214 1167 251; baseline 0.001 -5"><span class='ocrx_word' id='word_1_1' title='bbox 268 214 320 251; x_wconf 80' lang='grc'>66</span> <span class='ocrx_word' id='word_1_2' title='bbox 874 222 994 247; x_wconf 83' lang='lat' dir='ltr'><strong>LIBER</strong></span> <span class='ocrx_word' id='word_1_3' title='bbox 1012 222 1167 247; x_wconf 66' lang='lat' dir='ltr'><strong>PRIMVS.</strong></span> 
     </span>
    </p>
   </div>
   <div class='ocr_carea' id='block_1_2' title="bbox 261 324 1779 2992">
    <p class='ocr_par' dir='ltr' id='par_1_2' title="bbox 262 324 1779 1755">
     <span class='ocr_line' id='line_1_2' title="bbox 265 324 1776 377; baseline -0.001 -12"><span class='ocrx_word' id='word_1_4' title='bbox 265 324 449 366; x_wconf 88' lang='lat' dir='ltr'>audacia</span> <span class='ocrx_word' id='word_1_5' title='bbox 486 328 527 366; x_wconf 86' lang='lat' dir='ltr'>et</span> <span class='ocrx_word' id='word_1_6' title='bbox 567 325 822 366; x_wconf 85' lang='lat' dir='ltr'>difficultate</span> <span class='ocrx_word' id='word_1_7' title='bbox 863 325 1097 366; x_wconf 79' lang='lat' dir='ltr'><strong>carminum</strong></span> <span class='ocrx_word' id='word_1_8' title='bbox 1142 324 1353 366; x_wconf 75' lang='lat' dir='ltr'>excelluit.</span> <span class='ocrx_word' id='word_1_9' title='bbox 1416 328 1458 365; x_wconf 91' lang='lat' dir='ltr'>et</span> <span class='ocrx_word' id='word_1_10' title='bbox 1499 324 1669 377; x_wconf 86' lang='lat' dir='ltr'>quidem</span> <span class='ocrx_word' id='word_1_11' title='bbox 1715 338 1776 373; x_wconf 65' lang='lat' dir='ltr'>eo,</span> 
     </span>
     <span class='ocr_line' id='line_1_3' title="bbox 265 393 1776 448; baseline -0.001 -14"><span class='ocrx_word' id='word_1_12' title='bbox 265 393 379 447; x_wconf 86' lang='lat' dir='ltr'>quod</span> <span class='ocrx_word' id='word_1_13' title='bbox 419 393 526 444; x_wconf 82' lang='lat' dir='ltr'>dixi,</span> <span class='ocrx_word' id='word_1_14' title='bbox 566 397 761 448; x_wconf 88' lang='lat' dir='ltr'>tempore</span> <span class='ocrx_word' id='word_1_15' title='bbox 802 407 887 434; x_wconf 82' lang='lat' dir='ltr'>non</span> <span class='ocrx_word' id='word_1_16' title='bbox 929 394 1012 435; x_wconf 89' lang='lat' dir='ltr'>alio</span> <span class='ocrx_word' id='word_1_17' title='bbox 1053 394 1208 434; x_wconf 84' lang='lat' dir='ltr'>vixisse</span> <span class='ocrx_word' id='word_1_18' title='bbox 1245 393 1363 434; x_wconf 89' lang='lat' dir='ltr'>illum</span> <span class='ocrx_word' id='word_1_19' title='bbox 1395 397 1443 434; x_wconf 89' lang='lat' dir='ltr'>ut</span> <span class='ocrx_word' id='word_1_20' title='bbox 1475 393 1601 434; x_wconf 90' lang='lat' dir='ltr'>Gellii</span> <span class='ocrx_word' id='word_1_21' title='bbox 1643 393 1776 447; x_wconf 52' lang='lat' dir='ltr'>[xlx</span> 
     </span>
     <span class='ocr_line' id='line_1_4' title="bbox 266 461 1775 517; baseline -0.002 -12"><span class='ocrx_word' id='word_1_22' title='bbox 266 467 303 513; x_wconf 82' lang='grc'>9,</span> <span class='ocrx_word' id='word_1_23' title='bbox 338 463 380 517; x_wconf 89' lang='grc'>7]</span> <span class='ocrx_word' id='word_1_24' title='bbox 413 463 659 503; x_wconf 90' lang='lat' dir='ltr'>testimonio</span> <span class='ocrx_word' id='word_1_25' title='bbox 692 463 797 503; x_wconf 88' lang='lat' dir='ltr'>satis</span> <span class='ocrx_word' id='word_1_26' title='bbox 830 465 982 516; x_wconf 89' lang='lat' dir='ltr'>aperto</span> <span class='ocrx_word' id='word_1_27' title='bbox 1013 476 1107 504; x_wconf 88' lang='lat' dir='ltr'>cum</span> <span class='ocrx_word' id='word_1_28' title='bbox 1131 462 1349 503; x_wconf 74' lang='lat' dir='ltr'>Hortensii</span> <span class='ocrx_word' id='word_1_29' title='bbox 1383 465 1425 503; x_wconf 92' lang='lat' dir='ltr'>et</span> <span class='ocrx_word' id='word_1_30' title='bbox 1447 461 1604 503; x_wconf 89' lang='lat' dir='ltr'>Catulli</span> <span class='ocrx_word' id='word_1_31' title='bbox 1626 461 1775 515; x_wconf 87' lang='lat' dir='ltr'>pleris-</span> 
     </span>
     <span class='ocr_line' id='line_1_5' title="bbox 265 530 1777 584; baseline -0.001 -12"><span class='ocrx_word' id='word_1_32' title='bbox 265 544 348 584; x_wconf 88' lang='lat' dir='ltr'>que</span> <span class='ocrx_word' id='word_1_33' title='bbox 380 530 635 584; x_wconf 76' lang='lat' dir='ltr'>aequalibus</span> <span class='ocrx_word' id='word_1_34' title='bbox 667 531 807 584; x_wconf 86' lang='lat' dir='ltr'>ipsum</span> <span class='ocrx_word' id='word_1_35' title='bbox 837 531 1064 584; x_wconf 80' lang='lat' dir='ltr'>iungentis,</span> <span class='ocrx_word' id='word_1_36' title='bbox 1097 531 1158 572; x_wconf 88' lang='lat' dir='ltr'>ita</span> <span class='ocrx_word' id='word_1_37' title='bbox 1192 531 1306 571; x_wconf 88' lang='lat' dir='ltr'>omni</span> <span class='ocrx_word' id='word_1_38' title='bbox 1338 530 1505 572; x_wconf 87' lang='lat' dir='ltr'>ratione</span> <span class='ocrx_word' id='word_1_39' title='bbox 1537 530 1777 571; x_wconf 88' lang='lat' dir='ltr'>studiorum</span> 
     </span>
     <span class='ocr_line' id='line_1_6' title="bbox 265 599 1776 641; baseline -0.001 0"><span class='ocrx_word' id='word_1_40' title='bbox 265 601 357 641; x_wconf 88' lang='lat' dir='ltr'>eius</span> <span class='ocrx_word' id='word_1_41' title='bbox 380 602 549 641; x_wconf 86' lang='lat' dir='ltr'>constat</span> <span class='ocrx_word' id='word_1_42' title='bbox 570 599 686 641; x_wconf 88' lang='lat' dir='ltr'>haud</span> <span class='ocrx_word' id='word_1_43' title='bbox 710 599 852 640; x_wconf 90' lang='lat' dir='ltr'>dubie.</span> <span class='ocrx_word' id='word_1_44' title='bbox 898 613 995 640; x_wconf 89' lang='lat' dir='ltr'>nam</span> <span class='ocrx_word' id='word_1_45' title='bbox 1021 613 1115 640; x_wconf 88' lang='lat' dir='ltr'>cum</span> <span class='ocrx_word' id='word_1_46' title='bbox 1139 613 1306 640; x_wconf 88' lang='lat' dir='ltr'>summa</span> <span class='ocrx_word' id='word_1_47' title='bbox 1322 599 1524 640; x_wconf 90' lang='lat' dir='ltr'>Laevium</span> <span class='ocrx_word' id='word_1_48' title='bbox 1542 602 1776 640; x_wconf 81' lang='lat' dir='ltr'>metrorum</span> 
     </span>
     <span class='ocr_line' id='line_1_7' title="bbox 264 667 1777 721; baseline -0.002 -11"><span class='ocrx_word' id='word_1_49' title='bbox 264 669 475 710; x_wconf 83' lang='lat' dir='ltr'>varietate</span> <span class='ocrx_word' id='word_1_50' title='bbox 506 682 631 710; x_wconf 87' lang='lat' dir='ltr'>usum</span> <span class='ocrx_word' id='word_1_51' title='bbox 667 681 759 709; x_wconf 88' lang='lat' dir='ltr'>esse</span> <span class='ocrx_word' id='word_1_52' title='bbox 803 672 926 709; x_wconf 87' lang='lat' dir='ltr'>extra</span> <span class='ocrx_word' id='word_1_53' title='bbox 969 668 1305 709; x_wconf 83' lang='lat' dir='ltr'>controversiam</span> <span class='ocrx_word' id='word_1_54' title='bbox 1347 668 1404 709; x_wconf 88' lang='lat' dir='ltr'>sit</span> <span class='ocrx_word' id='word_1_55' title='bbox 1445 667 1651 721; x_wconf 80' lang='lat' dir='ltr'>positum,</span> <span class='ocrx_word' id='word_1_56' title='bbox 1694 680 1777 707; x_wconf 87' lang='lat' dir='ltr'>non</span> 
     </span>
     <span class='ocr_line' id='line_1_8' title="bbox 263 736 1779 791; baseline -0.001 -13"><span class='ocrx_word' id='word_1_57' title='bbox 263 741 408 791; x_wconf 88' lang='lat' dir='ltr'>potest</span> <span class='ocrx_word' id='word_1_58' title='bbox 449 737 544 778; x_wconf 90' lang='lat' dir='ltr'>fieri</span> <span class='ocrx_word' id='word_1_59' title='bbox 585 737 687 790; x_wconf 91' lang='lat' dir='ltr'>quin</span> <span class='ocrx_word' id='word_1_60' title='bbox 730 737 885 778; x_wconf 85' lang='lat' dir='ltr'>vixerit</span> <span class='ocrx_word' id='word_1_61' title='bbox 924 736 994 778; x_wconf 90' lang='lat' dir='ltr'>ille</span> <span class='ocrx_word' id='word_1_62' title='bbox 1026 740 1102 778; x_wconf 88' lang='lat' dir='ltr'>aut</span> <span class='ocrx_word' id='word_1_63' title='bbox 1137 740 1236 778; x_wconf 88' lang='lat' dir='ltr'>ante</span> <span class='ocrx_word' id='word_1_64' title='bbox 1268 737 1451 790; x_wconf 86' lang='lat' dir='ltr'>Augusti</span> <span class='ocrx_word' id='word_1_65' title='bbox 1485 740 1672 777; x_wconf 88' lang='lat' dir='ltr'>aetatem</span> <span class='ocrx_word' id='word_1_66' title='bbox 1703 739 1779 777; x_wconf 88' lang='lat' dir='ltr'>aut</span> 
     </span>
     <span class='ocr_line' id='line_1_9' title="bbox 263 804 1777 860; baseline -0.001 -13"><span class='ocrx_word' id='word_1_67' title='bbox 263 810 362 860; x_wconf 88' lang='lat' dir='ltr'>post</span> <span class='ocrx_word' id='word_1_68' title='bbox 402 806 624 847; x_wconf 89' lang='lat' dir='ltr'>Hadriani.</span> <span class='ocrx_word' id='word_1_69' title='bbox 687 805 761 847; x_wconf 89' lang='lat' dir='ltr'>sed</span> <span class='ocrx_word' id='word_1_70' title='bbox 804 806 915 847; x_wconf 87' lang='lat' dir='ltr'>enim</span> <span class='ocrx_word' id='word_1_71' title='bbox 956 819 1052 847; x_wconf 89' lang='lat' dir='ltr'>eum</span> <span class='ocrx_word' id='word_1_72' title='bbox 1094 819 1177 846; x_wconf 90' lang='lat' dir='ltr'>non</span> <span class='ocrx_word' id='word_1_73' title='bbox 1222 806 1417 846; x_wconf 88' lang='lat' dir='ltr'>Anniano</span> <span class='ocrx_word' id='word_1_74' title='bbox 1460 804 1606 855; x_wconf 83' lang='lat' dir='ltr'>modo,</span> <span class='ocrx_word' id='word_1_75' title='bbox 1648 805 1777 845; x_wconf 87' lang='lat' dir='ltr'>etiam</span> 
     </span>
     <span class='ocr_line' id='line_1_10' title="bbox 268 873 1777 929; baseline -0.001 -13"><span class='ocrx_word' id='word_1_76' title='bbox 268 875 446 916; x_wconf 85' lang='lat' dir='ltr'>Horatio</span> <span class='ocrx_word' id='word_1_77' title='bbox 490 875 621 916; x_wconf 85' lang='lat' dir='ltr'>fuisse</span> <span class='ocrx_word' id='word_1_78' title='bbox 665 875 853 928; x_wconf 84' lang='lat' dir='ltr'>priorem</span> <span class='ocrx_word' id='word_1_79' title='bbox 892 874 1069 915; x_wconf 89' lang='lat' dir='ltr'>Ausonii</span> <span class='ocrx_word' id='word_1_80' title='bbox 1110 877 1152 915; x_wconf 91' lang='lat' dir='ltr'>et</span> <span class='ocrx_word' id='word_1_81' title='bbox 1194 874 1502 929; x_wconf 84' lang='lat' dir='ltr'>Porphyrionis</span> <span class='ocrx_word' id='word_1_82' title='bbox 1549 873 1636 928; x_wconf 86' lang='lat' dir='ltr'>[fin.</span> <span class='ocrx_word' id='word_1_83' title='bbox 1669 877 1777 914; x_wconf 88' lang='lat' dir='ltr'>cent.</span> 
     </span>
     <span class='ocr_line' id='line_1_11' title="bbox 265 942 1778 997; baseline -0.001 -13"><span class='ocrx_word' id='word_1_84' title='bbox 265 947 407 997; x_wconf 83' lang='lat' dir='ltr'>nupt.;</span> <span class='ocrx_word' id='word_1_85' title='bbox 450 943 506 985; x_wconf 88' lang='lat' dir='ltr'>ad</span> <span class='ocrx_word' id='word_1_86' title='bbox 547 943 648 984; x_wconf 93' lang='lat' dir='ltr'>Hor.</span> <span class='ocrx_word' id='word_1_87' title='bbox 682 957 716 984; x_wconf 91' lang='lat' dir='ltr'>c.</span> <span class='ocrx_word' id='word_1_88' title='bbox 748 943 819 994; x_wconf 85' lang='grc' dir='ltr'>ΙΙΙ,</span> <span class='ocrx_word' id='word_1_89' title='bbox 855 947 889 993; x_wconf 86' lang='grc'>1,</span> <span class='ocrx_word' id='word_1_90' title='bbox 923 943 967 997; x_wconf 84' lang='grc'>2]</span> <span class='ocrx_word' id='word_1_91' title='bbox 1009 942 1207 984; x_wconf 86' lang='lat' dir='ltr'>firmatur</span> <span class='ocrx_word' id='word_1_92' title='bbox 1250 943 1519 984; x_wconf 74' lang='lat' dir='ltr'>testimoniis.</span> <span class='ocrx_word' id='word_1_93' title='bbox 1588 946 1778 983; x_wconf 87' lang='lat' dir='ltr'>ceterum</span> 
     </span>
     <span class='ocr_line' id='line_1_12' title="bbox 265 1011 1777 1065; baseline -0.001 -12"><span class='ocrx_word' id='word_1_94' title='bbox 265 1012 379 1065; x_wconf 93' lang='lat' dir='ltr'>quod</span> <span class='ocrx_word' id='word_1_95' title='bbox 404 1013 617 1054; x_wconf 86' lang='lat' dir='ltr'>Ausonius</span> <span class='ocrx_word' id='word_1_96' title='bbox 639 1015 766 1053; x_wconf 85' lang='lat' dir='ltr'>vocat</span> <span class='ocrx_word' id='word_1_97' title='bbox 786 1015 961 1065; x_wconf 86' lang='lat' dir='ltr'>poetam</span> <span class='ocrx_word' id='word_1_98' title='bbox 984 1012 1343 1064; x_wconf 70' lang='lat' dir='ltr'>antiquissimum,</span> <span class='ocrx_word' id='word_1_99' title='bbox 1366 1011 1409 1052; x_wconf 92' lang='lat' dir='ltr'>id</span> <span class='ocrx_word' id='word_1_100' title='bbox 1430 1011 1606 1053; x_wconf 84' lang='lat' dir='ltr'>hercule</span> <span class='ocrx_word' id='word_1_101' title='bbox 1629 1011 1777 1052; x_wconf 88' lang='lat' dir='ltr'>eodem</span> 
     </span>
     <span class='ocr_line' id='line_1_13' title="bbox 263 1080 1778 1135; baseline -0.001 -13"><span class='ocrx_word' id='word_1_102' title='bbox 263 1082 356 1122; x_wconf 89' lang='lat' dir='ltr'>iure</span> <span class='ocrx_word' id='word_1_103' title='bbox 391 1081 442 1122; x_wconf 93' lang='lat' dir='ltr'>de</span> <span class='ocrx_word' id='word_1_104' title='bbox 475 1095 524 1123; x_wconf 93' lang='lat' dir='ltr'>eo</span> <span class='ocrx_word' id='word_1_105' title='bbox 558 1081 700 1135; x_wconf 90' lang='lat' dir='ltr'>potuit</span> <span class='ocrx_word' id='word_1_106' title='bbox 734 1081 818 1122; x_wconf 90' lang='lat' dir='ltr'>dici</span> <span class='ocrx_word' id='word_1_107' title='bbox 851 1080 923 1134; x_wconf 91' lang='lat' dir='ltr'>qui</span> <span class='ocrx_word' id='word_1_108' title='bbox 954 1080 1051 1134; x_wconf 90' lang='lat' dir='ltr'>plus</span> <span class='ocrx_word' id='word_1_109' title='bbox 1082 1080 1214 1122; x_wconf 83' lang='lat' dir='ltr'>CCCC</span> <span class='ocrx_word' id='word_1_110' title='bbox 1246 1081 1368 1122; x_wconf 87' lang='lat' dir='ltr'>annis</span> <span class='ocrx_word' id='word_1_111' title='bbox 1403 1081 1510 1122; x_wconf 88' lang='lat' dir='ltr'>vixit</span> <span class='ocrx_word' id='word_1_112' title='bbox 1541 1084 1657 1132; x_wconf 84' lang='lat' dir='ltr'>ante,</span> <span class='ocrx_word' id='word_1_113' title='bbox 1694 1094 1778 1134; x_wconf 90' lang='lat' dir='ltr'>quo</span> 
     </span>
     <span class='ocr_line' id='line_1_14' title="bbox 267 1149 1777 1204; baseline -0.001 -13"><span class='ocrx_word' id='word_1_114' title='bbox 267 1150 474 1191; x_wconf 80' lang='lat' dir='ltr'>Horatius</span> <span class='ocrx_word' id='word_1_115' title='bbox 507 1150 615 1191; x_wconf 91' lang='lat' dir='ltr'>Livii</span> <span class='ocrx_word' id='word_1_116' title='bbox 649 1153 691 1191; x_wconf 90' lang='lat' dir='ltr'>et</span> <span class='ocrx_word' id='word_1_117' title='bbox 727 1149 1042 1202; x_wconf 85' lang='lat' dir='ltr'>insequentium</span> <span class='ocrx_word' id='word_1_118' title='bbox 1086 1163 1221 1203; x_wconf 87' lang='lat' dir='ltr'>usque</span> <span class='ocrx_word' id='word_1_119' title='bbox 1254 1149 1309 1191; x_wconf 84' lang='lat' dir='ltr'>ad</span> <span class='ocrx_word' id='word_1_120' title='bbox 1341 1150 1517 1191; x_wconf 80' lang='lat' dir='ltr'>Accium</span> <span class='ocrx_word' id='word_1_121' title='bbox 1549 1153 1777 1204; x_wconf 89' lang='lat' dir='ltr'>poetarum</span> 
     </span>
     <span class='ocr_line' id='line_1_15' title="bbox 264 1217 1778 1273; baseline -0.001 -13"><span class='ocrx_word' id='word_1_122' title='bbox 264 1220 428 1273; x_wconf 84' lang='lat' dir='ltr'>scripta</span> <span class='ocrx_word' id='word_1_123' title='bbox 459 1219 581 1273; x_wconf 89' lang='lat' dir='ltr'>ponit</span> <span class='ocrx_word' id='word_1_124' title='bbox 611 1219 724 1260; x_wconf 83' lang='lat' dir='ltr'>inter</span> <span class='ocrx_word' id='word_1_125' title='bbox 754 1218 1055 1271; x_wconf 87' lang='lat' dir='ltr'>antiquissima</span> <span class='ocrx_word' id='word_1_126' title='bbox 1087 1218 1170 1272; x_wconf 87' lang='lat' dir='ltr'>[ep.</span> <span class='ocrx_word' id='word_1_127' title='bbox 1202 1218 1253 1270; x_wconf 93' lang='grc' dir='ltr'>ΙΙ,</span> <span class='ocrx_word' id='word_1_128' title='bbox 1290 1223 1325 1270; x_wconf 94' lang='grc'>1,</span> <span class='ocrx_word' id='word_1_129' title='bbox 1359 1222 1411 1261; x_wconf 80' lang='grc'>28</span> <span class='ocrx_word' id='word_1_130' title='bbox 1435 1219 1546 1273; x_wconf 82' lang='lat' dir='ltr'>sqq]</span> <span class='ocrx_word' id='word_1_131' title='bbox 1580 1222 1622 1260; x_wconf 91' lang='lat' dir='ltr'>et</span> <span class='ocrx_word' id='word_1_132' title='bbox 1653 1217 1778 1259; x_wconf 90' lang='lat' dir='ltr'>Tibe-</span> 
     </span>
     <span class='ocr_line' id='line_1_16' title="bbox 263 1287 1778 1342; baseline -0.001 -14"><span class='ocrx_word' id='word_1_133' title='bbox 263 1288 352 1329; x_wconf 91' lang='lat' dir='ltr'>rius</span> <span class='ocrx_word' id='word_1_134' title='bbox 386 1291 581 1329; x_wconf 89' lang='lat' dir='ltr'>oratores</span> <span class='ocrx_word' id='word_1_135' title='bbox 610 1287 817 1342; x_wconf 87' lang='lat' dir='ltr'>temporis</span> <span class='ocrx_word' id='word_1_136' title='bbox 850 1287 1119 1328; x_wconf 88' lang='lat' dir='ltr'>Ciceroniani</span> <span class='ocrx_word' id='word_1_137' title='bbox 1154 1287 1271 1341; x_wconf 88' lang='lat' dir='ltr'>[Tac.</span> <span class='ocrx_word' id='word_1_138' title='bbox 1295 1302 1391 1328; x_wconf 89' lang='lat' dir='ltr'>ann.</span> <span class='ocrx_word' id='word_1_139' title='bbox 1414 1288 1467 1338; x_wconf 84' lang='grc' dir='ltr'>ΙΙ,</span> <span class='ocrx_word' id='word_1_140' title='bbox 1489 1288 1582 1342; x_wconf 84' lang='grc'>83],</span> <span class='ocrx_word' id='word_1_141' title='bbox 1616 1287 1778 1329; x_wconf 88' lang='lat' dir='ltr'>Plinius</span> 
     </span>
     <span class='ocr_line' id='line_1_17' title="bbox 266 1355 1779 1411; baseline -0.001 -14"><span class='ocrx_word' id='word_1_142' title='bbox 266 1357 350 1411; x_wconf 88' lang='lat' dir='ltr'>[ep.</span> <span class='ocrx_word' id='word_1_143' title='bbox 383 1357 455 1407; x_wconf 80' lang='lat' dir='ltr'>IX,</span> <span class='ocrx_word' id='word_1_144' title='bbox 480 1360 546 1407; x_wconf 94' lang='grc'>22,</span> <span class='ocrx_word' id='word_1_145' title='bbox 573 1357 614 1411; x_wconf 88' lang='grc'>1]</span> <span class='ocrx_word' id='word_1_146' title='bbox 646 1360 799 1410; x_wconf 89' lang='lat' dir='ltr'>poetas</span> <span class='ocrx_word' id='word_1_147' title='bbox 831 1356 1026 1410; x_wconf 89' lang='lat' dir='ltr'>Augusto</span> <span class='ocrx_word' id='word_1_148' title='bbox 1057 1355 1261 1409; x_wconf 75' lang='lat' dir='ltr'>aequales</span> <span class='ocrx_word' id='word_1_149' title='bbox 1293 1356 1403 1397; x_wconf 84' lang='lat' dir='ltr'>dixit</span> <span class='ocrx_word' id='word_1_150' title='bbox 1432 1360 1611 1398; x_wconf 85' lang='lat' dir='ltr'>veteres.</span> <span class='ocrx_word' id='word_1_151' title='bbox 1672 1355 1779 1397; x_wconf 90' lang='lat' dir='ltr'>illud</span> 
     </span>
     <span class='ocr_line' id='line_1_18' title="bbox 264 1425 1778 1479; baseline -0.001 -13"><span class='ocrx_word' id='word_1_152' title='bbox 264 1425 376 1466; x_wconf 88' lang='lat' dir='ltr'>enim</span> <span class='ocrx_word' id='word_1_153' title='bbox 399 1425 549 1466; x_wconf 88' lang='lat' dir='ltr'>omitto</span> <span class='ocrx_word' id='word_1_154' title='bbox 574 1425 689 1479; x_wconf 85' lang='lat' dir='ltr'>quod</span> <span class='ocrx_word' id='word_1_155' title='bbox 712 1425 817 1466; x_wconf 87' lang='lat' dir='ltr'>satis</span> <span class='ocrx_word' id='word_1_156' title='bbox 840 1428 1011 1466; x_wconf 87' lang='lat' dir='ltr'>constat</span> <span class='ocrx_word' id='word_1_157' title='bbox 1033 1425 1247 1466; x_wconf 78' lang='lat' dir='ltr'>modicam</span> <span class='ocrx_word' id='word_1_158' title='bbox 1270 1425 1501 1466; x_wconf 82' lang='lat' dir='ltr'>admodum</span> <span class='ocrx_word' id='word_1_159' title='bbox 1524 1426 1565 1466; x_wconf 90' lang='lat' dir='ltr'>in</span> <span class='ocrx_word' id='word_1_160' title='bbox 1590 1425 1778 1467; x_wconf 88' lang='lat' dir='ltr'>Ausonio</span> 
     </span>
     <span class='ocr_line' id='line_1_19' title="bbox 262 1494 1779 1548; baseline -0.001 -13"><span class='ocrx_word' id='word_1_161' title='bbox 262 1498 488 1548; x_wconf 86' lang='lat' dir='ltr'>poetarum</span> <span class='ocrx_word' id='word_1_162' title='bbox 532 1495 726 1548; x_wconf 88' lang='lat' dir='ltr'>Augusto</span> <span class='ocrx_word' id='word_1_163' title='bbox 772 1494 964 1548; x_wconf 86' lang='lat' dir='ltr'>priorum</span> <span class='ocrx_word' id='word_1_164' title='bbox 1018 1494 1150 1536; x_wconf 91' lang='lat' dir='ltr'>fuisse</span> <span class='ocrx_word' id='word_1_165' title='bbox 1202 1494 1403 1548; x_wconf 83' lang='lat' dir='ltr'>peritiam</span> <span class='ocrx_word' id='word_1_166' title='bbox 1454 1508 1592 1548; x_wconf 89' lang='lat' dir='ltr'>neque</span> <span class='ocrx_word' id='word_1_167' title='bbox 1633 1494 1779 1535; x_wconf 81' lang='lat' dir='ltr'>Laevii</span> 
     </span>
     <span class='ocr_line' id='line_1_20' title="bbox 263 1562 1778 1617; baseline 0.001 -14"><span class='ocrx_word' id='word_1_168' title='bbox 263 1563 400 1616; x_wconf 90' lang='lat' dir='ltr'>magis</span> <span class='ocrx_word' id='word_1_169' title='bbox 430 1576 559 1616; x_wconf 91' lang='lat' dir='ltr'>quam</span> <span class='ocrx_word' id='word_1_170' title='bbox 592 1562 744 1604; x_wconf 88' lang='lat' dir='ltr'>Lucilii</span> <span class='ocrx_word' id='word_1_171' title='bbox 785 1562 850 1604; x_wconf 82' lang='lat' dir='ltr'>vel</span> <span class='ocrx_word' id='word_1_172' title='bbox 883 1563 1008 1604; x_wconf 89' lang='lat' dir='ltr'>Ennii</span> <span class='ocrx_word' id='word_1_173' title='bbox 1051 1564 1221 1617; x_wconf 86' lang='lat' dir='ltr'>integra</span> <span class='ocrx_word' id='word_1_174' title='bbox 1262 1563 1299 1604; x_wconf 90' lang='lat' dir='ltr'>ei</span> <span class='ocrx_word' id='word_1_175' title='bbox 1334 1563 1572 1604; x_wconf 85' lang='lat' dir='ltr'>innotuisse</span> <span class='ocrx_word' id='word_1_176' title='bbox 1605 1563 1778 1616; x_wconf 82' lang='lat' dir='ltr'>scripta,</span> 
     </span>
     <span class='ocr_line' id='line_1_21' title="bbox 265 1631 1777 1686; baseline 0 -13"><span class='ocrx_word' id='word_1_177' title='bbox 265 1632 340 1673; x_wconf 88' lang='lat' dir='ltr'>sed</span> <span class='ocrx_word' id='word_1_178' title='bbox 372 1631 664 1685; x_wconf 83' lang='lat' dir='ltr'>anthologiam</span> <span class='ocrx_word' id='word_1_179' title='bbox 697 1631 914 1685; x_wconf 88' lang='lat' dir='ltr'>quandam</span> <span class='ocrx_word' id='word_1_180' title='bbox 945 1635 1194 1686; x_wconf 85' lang='lat' dir='ltr'>excerptam</span> <span class='ocrx_word' id='word_1_181' title='bbox 1226 1645 1277 1673; x_wconf 81' lang='lat' dir='ltr'>ex</span> <span class='ocrx_word' id='word_1_182' title='bbox 1321 1632 1583 1674; x_wconf 81' lang='lat' dir='ltr'>carminibus</span> <span class='ocrx_word' id='word_1_183' title='bbox 1626 1631 1777 1673; x_wconf 89' lang='lat' dir='ltr'>horum</span> 
     </span>
     <span class='ocr_line' id='line_1_22' title="bbox 264 1700 1324 1755; baseline 0.001 -14"><span class='ocrx_word' id='word_1_184' title='bbox 264 1701 533 1754; x_wconf 87' lang='lat' dir='ltr'>aliorumque</span> <span class='ocrx_word' id='word_1_185' title='bbox 564 1700 729 1742; x_wconf 84' lang='lat' dir='ltr'>liberae</span> <span class='ocrx_word' id='word_1_186' title='bbox 760 1701 822 1742; x_wconf 92' lang='lat' dir='ltr'>rei</span> <span class='ocrx_word' id='word_1_187' title='bbox 854 1700 1054 1755; x_wconf 88' lang='lat' dir='ltr'>publicae</span> <span class='ocrx_word' id='word_1_188' title='bbox 1087 1705 1324 1742; x_wconf 87' lang='lat' dir='ltr'>auctorum.</span> 
     </span>
    </p>

    <p class='ocr_par' dir='ltr' id='par_1_3' title="bbox 261 1769 1779 2992">
     <span class='ocr_line' id='line_1_23' title="bbox 377 1769 1777 1824; baseline 0 -14"><span class='ocrx_word' id='word_1_189' title='bbox 377 1769 506 1811; x_wconf 86' lang='lat' dir='ltr'>Venit</span> <span class='ocrx_word' id='word_1_190' title='bbox 553 1773 698 1811; x_wconf 90' lang='lat' dir='ltr'>autem</span> <span class='ocrx_word' id='word_1_191' title='bbox 744 1769 799 1810; x_wconf 87' lang='lat' dir='ltr'>ad</span> <span class='ocrx_word' id='word_1_192' title='bbox 840 1783 917 1810; x_wconf 89' lang='lat' dir='ltr'>nos</span> <span class='ocrx_word' id='word_1_193' title='bbox 963 1770 1119 1811; x_wconf 87' lang='lat' dir='ltr'>notitia</span> <span class='ocrx_word' id='word_1_194' title='bbox 1168 1769 1349 1811; x_wconf 88' lang='lat' dir='ltr'>duorum</span> <span class='ocrx_word' id='word_1_195' title='bbox 1390 1769 1536 1811; x_wconf 87' lang='lat' dir='ltr'>Laevii</span> <span class='ocrx_word' id='word_1_196' title='bbox 1587 1783 1777 1824; x_wconf 79' lang='lat' dir='ltr'>operum,</span> 
     </span>
     <span class='ocr_line' id='line_1_24' title="bbox 264 1838 1774 1892; baseline -0.001 -12"><span class='ocrx_word' id='word_1_197' title='bbox 264 1852 445 1892; x_wconf 89' lang='lat' dir='ltr'>quorum</span> <span class='ocrx_word' id='word_1_198' title='bbox 488 1838 614 1879; x_wconf 86' lang='lat' dir='ltr'>alteri</span> <span class='ocrx_word' id='word_1_199' title='bbox 653 1841 1005 1890; x_wconf 68' lang='lat' dir='ltr'>Erotopaeqniffle,</span> <span class='ocrx_word' id='word_1_200' title='bbox 1038 1842 1291 1891; x_wconf 73' lang='lat' dir='ltr'>Polymetron</span> <span class='ocrx_word' id='word_1_201' title='bbox 1334 1839 1459 1880; x_wconf 91' lang='lat' dir='ltr'>alteri</span> <span class='ocrx_word' id='word_1_202' title='bbox 1496 1838 1579 1879; x_wconf 82' lang='lat' dir='ltr'>fuit</span> <span class='ocrx_word' id='word_1_203' title='bbox 1609 1852 1774 1879; x_wconf 87' lang='lat' dir='ltr'>nomen.</span> 
     </span>
     <span class='ocr_line' id='line_1_25' title="bbox 263 1906 1778 1962; baseline -0.001 -13"><span class='ocrx_word' id='word_1_204' title='bbox 263 1907 581 1962; x_wconf 85' lang='lat' dir='ltr'>Erotopaegnia</span> <span class='ocrx_word' id='word_1_205' title='bbox 620 1907 856 1961; x_wconf 87' lang='lat' dir='ltr'>complesse</span> <span class='ocrx_word' id='word_1_206' title='bbox 891 1907 1108 1949; x_wconf 81' lang='lat' dir='ltr'>volumina</span> <span class='ocrx_word' id='word_1_207' title='bbox 1143 1922 1227 1949; x_wconf 90' lang='lat' dir='ltr'>non</span> <span class='ocrx_word' id='word_1_208' title='bbox 1265 1908 1404 1949; x_wconf 88' lang='lat' dir='ltr'>minus</span> <span class='ocrx_word' id='word_1_209' title='bbox 1442 1908 1554 1949; x_wconf 91' lang='lat' dir='ltr'>senis</span> <span class='ocrx_word' id='word_1_210' title='bbox 1592 1906 1778 1948; x_wconf 83' lang='lat' dir='ltr'>Charisii</span> 
     </span>
     <span class='ocr_line' id='line_1_26' title="bbox 263 1975 1776 2031; baseline -0.001 -14"><span class='ocrx_word' id='word_1_211' title='bbox 263 1975 375 2031; x_wconf 60' lang='lat' dir='ltr'>[ginl.</span> <span class='ocrx_word' id='word_1_212' title='bbox 396 1977 426 2028; x_wconf 91' lang='grc' dir='ltr'>Ι,</span> <span class='ocrx_word' id='word_1_213' title='bbox 450 1976 550 2031; x_wconf 84' lang='grc'>204]</span> <span class='ocrx_word' id='word_1_214' title='bbox 583 1976 792 2018; x_wconf 86' lang='lat' dir='ltr'>asseritur</span> <span class='ocrx_word' id='word_1_215' title='bbox 821 1977 1094 2018; x_wconf 89' lang='lat' dir='ltr'>auctoritate.</span> <span class='ocrx_word' id='word_1_216' title='bbox 1146 1977 1219 2030; x_wconf 90' lang='lat' dir='ltr'>qui</span> <span class='ocrx_word' id='word_1_217' title='bbox 1243 1990 1339 2017; x_wconf 89' lang='lat' dir='ltr'>cum</span> <span class='ocrx_word' id='word_1_218' title='bbox 1357 1976 1612 2018; x_wconf 87' lang='lat' dir='ltr'>Phoenicem</span> <span class='ocrx_word' id='word_1_219' title='bbox 1636 1976 1776 2017; x_wconf 75' lang='lat' dir='ltr'>novis-</span> 
     </span>
     <span class='ocr_line' id='line_1_27' title="bbox 263 2045 1777 2099; baseline -0.001 -13"><span class='ocrx_word' id='word_1_220' title='bbox 263 2046 413 2086; x_wconf 90' lang='lat' dir='ltr'>simam</span> <span class='ocrx_word' id='word_1_221' title='bbox 437 2045 554 2086; x_wconf 87' lang='lat' dir='ltr'>dicat</span> <span class='ocrx_word' id='word_1_222' title='bbox 575 2058 723 2086; x_wconf 89' lang='lat' dir='ltr'>eorum</span> <span class='ocrx_word' id='word_1_223' title='bbox 747 2045 868 2096; x_wconf 88' lang='lat' dir='ltr'>oden,</span> <span class='ocrx_word' id='word_1_224' title='bbox 899 2045 1016 2086; x_wconf 89' lang='lat' dir='ltr'>haud</span> <span class='ocrx_word' id='word_1_225' title='bbox 1043 2045 1230 2087; x_wconf 88' lang='lat' dir='ltr'>absurde</span> <span class='ocrx_word' id='word_1_226' title='bbox 1263 2049 1502 2087; x_wconf 88' lang='lat' dir='ltr'>statuemus</span> <span class='ocrx_word' id='word_1_227' title='bbox 1533 2045 1777 2099; x_wconf 88' lang='lat' dir='ltr'>perscripta</span> 
     </span>
     <span class='ocr_line' id='line_1_28' title="bbox 266 2113 1778 2168; baseline -0.001 -13"><span class='ocrx_word' id='word_1_228' title='bbox 266 2113 529 2155; x_wconf 85' lang='lat' dir='ltr'>carminibus</span> <span class='ocrx_word' id='word_1_229' title='bbox 551 2127 636 2154; x_wconf 87' lang='lat' dir='ltr'>non</span> <span class='ocrx_word' id='word_1_230' title='bbox 657 2114 720 2155; x_wconf 90' lang='lat' dir='ltr'>ita</span> <span class='ocrx_word' id='word_1_231' title='bbox 741 2114 921 2167; x_wconf 84' lang='lat' dir='ltr'>magnis,</span> <span class='ocrx_word' id='word_1_232' title='bbox 953 2128 1137 2167; x_wconf 88' lang='lat' dir='ltr'>quorum</span> <span class='ocrx_word' id='word_1_233' title='bbox 1169 2114 1461 2168; x_wconf 88' lang='lat' dir='ltr'>compluribus</span> <span class='ocrx_word' id='word_1_234' title='bbox 1494 2114 1649 2167; x_wconf 83' lang='lat' dir='ltr'>singuli</span> <span class='ocrx_word' id='word_1_235' title='bbox 1679 2113 1778 2155; x_wconf 89' lang='lat' dir='ltr'>libri</span> 
     </span>
     <span class='ocr_line' id='line_1_29' title="bbox 265 2182 1777 2225; baseline -0.001 -1"><span class='ocrx_word' id='word_1_236' title='bbox 265 2183 590 2224; x_wconf 85' lang='lat' dir='ltr'>conficerentur.</span> <span class='ocrx_word' id='word_1_237' title='bbox 623 2182 736 2224; x_wconf 89' lang='lat' dir='ltr'>unde</span> <span class='ocrx_word' id='word_1_238' title='bbox 760 2196 837 2224; x_wconf 86' lang='lat' dir='ltr'>nec</span> <span class='ocrx_word' id='word_1_239' title='bbox 855 2183 1059 2224; x_wconf 88' lang='lat' dir='ltr'>Alcestim</span> <span class='ocrx_word' id='word_1_240' title='bbox 1083 2187 1159 2224; x_wconf 88' lang='lat' dir='ltr'>aut</span> <span class='ocrx_word' id='word_1_241' title='bbox 1179 2183 1254 2225; x_wconf 89' lang='lat' dir='ltr'>Ino</span> <span class='ocrx_word' id='word_1_242' title='bbox 1278 2196 1328 2224; x_wconf 88' lang='lat' dir='ltr'>ac</span> <span class='ocrx_word' id='word_1_243' title='bbox 1346 2182 1777 2224; x_wconf 87' lang='lat' dir='ltr'>Protesilaodamiam</span> 
     </span>
     <span class='ocr_line' id='line_1_30' title="bbox 263 2251 1779 2306; baseline -0.001 -13"><span class='ocrx_word' id='word_1_244' title='bbox 263 2251 329 2293; x_wconf 85' lang='lat' dir='ltr'>vel</span> <span class='ocrx_word' id='word_1_245' title='bbox 362 2255 507 2293; x_wconf 83' lang='lat' dir='ltr'>cetera</span> <span class='ocrx_word' id='word_1_246' title='bbox 537 2251 714 2306; x_wconf 85' lang='lat' dir='ltr'>mythici</span> <span class='ocrx_word' id='word_1_247' title='bbox 751 2252 993 2305; x_wconf 89' lang='lat' dir='ltr'>argumenti</span> <span class='ocrx_word' id='word_1_248' title='bbox 1041 2253 1233 2293; x_wconf 84' lang='lat' dir='ltr'>carmina</span> <span class='ocrx_word' id='word_1_249' title='bbox 1278 2251 1435 2306; x_wconf 83' lang='lat' dir='ltr'>epyllia</span> <span class='ocrx_word' id='word_1_250' title='bbox 1473 2252 1618 2305; x_wconf 92' lang='lat' dir='ltr'>potius</span> <span class='ocrx_word' id='word_1_251' title='bbox 1650 2265 1779 2305; x_wconf 88' lang='lat' dir='ltr'>quam</span> 
     </span>
     <span class='ocr_line' id='line_1_31' title="bbox 263 2319 1778 2375; baseline 0 -14"><span class='ocrx_word' id='word_1_252' title='bbox 263 2320 414 2375; x_wconf 83' lang='lat' dir='ltr'>idyllia</span> <span class='ocrx_word' id='word_1_253' title='bbox 444 2319 576 2361; x_wconf 86' lang='lat' dir='ltr'>fuisse</span> <span class='ocrx_word' id='word_1_254' title='bbox 609 2319 876 2373; x_wconf 86' lang='lat' dir='ltr'>putabimus,</span> <span class='ocrx_word' id='word_1_255' title='bbox 918 2321 1155 2362; x_wconf 79' lang='lat' dir='ltr'>intertexta</span> <span class='ocrx_word' id='word_1_256' title='bbox 1193 2320 1390 2374; x_wconf 87' lang='lat' dir='ltr'>equidem</span> <span class='ocrx_word' id='word_1_257' title='bbox 1420 2320 1495 2361; x_wconf 89' lang='lat' dir='ltr'>illa</span> <span class='ocrx_word' id='word_1_258' title='bbox 1524 2320 1778 2374; x_wconf 88' lang='lat' dir='ltr'>plerumque</span> 
     </span>
     <span class='ocr_line' id='line_1_32' title="bbox 264 2388 1776 2444; baseline -0.001 -14"><span class='ocrx_word' id='word_1_259' title='bbox 264 2389 478 2430; x_wconf 88' lang='lat' dir='ltr'>diverbiis.</span> <span class='ocrx_word' id='word_1_260' title='bbox 533 2388 640 2429; x_wconf 89' lang='lat' dir='ltr'>haec</span> <span class='ocrx_word' id='word_1_261' title='bbox 674 2388 785 2430; x_wconf 89' lang='lat' dir='ltr'>enim</span> <span class='ocrx_word' id='word_1_262' title='bbox 821 2402 905 2430; x_wconf 88' lang='lat' dir='ltr'>non</span> <span class='ocrx_word' id='word_1_263' title='bbox 936 2390 1136 2444; x_wconf 87' lang='lat' dir='ltr'>proprios</span> <span class='ocrx_word' id='word_1_264' title='bbox 1167 2389 1361 2443; x_wconf 84' lang='lat' dir='ltr'>explesse</span> <span class='ocrx_word' id='word_1_265' title='bbox 1393 2389 1538 2440; x_wconf 87' lang='lat' dir='ltr'>libros,</span> <span class='ocrx_word' id='word_1_266' title='bbox 1571 2389 1647 2430; x_wconf 91' lang='lat' dir='ltr'>sed</span> <span class='ocrx_word' id='word_1_267' title='bbox 1678 2403 1776 2443; x_wconf 89' lang='lat' dir='ltr'>par-</span> 
     </span>
     <span class='ocr_line' id='line_1_33' title="bbox 262 2457 1778 2512; baseline -0.001 -13"><span class='ocrx_word' id='word_1_268' title='bbox 262 2461 350 2499; x_wconf 89' lang='lat' dir='ltr'>tem</span> <span class='ocrx_word' id='word_1_269' title='bbox 383 2461 426 2499; x_wconf 89' lang='lat' dir='ltr'>et</span> <span class='ocrx_word' id='word_1_270' title='bbox 456 2458 553 2512; x_wconf 90' lang='lat' dir='ltr'>ipsa</span> <span class='ocrx_word' id='word_1_271' title='bbox 585 2457 936 2511; x_wconf 87' lang='lat' dir='ltr'>Erotopaegnion</span> <span class='ocrx_word' id='word_1_272' title='bbox 965 2458 1070 2499; x_wconf 88' lang='lat' dir='ltr'>satis</span> <span class='ocrx_word' id='word_1_273' title='bbox 1103 2462 1252 2512; x_wconf 89' lang='lat' dir='ltr'>aperte</span> <span class='ocrx_word' id='word_1_274' title='bbox 1295 2457 1543 2499; x_wconf 86' lang='lat' dir='ltr'>declaratur</span> <span class='ocrx_word' id='word_1_275' title='bbox 1583 2457 1778 2511; x_wconf 84' lang='lat' dir='ltr'>exemplo</span> 
     </span>
     <span class='ocr_line' id='line_1_34' title="bbox 262 2526 1777 2581; baseline -0.001 -14"><span class='ocrx_word' id='word_1_276' title='bbox 262 2526 487 2567; x_wconf 88' lang='lat' dir='ltr'>Phoenicis</span> <span class='ocrx_word' id='word_1_277' title='bbox 526 2539 605 2567; x_wconf 90' lang='lat' dir='ltr'>nec</span> <span class='ocrx_word' id='word_1_278' title='bbox 649 2526 789 2567; x_wconf 86' lang='lat' dir='ltr'>minus</span> <span class='ocrx_word' id='word_1_279' title='bbox 828 2526 1023 2568; x_wconf 81' lang='lat' dir='ltr'>versibus</span> <span class='ocrx_word' id='word_1_280' title='bbox 1065 2541 1090 2568; x_wconf 88' lang='lat' dir='ltr'>a</span> <span class='ocrx_word' id='word_1_281' title='bbox 1134 2526 1355 2568; x_wconf 88' lang='lat' dir='ltr'>Prisciano</span> <span class='ocrx_word' id='word_1_282' title='bbox 1396 2526 1517 2581; x_wconf 85' lang='lat'>[903]</span> <span class='ocrx_word' id='word_1_283' title='bbox 1563 2539 1615 2567; x_wconf 85' lang='lat' dir='ltr'>ex</span> <span class='ocrx_word' id='word_1_284' title='bbox 1667 2526 1777 2567; x_wconf 91' lang='lat' dir='ltr'>libro</span> 
     </span>
     <span class='ocr_line' id='line_1_35' title="bbox 262 2594 1774 2649; baseline -0.001 -13"><span class='ocrx_word' id='word_1_285' title='bbox 262 2595 611 2649; x_wconf 87' lang='lat' dir='ltr'>Erotopaegnion</span> <span class='ocrx_word' id='word_1_286' title='bbox 643 2595 678 2635; x_wconf 91' lang='lat' dir='ltr'>V</span> <span class='ocrx_word' id='word_1_287' title='bbox 711 2595 910 2646; x_wconf 73' lang='lat' dir='ltr'>servatis,</span> <span class='ocrx_word' id='word_1_288' title='bbox 953 2594 1110 2648; x_wconf 90' lang='lat' dir='ltr'>quibus</span> <span class='ocrx_word' id='word_1_289' title='bbox 1142 2595 1341 2637; x_wconf 90' lang='lat' dir='ltr'>Hectoris</span> <span class='ocrx_word' id='word_1_290' title='bbox 1374 2598 1417 2636; x_wconf 88' lang='lat' dir='ltr'>et</span> <span class='ocrx_word' id='word_1_291' title='bbox 1447 2594 1774 2636; x_wconf 88' lang='lat' dir='ltr'>Andromachae</span> 
     </span>
     <span class='ocr_line' id='line_1_36' title="bbox 263 2662 1776 2714; baseline -0.001 -10"><span class='ocrx_word' id='word_1_292' title='bbox 263 2677 432 2705; x_wconf 89' lang='lat' dir='ltr'>amores</span> <span class='ocrx_word' id='word_1_293' title='bbox 455 2662 770 2705; x_wconf 87' lang='lat' dir='ltr'>describuntur.</span> <span class='ocrx_word' id='word_1_294' title='bbox 825 2663 899 2704; x_wconf 91' lang='lat' dir='ltr'>sed</span> <span class='ocrx_word' id='word_1_295' title='bbox 932 2664 1044 2705; x_wconf 88' lang='lat' dir='ltr'>sicut</span> <span class='ocrx_word' id='word_1_296' title='bbox 1074 2663 1318 2705; x_wconf 87' lang='lat' dir='ltr'>fabulosam</span> <span class='ocrx_word' id='word_1_297' title='bbox 1341 2667 1614 2714; x_wconf 84' lang='lat' dir='ltr'>vetustatem,</span> <span class='ocrx_word' id='word_1_298' title='bbox 1649 2663 1776 2704; x_wconf 88' lang='lat' dir='ltr'>etiam</span> 
     </span>
     <span class='ocr_line' id='line_1_37' title="bbox 263 2731 1778 2786; baseline -0.001 -13"><span class='ocrx_word' id='word_1_299' title='bbox 263 2732 327 2773; x_wconf 86' lang='lat' dir='ltr'>sui</span> <span class='ocrx_word' id='word_1_300' title='bbox 374 2732 581 2786; x_wconf 85' lang='lat' dir='ltr'>temporis</span> <span class='ocrx_word' id='word_1_301' title='bbox 626 2745 694 2773; x_wconf 89' lang='lat' dir='ltr'>res</span> <span class='ocrx_word' id='word_1_302' title='bbox 743 2736 784 2773; x_wconf 92' lang='lat' dir='ltr'>et</span> <span class='ocrx_word' id='word_1_303' title='bbox 823 2731 1017 2773; x_wconf 88' lang='lat' dir='ltr'>homines</span> <span class='ocrx_word' id='word_1_304' title='bbox 1060 2732 1314 2786; x_wconf 88' lang='lat' dir='ltr'>perscripsit</span> <span class='ocrx_word' id='word_1_305' title='bbox 1344 2732 1538 2773; x_wconf 88' lang='lat' dir='ltr'>Laevius.</span> <span class='ocrx_word' id='word_1_306' title='bbox 1598 2746 1697 2773; x_wconf 87' lang='lat' dir='ltr'>nam</span> <span class='ocrx_word' id='word_1_307' title='bbox 1736 2735 1778 2772; x_wconf 93' lang='lat' dir='ltr'>et</span> 
     </span>
     <span class='ocr_line' id='line_1_38' title="bbox 263 2800 1777 2853; baseline 0 -12"><span class='ocrx_word' id='word_1_308' title='bbox 263 2801 470 2841; x_wconf 87' lang='lat' dir='ltr'>Varronis</span> <span class='ocrx_word' id='word_1_309' title='bbox 503 2804 546 2842; x_wconf 89' lang='lat' dir='ltr'>et</span> <span class='ocrx_word' id='word_1_310' title='bbox 568 2801 776 2842; x_wconf 89' lang='lat' dir='ltr'>Vatienae</span> <span class='ocrx_word' id='word_1_311' title='bbox 808 2801 952 2842; x_wconf 87' lang='lat' dir='ltr'>nescio</span> <span class='ocrx_word' id='word_1_312' title='bbox 985 2802 1105 2842; x_wconf 90' lang='lat' dir='ltr'>cuius</span> <span class='ocrx_word' id='word_1_313' title='bbox 1141 2805 1183 2842; x_wconf 87' lang='lat' dir='ltr'>et</span> <span class='ocrx_word' id='word_1_314' title='bbox 1204 2800 1394 2842; x_wconf 86' lang='lat' dir='ltr'>Liciniae</span> <span class='ocrx_word' id='word_1_315' title='bbox 1426 2800 1532 2853; x_wconf 88' lang='lat' dir='ltr'>legis</span> <span class='ocrx_word' id='word_1_316' title='bbox 1563 2800 1777 2841; x_wconf 83' lang='lat' dir='ltr'>invenitur</span> 
     </span>
     <span class='ocr_line' id='line_1_39' title="bbox 261 2868 1776 2924; baseline -0.001 -15"><span class='ocrx_word' id='word_1_317' title='bbox 261 2869 378 2910; x_wconf 84' lang='lat' dir='ltr'>faeta</span> <span class='ocrx_word' id='word_1_318' title='bbox 407 2869 566 2911; x_wconf 86' lang='lat' dir='ltr'>mentio</span> <span class='ocrx_word' id='word_1_319' title='bbox 599 2869 750 2924; x_wconf 86' lang='lat' dir='ltr'>[Prisc.</span> <span class='ocrx_word' id='word_1_320' title='bbox 779 2883 817 2923; x_wconf 90' lang='lat' dir='ltr'>p.</span> <span class='ocrx_word' id='word_1_321' title='bbox 843 2872 946 2921; x_wconf 79' lang='lat'>9223</span> <span class='ocrx_word' id='word_1_322' title='bbox 980 2868 1097 2910; x_wconf 88' lang='lat' dir='ltr'>Caes.</span> <span class='ocrx_word' id='word_1_323' title='bbox 1123 2869 1243 2911; x_wconf 89' lang='lat' dir='ltr'>Bass.</span> <span class='ocrx_word' id='word_1_324' title='bbox 1278 2883 1338 2923; x_wconf 91' lang='lat' dir='ltr'>gr.</span> <span class='ocrx_word' id='word_1_325' title='bbox 1369 2869 1395 2910; x_wconf 88' lang='lat' dir='ltr'>l.</span> <span class='ocrx_word' id='word_1_326' title='bbox 1430 2869 1499 2919; x_wconf 81' lang='lat' dir='ltr'>VI,</span> <span class='ocrx_word' id='word_1_327' title='bbox 1533 2872 1636 2920; x_wconf 79' lang='lat'><strong>2613</strong></span> <span class='ocrx_word' id='word_1_328' title='bbox 1669 2868 1776 2909; x_wconf 88' lang='lat' dir='ltr'>Gell.</span> 
     </span>
     <span class='ocr_line' id='line_1_40' title="bbox 262 2937 1777 2992; baseline -0.001 -14"><span class='ocrx_word' id='word_1_329' title='bbox 262 2937 314 2988; x_wconf 84' lang='lat' dir='ltr'>II,</span> <span class='ocrx_word' id='word_1_330' title='bbox 340 2938 424 2992; x_wconf 83' lang='grc'>24].</span> <span class='ocrx_word' id='word_1_331' title='bbox 477 2942 522 2978; x_wconf 87' lang='lat' dir='ltr'>at</span> <span class='ocrx_word' id='word_1_332' title='bbox 545 2942 689 2979; x_wconf 85' lang='lat' dir='ltr'>cetera</span> <span class='ocrx_word' id='word_1_333' title='bbox 720 2938 935 2991; x_wconf 88' lang='lat' dir='ltr'>quomodo</span> <span class='ocrx_word' id='word_1_334' title='bbox 957 2938 1195 2979; x_wconf 85' lang='lat' dir='ltr'>instituerit</span> <span class='ocrx_word' id='word_1_335' title='bbox 1217 2938 1288 2978; x_wconf 92' lang='lat' dir='ltr'>ille</span> <span class='ocrx_word' id='word_1_336' title='bbox 1310 2951 1393 2978; x_wconf 88' lang='lat' dir='ltr'>non</span> <span class='ocrx_word' id='word_1_337' title='bbox 1418 2938 1522 2979; x_wconf 88' lang='lat' dir='ltr'>satis</span> <span class='ocrx_word' id='word_1_338' title='bbox 1546 2941 1777 2991; x_wconf 79' lang='lat' dir='ltr'>comparet,</span> 
     </span>
    </p>
   </div>
  </div>
 </body>
</html>
