1898 3292
258 211 337 251 178
833 218 953 244 LIBER
971 216 1182 244 SECVNDVS.

256 323 474 364 solverunt
516 321 748 375 Septimius
790 321 903 376 [Ter.
940 321 1066 375 1900]
1114 324 1157 361 et
1195 319 1494 369 Terentianus,
1534 321 1763 372 praeterea

255 391 324 432 hic
359 389 503 447 [1903]
539 404 634 431 cum
670 403 834 431 summo
873 389 1082 430 dedecore
1124 389 1253 429 etiam
1296 388 1502 441 quintam.
1562 401 1641 428 nec
1680 400 1762 427 non

255 459 309 501 ab
352 460 412 500 eis
454 458 643 500 admissa
685 458 728 498 111
770 457 957 498 secundo
992 456 1100 510 pede
1154 456 1368 497 anaclasis
1415 456 1477 496 ita
1527 454 1612 496 ‘cuz'
1654 468 1762 495 rese-

254 534 349 569 rata
379 530 563 579 muyiunt
589 540 720 567 aurea
741 530 923 567 claustra
946 529 1051 566 caeli
1064 522 1090 566 ’.
1142 525 1293 566 relicui
1314 527 1468 565 neutra
1490 524 1555 565 usi
1577 523 1762 564 licentia.

368 596 459 636 Iam
491 594 546 636 ad
579 598 724 636 cetera
751 593 1005 647 logaoedica
1035 597 1083 634 ut
1120 597 1409 644 transeamus,
1454 592 1681 647 glyconeos
1722 595 1765 632 et

256 664 329 717 qui
359 663 458 705 inde
489 676 724 717 provenere
756 677 904 704 versus
935 661 1138 703 habuisse
1168 661 1293 703 basin
1326 661 1380 702 ab
1411 661 1533 701 initio
1564 660 1763 701 mobilem

256 732 454 774 admissis
484 732 648 785 pariter
681 745 775 772 cum
807 730 1012 772 trochaeo
1052 730 1195 771 iambo
1229 744 1279 771 ac
1309 730 1497 784 spondeo
1531 730 1635 771 satis
1668 743 1764 770 con-

258 804 356 842 stat.
410 814 538 853 quam
571 800 763 853 regulam
797 799 990 840 Catullus
1021 800 1083 840 ita
1115 799 1370 849 observavit,
1402 802 1450 839 ut
1481 799 1524 838 in
1551 797 1766 852 glyconeis

257 873 299 911 et
338 869 634 923 pherecrateis
676 882 775 909 raro
818 868 1055 922 spondeum
1095 872 1138 908 et
1177 868 1315 908 minus
1358 867 1487 908 etiam
1518 866 1766 919 frequenter

255 938 446 979 iambum
479 937 739 978 admitteret.
792 940 941 977 contra
972 937 1014 977 in
1046 950 1173 977 versu
1206 935 1444 990 phalaecio,
1478 949 1604 988 quem
1640 935 1765 988 longe

256 1006 602 1060 frequentissime
635 1004 844 1056 adhibuit,
878 1004 1146 1059 aliquantum
1176 1005 1400 1058 praevalet
1421 1004 1647 1058 spondeus,
1681 1018 1765 1057 quo

257 1075 348 1116 solo
380 1089 483 1116 usus
521 1078 586 1116 est
622 1074 665 1115 in
707 1074 979 1128 asclepiadeo
1020 1075 1182 1115 maiore
1226 1072 1274 1129 [c.
1310 1072 1393 1129 3o].
1455 1077 1585 1127 atque
1626 1074 1689 1114 ita
1729 1073 1767 1113 ei

256 1143 518 1198 praelusisse
551 1156 647 1184 eum
680 1143 782 1194 arti,
825 1157 952 1196 quam
988 1142 1042 1184 ab
1075 1142 1257 1184 Horatio
1298 1142 1339 1182 in
1371 1142 1583 1196 principio
1614 1142 1767 1196 phere-

258 1213 392 1253 cratei
435 1215 476 1253 et
517 1211 710 1266 glyconei
751 1214 881 1264 atque
923 1211 1184 1265 asclepiadei
1226 1211 1450 1264 utriusque
1493 1210 1767 1251 observatam

257 1281 471 1332 videmus,
519 1280 613 1334 quis
654 1279 862 1333 negabit?
918 1304 967 1309 —
1018 1283 1208 1321 ceterum
1255 1279 1411 1320 similia
1454 1279 1617 1333 placita
1665 1279 1766 1332 quin

261 1349 466 1403 aequales
498 1348 711 1389 servarint
733 1348 889 1390 Catulli
921 1362 1006 1389 non
1043 1352 1107 1389 est
1139 1348 1328 1390 dubium.
1378 1348 1441 1389 ita
1461 1347 1696 1389 Bibaculus
1725 1347 1767 1387 in

258 1418 354 1459 basi
384 1415 843 1471 hendecasyllaborum
875 1431 901 1458 a
929 1417 1133 1459 Suetonio
1168 1421 1432 1459 servatorum
1467 1415 1549 1471 [pg.
1586 1419 1662 1458 109
1688 1415 1768 1469 sq]

257 1486 365 1528 locis
397 1486 499 1528 XIII
528 1484 662 1527 habet
692 1485 945 1539 spondeum,
976 1486 1042 1527 bis
1073 1485 1286 1527 iambum:

603 1560 738 1593 racemi
765 1559 837 1594 duo
866 1560 991 1605 tegula
1015 1561 1082 1595 sub
1109 1572 1190 1594 una.

605 1616 755 1651 Catonis
784 1617 906 1661 modo,
933 1616 1048 1661 Galle,
1075 1617 1333 1651 Tusculanum.

260 1693 390 1734 porro
424 1679 602 1721 alterius
635 1680 824 1721 auctoris
857 1679 923 1721 vel
958 1680 1147 1722 eiusdem
1177 1680 1260 1721 1100
1289 1683 1373 1721 est:

604 1753 696 1788 Cato
722 1754 985 1799 grammaticus
1010 1753 1144 1789 Latina
1169 1753 1286 1788 Siren.

258 1817 320 1858 ita
350 1817 393 1857 in
426 1817 642 1870 glyconeis
679 1817 1067 1871 epithalamiorum,
1110 1831 1216 1871 quos
1248 1821 1290 1858 et
1321 1815 1514 1857 Catullus
1545 1816 1586 1856 in
1620 1815 1767 1856 eodem

260 1899 415 1939 genere
447 1885 684 1939 usurpavit,
720 1885 873 1927 Calvus
906 1889 948 1927 et
978 1885 1149 1927 Ticida:

739 1971 832 2004 vaga
857 1959 1014 1994 candido

603 2016 763 2061 nympha
788 2017 887 2061 quod
913 2019 1015 2052 secet
1039 2016 1165 2061 ungui.

604 2073 691 2108 felix
717 2073 853 2108 lectule
881 2074 1014 2109 talibus

604 2131 680 2165 sole
705 2131 901 2166 amoribus.

261 2193 431 2235 omnino
477 2194 769 2248 comparanda
809 2208 920 2248 quae
959 2193 1112 2235 relicta
1145 2207 1196 2235 ex
1225 2198 1450 2235 cantorum
1483 2194 1770 2248 Euphorionis

263 2262 479 2316 opusculis
510 2262 712 2316 leguntur
743 2263 786 2303 111
818 2263 1055 2317 appendice
1088 2262 1242 2304 Catulli
1274 2263 1422 2304 nostri.

378 2330 849 2385 Hendecasyllaborum
877 2335 1021 2373 autem
1043 2332 1084 2372 in
1108 2331 1203 2372 basi
1224 2345 1276 2372 ne
1300 2331 1482 2385 Augusti
1505 2331 1677 2384 quidem
1701 2345 1769 2373 ae-

261 2402 352 2440 tate
370 2412 539 2453 semper
555 2400 742 2453 positum
761 2400 997 2454 spondeum
1016 2400 1141 2441 docet
1159 2413 1304 2441 versus
1322 2400 1533 2454 Priapeon
1550 2399 1621 2441 ille
1641 2399 1693 2455 [4,
1709 2399 1770 2456 2]:

605 2473 732 2508 dicans
758 2485 802 2508 ex
827 2473 1095 2518 Elephantidos
1123 2474 1266 2508 libellis.

263 2538 393 2588 atque
422 2535 484 2576 ita
515 2535 761 2588 Maecenas,
796 2540 838 2578 et
868 2537 958 2590 ipse
993 2550 1155 2590 pronus
1185 2537 1229 2577 in
1261 2536 1417 2578 Catulli
1440 2536 1643 2590 Calvique
1675 2537 1769 2577 imi-

261 2603 469 2645 tationem
484 2619 492 2645 ι

607 2660 745 2695 Ninnio
771 2661 895 2695 videas
922 2662 1186 2706 strigosiorem.

380 2723 437 2763 At
468 2722 594 2764 aliter
624 2723 777 2765 habuit
808 2737 875 2764 res
906 2724 948 2764 in
980 2724 1185 2779 glyconeo
1221 2727 1358 2766 metro
1392 2728 1434 2766 et
1472 2738 1582 2778 quae
1624 2724 1678 2766 ab
1721 2739 1770 2766 eo

263 2789 540 2832 descendunt.
612 2806 793 2845 quorum
835 2792 940 2832 locis
981 2792 1277 2834 communibus
1320 2796 1510 2834 notumst
1551 2807 1576 2834 a
1616 2793 1770 2835 Flacco

263 2858 504 2900 detractam
536 2860 721 2901 brevem.
783 2874 881 2901 nam
911 2860 1044 2901 falsus
1077 2865 1142 2901 est
1173 2875 1320 2902 versus
1351 2861 1421 2903 ille
1454 2862 1502 2916 [L
1529 2866 1590 2912 15,
1615 2862 1707 2915 36]:

605 2934 700 2977 ignis
726 2933 857 2968 Iliacas
883 2934 1021 2968 domos.
