1898 3292
237 187 262 224 4
850 190 1127 217 PROHOEMWM.

407 295 626 336 adsentior
656 294 890 348 plerisque,
935 295 1111 345 Arator,
1149 294 1452 345 Maximianus,
1486 295 1742 345 Priscianus,

408 364 625 417 Eugenius
656 363 900 404 'l‘oletanus

349 432 538 473 Medium
578 431 711 473 ferme
753 431 962 485 dignitate
1005 431 1144 472 locum
1188 435 1337 473 tenent
1368 431 1652 473 Terentianus
1695 446 1744 473 ac

236 501 455 551 Boethius,
488 501 646 554 quippe
680 500 723 540 in
755 500 972 554 plerisque
995 500 1124 541 rebus
1147 500 1425 541 classicorum
1448 500 1584 541 secuti
1607 504 1742 542 artem

237 574 279 611 et
310 573 455 610 tamen
487 568 719 622 aliquando
751 568 806 610 ab
840 582 890 609 ea
920 569 1065 622 paullo
1097 569 1265 622 longius
1297 568 1560 610 recedentes.

351 637 436 678 Sed
486 641 612 678 erunt
664 638 849 678 fortasse
902 638 974 690 qui
1022 637 1249 688 mirentur,
1301 636 1414 690 quod
1468 637 1744 678 sustinuerim

235 706 479 747 christianis
509 706 697 747 inserere
720 720 805 757 eos,
838 720 944 758 quos
966 706 1124 760 partim
1147 720 1230 746 non
1264 709 1430 746 constet
1462 709 1580 746 certo
1613 705 1744 746 fuisse

235 775 510 825 christianos,
553 775 711 828 partim
742 778 860 815 certo
893 778 1060 815 constet
1092 789 1175 815 non
1207 774 1351 815 fuisse.
1415 788 1507 815 esse
1540 774 1668 815 etiam
1700 775 1742 814 in

235 844 301 884 his
349 843 575 884 colluvioni
627 843 688 883 illi
740 843 937 884 addictos
984 843 1256 896 religionum,
1305 857 1414 896 quae
1461 843 1622 896 passim
1667 856 1744 896 per

233 912 385 953 ultima
405 912 573 965 imperii
596 912 777 952 Romani
800 915 995 966 tempora
1019 912 1215 965 optinuit,
1249 910 1505 965 qualemque
1531 911 1742 952 Ausonius

233 984 275 1021 et
316 980 611 1034 Symmachus,
659 994 757 1021 mox
794 980 1079 1021 Merobaudes
1126 984 1168 1021 et
1208 980 1407 1021 Sidonius
1451 980 1743 1032 Boethiusque

233 1049 484 1103 probavere.
546 1063 709 1100 verum,
751 1053 799 1090 ut
842 1049 926 1090 iam
971 1049 1075 1100 dixi,
1120 1063 1227 1102 quas
1270 1048 1448 1090 adhibui
1488 1052 1612 1090 notas
1658 1062 1743 1089 non

233 1119 368 1171 posui,
399 1121 447 1159 ut
471 1117 597 1158 fidem
630 1121 858 1171 poetarum
885 1118 1055 1158 illorum
1081 1118 1382 1169 discernerem,
1416 1117 1490 1158 sed
1524 1121 1573 1158 ut
1594 1121 1742 1158 artem.

234 1190 328 1227 erat
359 1186 462 1227 mihi
494 1187 652 1240 quippe
683 1200 937 1240 persuasum
970 1190 1139 1240 partem
1182 1201 1427 1237 causarum,
1469 1185 1625 1239 quibus
1671 1185 1743 1226 ad-

233 1255 351 1296 ducti
374 1255 427 1296 ab
451 1255 623 1296 saeculo
646 1255 775 1296 tertio
799 1260 998 1297 auctores
1020 1255 1223 1309 permulti
1252 1269 1444 1296 normam
1478 1255 1532 1296 ab
1566 1255 1744 1307 antiqua

234 1324 338 1364 satis
370 1323 583 1365 diversam
615 1327 714 1364 sunt
746 1324 899 1375 secuti,
943 1324 1221 1378 repetendam
1255 1338 1346 1365 esse
1375 1323 1492 1374 inde,
1539 1323 1653 1376 quod
1690 1323 1743 1363 ab

231 1392 304 1433 illo
336 1396 530 1446 tempore
572 1392 708 1446 magis
749 1393 971 1446 magisque
1014 1392 1264 1446 percrebuit
1302 1393 1452 1445 religio
1497 1392 1743 1432 christiana.

233 1460 306 1501 sed
341 1460 393 1502 de
424 1460 506 1501 hoc
536 1460 649 1501 infra
685 1460 863 1502 dicetur.
925 1475 1038 1502 nunc
1071 1461 1154 1502 duo
1192 1461 1277 1502 ista
1319 1474 1478 1514 genera
1518 1463 1743 1514 poetarum

234 1529 447 1582 quomodo
480 1528 683 1570 differant
714 1533 762 1570 ut
801 1530 1045 1583 explanem,
1087 1530 1139 1571 de
1182 1530 1384 1571 universa
1424 1530 1630 1570 metricae
1671 1542 1744 1569 an-

232 1598 378 1651 tiquae
409 1598 589 1649 ratione,
624 1597 762 1651 qualis
794 1598 926 1639 fuerit
957 1599 1256 1640 vetustissimis
1288 1598 1573 1652 temporibus,
1606 1597 1744 1651 qualis

232 1679 330 1706 mox
360 1666 542 1720 pristino
576 1670 693 1708 statu
725 1667 906 1718 inverso,
939 1667 1043 1708 mihi
1076 1667 1157 1708 erit
1187 1667 1494 1708 disserendum.

347 1735 643 1788 Antiquissimi
677 1736 942 1777 Graecorum
984 1736 1103 1777 nulla
1145 1736 1244 1777 dum
1287 1738 1460 1777 extante
1504 1734 1744 1776 eruditione

233 1803 516 1856 grammatica
546 1804 848 1858 qualicumque
880 1819 974 1845 cum
1007 1808 1151 1846 tamen
1188 1808 1372 1846 naturae
1416 1804 1510 1857 lege
1553 1804 1607 1845 ad
1643 1817 1744 1857 poe-

232 1872 361 1912 ticam
402 1875 672 1926 metrumque
709 1873 943 1925 ferrentur,
981 1887 1064 1914 non
1106 1873 1235 1915 alium
1278 1876 1377 1914 sunt
1409 1873 1545 1914 secuti
1576 1873 1619 1913 in
1651 1886 1742 1913 ver—

232 1940 349 1981 sibus
377 1941 615 1994 pangendis
639 1941 790 1983 ducem
814 1956 942 1996 quam
965 1943 1201 1996 ingenitam
1223 1941 1410 1983 indolem
1433 1942 1742 1995 propriamque

233 2009 504 2062 elegantiam.
565 2023 643 2051 nec
676 2009 828 2052 fefellit
860 2024 942 2052 eos.
1006 2024 1103 2052 nam
1135 2011 1201 2052 his
1234 2010 1370 2052 adiuti
1402 2010 1504 2051 solis
1536 2009 1740 2051 subsidiis

232 2091 283 2118 ea
320 2081 419 2119 sunt
451 2079 657 2130 assecuti,
700 2093 829 2132 quae,
869 2093 964 2121 cum
1005 2093 1089 2121 non
1120 2083 1297 2133 possent
1324 2079 1521 2120 doctrina
1552 2078 1742 2131 aequari,

231 2146 387 2195 nedum
420 2148 634 2200 superari,
677 2150 720 2188 et
752 2148 932 2189 Romani
979 2152 1022 2189 et
1065 2148 1197 2190 ceteri
1237 2148 1438 2202 deinceps
1479 2147 1626 2201 populi
1669 2147 1741 2188 ad-

232 2215 437 2257 mirantes
468 2216 633 2269 pariter
665 2220 796 2270 atque
828 2216 1066 2258 invidentes
1089 2217 1201 2258 omni
1224 2220 1421 2270 tempore
1445 2219 1742 2270 suspexerunt.

231 2297 370 2336 neque
403 2288 513 2336 erat,
546 2298 621 2325 cur
651 2285 768 2338 leges
802 2285 1043 2327 hexametri
1075 2285 1439 2340 pentametrique,
1482 2299 1580 2326 mox
1610 2284 1742 2325 iambi

232 2355 274 2393 et
304 2351 565 2394 relicuorum
596 2367 815 2405 versuum,
849 2368 956 2407 quos
990 2354 1272 2396 Archilochus
1306 2357 1348 2394 et
1369 2353 1613 2407 HipponaX,
1643 2353 1740 2407 dein

232 2420 461 2462 Aeolenses
485 2424 527 2461 et
548 2421 762 2463 Dorenses
786 2422 928 2464 divino
950 2423 1149 2464 invenere
1178 2422 1361 2475 ingenio,
1385 2435 1409 2463 a
1431 2421 1743 2475 ludimagistris

233 2488 426 2530 docendo
450 2490 775 2543 exercendoque
798 2490 1103 2535 scholasticum
1125 2491 1167 2532 in
1189 2490 1362 2532 modum
1384 2494 1741 2544 propagarentur.

232 2557 386 2598 etenim
433 2557 604 2599 illorum
644 2562 872 2612 poetarum
909 2559 1116 2614 pleraque
1150 2573 1246 2600 cum
1276 2559 1321 2599 in
1352 2558 1509 2600 scholis
1541 2572 1566 2599 a
1596 2558 1741 2612 pueris

231 2625 545 2677 ediscerentur,
591 2630 736 2668 cetera
777 2628 991 2669 cantando
1035 2628 1207 2682 publice
1249 2627 1558 2680 recitandoque
1600 2630 1742 2667 essent

230 2697 333 2734 nota
356 2693 495 2747 vulgo,
527 2693 653 2735 facile
677 2695 750 2746 eis,
782 2697 855 2749 qui
887 2696 1028 2738 animo
1063 2696 1404 2737 accenderentur
1437 2695 1491 2736 ad
1514 2695 1740 2749 poeticam,

232 2762 489 2803 servabatur
520 2776 670 2804 norma
702 2765 916 2816 carminis,
950 2778 1045 2806 cum
1076 2764 1332 2818 praesertim
1366 2764 1557 2805 Graecos
1590 2763 1738 2804 eadem

229 2830 436 2871 felicitate
482 2831 668 2873 retinere
712 2836 755 2872 et
799 2846 1008 2874 exornare
1048 2837 1245 2888 repertas
1285 2847 1483 2874 versuum
1516 2833 1632 2884 leges
1661 2845 1741 2885 par

231 2901 356 2949 esset,
387 2912 474 2952 qua
502 2903 601 2940 sunt
631 2900 696 2941 usi
726 2900 768 2940 in
797 2901 1062 2942 inveniendis
1093 2901 1240 2942 isdem.
