1898 3292
761 171 881 196 LIBER
899 171 1100 196 snprnuvs.
1603 165 1649 203 51
1661 165 1683 202 5

179 276 309 326 atque
353 272 503 314 finales
549 272 880 314 declinationum
930 277 972 314 et
1015 273 1362 325 coniugationum
1409 273 1535 315 modo
1586 288 1684 328 pro-

176 342 351 394 positas.

293 411 353 451 Ac
397 410 580 463 primum
631 409 801 463 quidem
850 409 1207 450 deminutivorum
1256 409 1308 450 de
1349 424 1428 451 usu
1470 410 1681 463 quaedam

175 477 320 531 placet
360 478 510 531 promi.
567 478 687 520 cuius
729 477 1011 519 subtilitatem
1052 478 1118 519 vel
1161 477 1482 520 Lachmannum
1524 479 1684 532 fugisse

177 549 378 599 apparet,
422 560 517 587 cum
562 546 768 588 Varronis
813 546 944 587 verba
991 546 1107 600 apud
1147 546 1329 587 Nonium
1370 561 1438 600 pg.
1473 551 1553 589 328
1596 563 1625 588 s.
1658 548 1683 588 l.

169 612 371 655 ‘iactare'
408 618 591 665 servata,
635 628 718 668 quo
751 614 1012 668 galliambici
1050 615 1175 656 metri
1203 614 1371 667 legibus
1402 615 1683 665 satisfaceret,

173 683 280 724 talia
310 683 550 736 refingeret,
584 697 694 736 quae
725 683 917 725 dolemus
949 697 1025 724 nos
1057 696 1194 737 nuper
1221 683 1449 737 probasse:

450 760 606 791 teretem
631 768 774 791 comam
799 758 982 791 volantem
1008 757 1178 791 iactamu'
1206 757 1342 801 galluli.

290 820 402 861 Sane
424 824 593 861 constat
621 820 838 874 plerisque
861 834 1007 862 amare
1029 821 1264 862 Varronem
1289 834 1372 861 non
1394 821 1533 862 minus
1555 835 1683 874 quam

175 889 421 930 Lucretium
455 892 497 929 et
528 888 743 930 Catullum
784 889 893 930 tales
925 889 1152 930 verborum
1195 888 1367 930 formas
1428 903 1478 930 ac
1520 889 1571 930 de
1606 890 1683 930 Ca-

173 957 268 998 tulli
301 960 417 998 certe
449 956 672 998 adiectivis
704 957 977 998 deminutivis
1010 957 1119 998 dixit
1146 957 1200 999 M.
1225 957 1440 1010 Hauptius
1473 957 1684 999 Observa-

173 1026 337 1067 tionum
379 1026 626 1067 criticarum
671 1025 696 1066 l.
742 1026 832 1080 [pg.
869 1026 955 1080 14].
1027 1026 1069 1066 in
1112 1026 1316 1067 Varronis
1363 1026 1531 1067 Saturis
1577 1026 1683 1067 haec

173 1094 263 1135 fere
284 1095 430 1135 insunt
453 1093 743 1135 substantiva:
765 1098 1034 1141 mummulus,
1057 1098 1253 1143 cultellus,
1278 1097 1485 1146 (liyilulus,
1509 1099 1684 1142 eculeus,

174 1166 321 1214 equila,
353 1166 701 1214 epifi-ammaum,
733 1166 942 1211 homullus,
974 1166 1251 1210 homunculus,
1284 1167 1452 1213 purello,
1478 1166 1683 1213 pocillum,

169 1235 344 1281 puellus,
375 1235 572 1281 puellula,
597 1235 772 1281 pupula,
803 1234 991 1282 siyillum,
1027 1235 1246 1279 testiculus,
1277 1235 1458 1282 (suillum,
1490 1234 1683 1279 tunicula,

172 1303 393 1347 uxorcula,
435 1299 647 1340 adiectiva
691 1303 964 1350 formosuluS,
1006 1303 1275 1348 meliusculus,
1320 1303 1510 1347 misellus,
1555 1302 1682 1351 uiyel-

173 1371 249 1416 lus,
281 1371 472 1416 novellus,
503 1371 720 1418 parvulus,
752 1371 936 1419 reqillus,
968 1372 1248 1419 ,s-uppuetulus,
1281 1371 1484 1412 taeitulus.
1516 1372 1683 1409 vetulus.

172 1436 215 1477 in
248 1449 332 1489 quo
364 1436 563 1478 convenit
596 1436 633 1477 ei
666 1450 761 1477 cum
798 1437 994 1487 satiricis,
1037 1437 1222 1478 maxime
1254 1436 1466 1486 Iuvenale,
1509 1437 1594 1490 qui,
1638 1440 1684 1478 ut

174 1504 444 1546 substantiva
486 1505 614 1556 talia,
656 1505 812 1558 quibus
853 1505 1079 1559 permultis
1120 1505 1279 1554 utitur,
1320 1519 1433 1547 nunc
1476 1506 1684 1556 omittam,

175 1573 388 1614 adiectiva
433 1572 566 1615 habet
617 1577 885 1622 candidulus,
933 1576 1193 1624 iuprobulus,
1240 1577 1450 1622 lividulus,
1494 1577 1683 1621 misellus,

167 1645 407 1692 pallidulus,
436 1646 652 1693 parvulus,
685 1646 917 1693 quantulus,
949 1645 1204 1691 rancidulus,
1245 1645 1555 1691 rubiczmdulu,s-,
1597 1657 1682 1683 sor-

175 1713 352 1760 didulus,
383 1714 551 1752 vetulus.
602 1711 668 1752 usi
702 1714 845 1752 autem
878 1711 980 1752 item
1003 1710 1253 1764 frequenter
1274 1710 1434 1751 talibus
1456 1710 1684 1752 verborum

173 1777 341 1830 formis,
387 1779 474 1820 sive
516 1778 644 1820 docta
683 1779 922 1820 imitatione
955 1779 1350 1832 antiquissimorum
1382 1779 1577 1832 repetitis
1609 1793 1684 1820 seu

172 1847 300 1900 vulgo
332 1847 638 1901 optinentibus,
670 1847 917 1889 ultimorum
949 1851 1190 1901 temporum
1222 1851 1374 1901 poetae
1407 1847 1523 1888 haud
1545 1847 1684 1901 pauci,

174 1921 280 1969 puta
302 1915 574 1968 Prudentius,
608 1915 825 1967 Paulinus,
848 1915 933 1968 alii,
966 1916 1039 1969 qui
1062 1916 1207 1957 dixere
1230 1916 1295 1957 vel
1328 1919 1505 1957 amellam
1537 1915 1683 1970 [Prud.

173 1997 213 2038 p.
244 1987 294 2025 st.
328 1988 365 2036 6,
406 1985 523 2039 149]‚
558 1988 781 2035 puellulam
817 1983 945 2041 [cath.
978 1989 1016 2035 9,
1050 1984 1169 2041 110],
1199 1988 1430 2025 miserulum
1462 1983 1684 2040 [Septim.],

173 2055 412 2093 rubellulum
461 2052 674 2109 [Martian.
708 2053 756 2104 V,
787 2056 881 2104 566,
917 2052 983 2109 4],
1029 2052 1185 2094 similia
1232 2052 1286 2094 ab
1334 2052 1495 2107 optima
1541 2055 1684 2093 aetate

174 2120 357 2162 diversa.
400 2146 452 2152 —
499 2121 573 2163 sed
615 2121 723 2163 haec
763 2135 858 2163 oum
903 2122 966 2163 ita
1008 2121 1209 2172 habeant,
1253 2124 1397 2163 tamen
1435 2134 1543 2174 nego
1585 2124 1685 2175 apte

174 2189 274 2243 poni
305 2202 330 2230 a
351 2189 626 2231 Lachmanno
659 2190 711 2231 de
745 2204 828 2244 quo
861 2190 1005 2244 agitur
1026 2204 1152 2231 versu
1183 2189 1289 2231 illud
1319 2192 1475 2241 qullull.
1528 2189 1684 2230 etenim

173 2257 282 2299 istae
314 2257 540 2309 dictiones,
582 2259 855 2312 quantumvis
891 2259 1079 2300 usitatae
1114 2271 1309 2300 sermone
1341 2257 1510 2311 plebeio
1543 2271 1593 2298 ac
1623 2257 1685 2298 fa-

173 2325 344 2378 miliari,
375 2330 520 2369 tamen
553 2341 578 2368 a
609 2327 761 2381 grandi
796 2331 839 2369 et
870 2327 985 2368 elata
1009 2328 1203 2369 oratione
1226 2340 1308 2368 non
1331 2326 1470 2367 minus
1493 2329 1683 2367 veterum

175 2407 304 2447 quam
346 2399 493 2437 nostro
536 2395 802 2437 abhorruere
839 2395 1012 2437 iudicio·
1072 2396 1221 2448 itaque
1262 2398 1310 2436 ut
1350 2394 1591 2436 maiestatis
1623 2394 1685 2435 rei

175 2466 275 2504 sunt
314 2463 436 2515 facti,
480 2463 553 2517 qui
585 2464 792 2506 Caesares
823 2464 1052 2506 deminutis
1084 2463 1411 2518 appellaverunt
1442 2462 1684 2504 nominibus

175 2530 327 2585 [Tacit.
360 2545 455 2573 ann.
487 2532 557 2583 VI,
591 2532 652 2586 5],
694 2533 756 2574 ita
787 2532 962 2586 indigna
995 2532 1145 2574 eadem
1178 2532 1365 2573 carmine
1398 2530 1683 2584 galliambico.

175 2613 313 2653 neque
337 2600 530 2642 Catullus
551 2601 696 2655 posuit
716 2602 759 2642 in
782 2615 831 2643 eo
853 2601 933 2642 nisi
964 2601 1030 2642 bis
1052 2601 1095 2642 in
1118 2601 1365 2642 narratione
1389 2600 1567 2653 propria
1589 2600 1683 2654 [353

177 2668 271 2722 74],
314 2683 526 2722 nusquam
565 2669 608 2710 in
639 2670 833 2711 oratione
867 2669 978 2711 Attis
1010 2673 1086 2711 aut
1120 2668 1321 2724 Cybelae3
1367 2681 1465 2709 nam
1498 2668 1682 2709 alienum

175 2749 210 2777 v.
244 2740 295 2778 56
326 2737 432 2779 illud
468 2742 653 2788 pupula;
680 2738 891 2779 incertum
924 2741 975 2779 66
1009 2741 1173 2779 corolla.

290 2806 380 2847 Nec
411 2820 512 2847 vero
544 2820 570 2847 a
603 2820 649 2847 re
682 2806 849 2848 videtur
890 2806 1075 2847 alienum
1117 2805 1169 2846 de
1202 2804 1371 2846 Horatii
1412 2816 1491 2845 usu
1535 2804 1684 2857 paucis

176 2872 399 2916 disserere.
446 2875 520 2928 qui
553 2889 648 2916 cum
679 2875 721 2915 in
745 2875 923 2925 Saturis,
948 2874 1167 2928 Epistulis,
1192 2872 1351 2926 Epodis
1372 2886 1452 2926 pro
1473 2873 1684 2913 tenuitate

1335 2942 1407 2974 33*
