1898 3292
715 221 833 245 LrssER
853 221 1009 245 PRIMVS.
1565 210 1613 245 81

106 325 288 379 pedibus
326 324 481 374 tribus,
522 324 584 364 ita
618 327 761 363 tamen
802 326 847 362 ut
887 321 1042 362 diversi
1074 334 1157 361 non
1188 321 1421 373 iungant-ur
1451 319 1613 359 interse

108 393 189 434 nisi
217 407 295 446 per
327 395 597 447 asynartetos
629 390 766 432 velut:

313 477 475 512 scribere
503 476 703 511 versiculos
731 476 734 519 l
763 486 887 509 amore
912 485 1130 519 percussum
1155 474 1268 518 gravi.

314 534 466 568 solvitur
491 534 586 568 acris
610 533 754 577 hiemps
779 535 884 577 grata
908 532 988 566 vice
1016 532 1019 575 ἱ
1047 531 1141 565 veris
1167 533 1204 564 et
1230 529 1378 564 Favoni.

317 588 513 635 Δήμητρος
538 588 649 635 ἁγνῆς
674 590 735 623 καὶ
764 584 887 640 Κόρης
916 589 918 633 l
947 585 1012 631 τὴν
1039 587 1246 632 πανήγυριν
1273 585 1400 632 σέβων.

110 672 261 709 contra
300 666 415 720 apud
448 665 678 707 Aeolenses
719 678 803 706 uno
845 664 958 706 idem
1003 667 1046 705 et
1083 662 1303 703 individuo
1346 661 1619 703 continentur

110 736 360 790 plerumque
392 738 541 775 metro.

222 804 312 844 Iam
353 802 468 856 quod
507 802 666 856 legitur
705 802 799 843 loco
832 800 1003 842 Horatii
1041 812 1172 853 supra
1212 798 1357 840 adlato
1400 801 1508 839 hunc
1545 811 1618 848 eqo

110 872 271 927 (potius
302 875 410 913 hunc
442 871 629 924 quoque),
665 869 720 911 ad
741 869 947 910 Alcaeum
968 867 1253 917 referendum,
1287 880 1370 907 non
1393 866 1448 907 ad
1472 865 1620 907 Archi-

108 941 280 982 lochum
330 944 430 993 post
479 938 721 980 Bentleium
769 937 1020 979 intellexere
1071 949 1228 977 omnes.
1301 949 1439 988 neque
1491 934 1620 975 ullast

111 1022 254 1059 causa,
287 1022 362 1049 cur
393 1007 594 1062 Sapphus
627 1008 670 1048 in
701 1020 746 1048 re
778 1005 959 1047 metrica
991 1004 1044 1045 ab
1075 1004 1148 1045 illo
1183 1004 1394 1044 rationem
1424 1002 1619 1044 habitam

111 1077 414 1119 existimemus.
474 1090 553 1117 nec
583 1075 720 1130 magis
753 1074 804 1116 de
835 1075 1104 1115 Anacreonte
1137 1075 1323 1123 constat,
1359 1085 1620 1125 quamquam

110 1146 282 1200 saepius
323 1146 359 1186 is
401 1144 454 1186 ab
496 1158 545 1185 eo
586 1145 629 1185 in
670 1144 813 1198 lyricis
856 1141 1137 1194 iambicisque
1178 1144 1418 1194 respectus,
1461 1143 1536 1180 aut
1568 1139 1620 1180 de

111 1213 382 1268 Bacchylide,
416 1213 536 1254 cuius
567 1212 715 1254 volunt
747 1211 922 1265 quidam
943 1223 1145 1251 numeros
1175 1209 1391 1250 imitatum
1423 1222 1456 1248 c.
1478 1208 1530 1258 II,
1558 1211 1620 1249 18.

226 1282 385 1323 Versus
426 1281 516 1323 eius
559 1294 704 1322 omnes
743 1279 1019 1334 reperiuntur
1062 1278 1178 1332 apud
1221 1277 1429 1327 Graecos,
1471 1276 1619 1317 Archi-

110 1351 282 1392 lochum
303 1354 410 1404 puta
431 1353 474 1391 et
495 1349 699 1391 Alcaeum
723 1348 984 1402 Sapphoque
1008 1350 1049 1388 et
1071 1348 1398 1396 Anacreontem,
1431 1345 1621 1398 exceptis

112 1419 297 1470 duobus,
339 1419 421 1460 hoc
464 1422 529 1460 est
569 1417 850 1470 iambelegico
892 1417 975 1471 [ep.
1011 1406 1080 1470 13]
1126 1419 1168 1456 et
1209 1414 1370 1455 maiore
1403 1413 1621 1467 sapphico,

113 1502 238 1542 quem
270 1491 426 1529 vocant
455 1487 508 1542 [c.
539 1487 570 1537 I,
603 1487 659 1541 ὃ]
720 1486 794 1539 qui
835 1489 979 1526 utrum
1023 1484 1077 1526 ab
1118 1484 1212 1538 ipso
1258 1483 1343 1524 sint
1380 1482 1527 1523 novati
1567 1481 1622 1523 ad

112 1556 308 1611 exempla
345 1555 615 1610 elegiambici
656 1559 699 1597 et
744 1554 941 1608 sapphici
982 1552 1158 1594 minoris
1199 1565 1352 1602 necne,
1393 1563 1477 1591 non
1517 1550 1623 1591 satis

113 1629 292 1667 constat.

226 1693 460 1735 Praeterea
490 1692 590 1733 talis
621 1695 685 1733 est
723 1691 951 1732 diversitas
980 1690 1092 1731 inter
1113 1688 1342 1730 Horatium
1365 1691 1407 1729 et
1428 1689 1623 1742 proxime

111 1775 390 1816 praegressos
430 1765 642 1815 tempore,
687 1759 802 1814 quod
837 1774 932 1800 cum
970 1758 1033 1799 illi
1070 1772 1094 1798 a
1137 1757 1382 1813 systematis
1424 1770 1623 1798 versuum

112 1830 367 1884 plerumque
398 1829 720 1880 abstinuissent,
752 1829 843 1882 ipse
875 1828 1017 1869 omnia
1040 1826 1231 1868 carmina
1261 1829 1435 1880 praeter
1458 1824 1624 1879 epodon

113 1899 310 1941 ultimum
342 1902 460 1940 certa
491 1898 688 1939 distinxit
719 1896 984 1950 aequalitate
1020 1900 1062 1936 et
1095 1895 1402 1945 concinnitate,
1444 1893 1546 1935 bina
1582 1894 1625 1934 in

115 1968 282 2022 epodis,
324 1970 369 2008 at
401 1966 504 2008 alibi
538 1970 749 2020 quaterna
781 1964 1069 2006 continuando
1103 1964 1207 2005 cola.
1269 1976 1451 2016 quarum
1482 1962 1625 2016 legum

114 2036 291 2078 alterius
323 2039 545 2077 auctorem
574 2034 728 2076 habuit
760 2033 1076 2084 Archilochum,
1109 2032 1286 2073 alterius
1318 2031 1451 2073 fuisse
1481 2044 1622 2072 exem-

114 2105 232 2159 plum
275 2104 479 2146 Alcaeum
527 2104 680 2145 statuit
724 2102 1024 2144 Lachmannus
1073 2101 1236 2156 [opusc.
1268 2100 1325 2151 II,
1369 2100 1454 2154 84].
1525 2113 1626 2141 sane

114 2173 230 2215 nullo
269 2176 398 2227 pacto
438 2175 583 2226 potest
627 2170 805 2226 probari
852 2174 927 2212 aut
969 2169 1183 2211 Catullum
1228 2172 1404 2222 praeter
1450 2168 1624 2221 Sappho

116 2245 192 2283 aut
223 2241 451 2283 Horatium
482 2244 657 2295 praeter
679 2240 884 2281 Alcaeum
916 2239 959 2279 in
990 2252 1034 2280 re
1067 2238 1248 2279 metrica
1280 2236 1441 2278 imitari
1473 2240 1623 2290 poetas

115 2310 270 2351 Aeolis.
321 2323 460 2363 neque
488 2311 804 2350 Anacreontem
836 2307 890 2349 ab
921 2306 1071 2348 eodem
1092 2309 1335 2361 respectum
1359 2304 1625 2346 crediderim.

116 2378 191 2420 sed
213 2378 266 2420 (10
286 2378 354 2419 his
375 2377 455 2419 sub
478 2377 606 2419 finem
629 2380 782 2431 agetur
803 2376 916 2428 libri,
947 2375 1022 2416 ubi
1045 2375 1096 2416 (10
1119 2374 1364 2429 systematis
1386 2373 1625 2414 dicendum.

231 2446 343 2488 Olim
384 2451 528 2488 autem
571 2446 780 2487 monitum
821 2459 846 2486 a
887 2444 1010 2486 nobis
1051 2443 1148 2485 ideo
1191 2443 1245 2484 ab
1278 2442 1461 2483 Horatio
1500 2441 1626 2495 primi

44 2515 52 2518 ’
115 2516 347 2571 lyricorum
367 2514 468 2556 libri
489 2515 630 2569 prima
650 2528 802 2556 novem
825 2513 1018 2555 carmina
1041 2513 1170 2566 (quae
1191 2525 1415 2553 numerum
1439 2514 1627 2563 aequant

117 2584 356 2638 Musarum)
387 2583 569 2625 totidem
602 2583 858 2624 concinnata
890 2581 1068 2623 diversis
1100 2580 1262 2631 metris,
1297 2583 1345 2620 ut
1366 2579 1512 2620 statim
1534 2579 1628 2631 ipsa

118 2655 388 2710 πολυμετρίᾳ
427 2651 637 2693 lectorum
681 2651 845 2692 animos
885 2650 1045 2691 tinnitu
1082 2648 1371 2702 Euphorionis
1404 2650 1627 2687 cantorum

117 2720 311 2763 nonnihil
340 2720 554 2774 fatigatos
575 2720 695 2761 novis
726 2719 1025 2761 adsuefaceret
1057 2716 1240 2758 modulis
1283 2719 1325 2757 et
1363 2714 1625 2756 conciliaret.

120 2803 171 2831 ac
200 2789 344 2830 nescio
377 2802 432 2830 an
464 2788 612 2829 eodem
646 2787 823 2829 consilio
847 2787 1001 2828 ductus
1022 2786 1065 2826 in
1088 2785 1236 2839 epodis
1260 2783 1480 2824 contraria
1502 2782 1628 2835 plane

120 2858 288 2899 ratione
318 2871 396 2911 per
429 2857 576 2898 decem
608 2860 808 2909 poemata
837 2855 951 2896 idem
993 2853 1255 2895 continuarit
1299 2855 1501 2901 metrum,
1544 2863 1628 2903 quo

120 2926 245 2968 citius
275 2925 547 2979 perciperent
576 2924 770 2966 homines
812 2937 908 2965 eum
949 2921 1158 2964 similibus
1205 2919 1376 2973 quidem
1406 2919 1469 2960 uti
1500 2922 1629 2972 atque

187 3006 220 3032 Ia.
238 3005 428 3038 Muellexi5
451 3005 496 3031 De
514 3012 536 3030 r.
555 3012 592 3030 m.
612 3012 640 3035 p.
658 3004 690 3029 1..
1335 2987 1355 3021 6
