1898 3292
710 266 827 291 LIBER
847 266 1035 297 ovARTvs.
1544 261 1565 296 Ρ»
1574 259 1618 298 21

117 363 191 409 ubi
232 361 375 410 t'amen
408 369 648 411 Gronovius
691 369 834 410 nescio
877 384 929 410 an
975 369 1124 410 melius
1163 376 1402 421 rzcctatque‚·
1442 385 1538 412 nam
1580 372 1623 412 in

117 437 337 479 codicibus
369 442 434 479 est
476 436 769 489 ‘recitatque';
813 435 1077 488 ‘tacitoque';
1120 436 1304 479 ‘tacita’.

230 506 319 546 Iam
352 506 464 559 quod
499 505 691 548 Catullus
725 506 810 560 [82
835 506 876 560 3]
910 520 960 546 ac
991 505 1179 546 Lucilius
1211 506 1400 560 [1V,22;
1433 507 1522 557 VII,
1549 511 1620 559 l9;

116 573 267 624 XXVI,
298 578 374 627 403
405 574 486 616 inc.
520 575 564 628 4]
605 588 699 615 cum
739 573 915 614 Manilio
948 574 1039 628 [HL
1074 574 1144 628 73]
1185 574 1352 615 dativos
1385 578 1439 619 ei,
1481 579 1620 624 eidem,

115 641 320 683 Horatius
364 643 417 697 [c.
451 642 507 694 II,
542 646 578 692 7,
611 647 655 694 ὃς
691 656 755 695 ep.
788 642 817 692 I,
853 645 889 692 7,
922 642 993 696 91]
1034 642 1251 683 vocativos
1285 646 1458 693 Pompei,
1502 646 1624 685 I'oltei

115 711 346 752 contractis
380 711 571 752 extulere
603 710 779 764 syllabis
809 710 959 763 longis,
992 709 1035 751 id
1057 724 1156 752 vero
1189 724 1238 751 eo
1269 724 1373 751 sono
1406 715 1419 751 i
1449 711 1622 753 litterae

115 780 269 830 evenit,
303 793 428 832 quem
463 779 647 820 inedium
679 780 793 820 inter
826 779 1014 820 vocalem
1049 782 1091 820 et
1123 793 1351 820 consonam
1384 780 1621 822 invenimus

112 848 152 888 in
185 848 387 889 finalibus
420 847 605 888 Rossicis
636 852 701 895 cm,
735 850 796 896 εἴα,
829 851 881 896 isc,
915 851 988 895 mi,-
1018 847 1091 888 ubi
1120 862 1146 887 u
1178 852 1338 900 aequat
1370 852 1560 890 nostram
1594 854 1618 891 i.

113 930 163 957 ac
200 916 396 957 similiter
437 930 462 956 a
495 916 672 957 Graecis
715 915 1025 968 antiquissimis
1064 915 1153 955 iota
1196 915 1320 965 illud,
1362 917 1476 969 quod
1521 918 1620 958 sub-

111 984 326 1035 scribitur,
358 984 529 1025 videtur
558 984 882 1037 pronuntiatum
947 997 1084 1036 neque
1120 983 1229 1024 enim
1262 975 1406 1025 veram
1439 985 1617 1026 dixerim

112 1067 363 1102 consonam,
409 1053 510 1094 licet
556 1053 685 1093 fuisse
732 1053 803 1105 qui
849 1056 1091 1093 statuerent
1128 1066 1206 1105 per
1244 1066 1336 1093 eam
1380 1053 1618 1095 efferendos

110 1122 327 1163 vocativos
351 1125 514 1172 Pompei
535 1125 577 1162 et
610 1124 731 1162 I'oltez'
763 1125 804 1161 et
827 1120 985 1161 similes
1009 1120 1330 1162 demonstretur
1351 1136 1376 1163 a
1399 1122 1618 1164 Prisciano

111 1191 243 1245 [739]
295 1190 368 1231 sed
400 1191 543 1244 potius
575 1189 841 1243 diphthongo
874 1203 925 1230 ea
956 1193 1138 1239 utemur,
1172 1203 1301 1242 quam
1333 1190 1497 1232 Rossici
1530 1205 1617 1232 ser-

109 1260 245 1300 monis
278 1258 471 1312 exemplo
502 1258 681 1299 firmavi.

224 1327 318 1368 Non
347 1331 490 1368 autem
520 1327 604 1368 huo
636 1326 840 1380 pertinet,
874 1326 988 1379 quod
1023 1325 1226 1367 Paulinus
1260 1326 1616 1370 Petricordiensis

110 1396 181 1450 [de
211 1396 319 1437 visit.
348 1400 486 1450 nepot.
514 1396 585 1450 23]
617 1395 874 1450 disyllabum
905 1394 1049 1448 posuit
1081 1397 1221 1438 eidem,
1255 1409 1350 1436 cum
1383 1396 1614 1438 Caesarum

108 1468 251 1506 aetate
284 1465 424 1518 prima
453 1464 496 1505 in
529 1468 578 1512 ei,
612 1467 669 1505 eis
702 1477 870 1517 semper
899 1467 1011 1505 esset
1040 1462 1195 1504 brevis.

222 1534 419 1575 Ceterum
465 1536 501 1574 ei
542 1533 686 1574 dativo
727 1546 829 1573 casu
872 1532 1055 1585 positum
1097 1531 1312 1586 producta
1350 1534 1616 1586 paenultima

108 1606 154 1644 ut
185 1602 363 1643 Plautus
394 1601 724 1654 Terentiusque,
766 1601 828 1641 ita
859 1600 1085 1642 Lucretius
1126 1601 1233 1641 dixit
1264 1600 1496 1643 identidem
1539 1603 1613 1657 [cf.

108 1670 311 1712 Ritschel.
344 1684 409 1724 op.
442 1670 494 1721 II,
525 1670 627 1724 419]
661 1673 703 1710 et
735 1669 866 1710 semel
897 1669 1098 1710 Manilius
1130 1669 1178 1723 [L
1213 1670 1326 1724 285]

219 1740 275 1780 At
303 1738 486 1780 iambice
518 1742 774 1792 usurpatum
806 1737 920 1791 apud
944 1737 1179 1792 dactylicos
1201 1751 1284 1778 non
1305 1739 1473 1779 invenio
1494 1740 1614 1793 prius

106 1821 234 1860 quam
266 1807 308 1848 in
341 1807 479 1848 Ovidii
510 1807 764 1848 Halieuticis
795 1806 887 1861 [34]
930 1809 973 1847 et
1002 1805 1116 1860 apud
1150 1805 1452 1848 Germanicum
1485 1808 1612 1862 [arat.

106 1879 207 1928 3333
239 1876 353 1930 457]
414 1889 548 1929 quare
580 1889 659 1916 nec
687 1875 768 1916 hoc
799 1874 949 1928 probo,
983 1874 1099 1928 quod
1130 1874 1431 1917 Lachmannus
1461 1877 1502 1917 in
1535 1876 1613 1918 Ca-

104 1944 199 1985 tulli
229 1943 590 1999 hendecasyllabo
623 1943 881 1985 existimavit
913 1942 1188 1984 scribendum
1221 1943 1306 1997 [38,
1341 1943 1406 1997 2]:

378 2029 509 2064 malest
533 2029 743 2063 mehercule
770 2029 802 2062 ei
828 2032 865 2063 et
888 2028 1081 2071 laboriose,

103 2124 182 2152 nec
214 2124 419 2164 umquam
452 2124 478 2151 a
508 2109 715 2151 scaenicis
747 2108 874 2150 credo
908 2112 944 2150 ei
984 2109 1170 2162 positum
1214 2112 1414 2163 correpta
1454 2110 1611 2164 priore,

103 2193 198 2220 cum
230 2179 486 2233 praesertim
519 2178 687 2219 diversa
719 2177 916 2231 exempla
946 2181 989 2218 et
1027 2191 1168 2231 pauca
1207 2181 1404 2219 constent
1434 2193 1611 2221 numero

102 2251 277 2301 praeter
320 2261 386 2299 ea,
422 2261 533 2301 quae
576 2246 846 2288 coniectandi
883 2245 1061 2287 libidine
1100 2259 1358 2300 provenere,
1402 2251 1444 2288 et
1485 2247 1610 2289 facile

101 2316 268 2370 possint
307 2316 528 2357 removeri.
589 2317 652 2356 ita
692 2329 788 2357 cum
832 2314 962 2356 semel
1003 2314 1084 2356 nisi
1125 2314 1228 2368 quid
1266 2328 1332 2356 me
1363 2314 1475 2369 fugit
1505 2316 1610 2358 iam-

102 2384 244 2426 bicum
286 2388 323 2426 εἰ
362 2384 604 2425 inveniatur
646 2384 761 2438 apud
792 2383 1040 2425 Terentium
1071 2382 1153 2424 hoc
1183 2397 1310 2425 versu
1353 2383 1465 2438 [eun.
1497 2385 1611 2439 926}

100 2452 174 2494 ubi
206 2456 350 2494 tamen
379 2453 520 2494 variat
550 2453 696 2494 lectio:

375 2550 458 2572 nam
483 2541 524 2572 ut
548 2538 691 2571 mittam
719 2537 817 2581 quod
845 2537 877 2571 ei
903 2548 1066 2571 amorem
1090 2535 1368 2580 difficillumum,

101 2613 250 2666 quidni
273 2612 510 2655 scribemus
546 2611 674 2663 ‘quod
695 2626 869 2654 amorem
891 2615 928 2653 εἰ
940 2609 973 2652 ²?
995 2636 1050 2640 —
1071 2615 1260 2653 ceterum
1283 2611 1349 2652 vel
1369 2612 1608 2664 posteriore

101 2684 244 2723 aetate
275 2695 375 2723 raro
406 2681 636 2723 admodum
667 2681 883 2734 reperitur
912 2680 1143 2721 iambicum
1177 2683 1224 2721 el.

215 2750 419 2803 Sequitur
449 2753 498 2791 ut
531 2763 623 2790 eam
665 2750 851 2802 speciem
889 2749 1091 2803 synizesis
1130 2761 1345 2799 enarrem,
1391 2761 1501 2800 quae
1541 2761 1606 2789 se-

101 2818 239 2859 cundo
272 2821 441 2860 constat
470 2831 625 2871 genere
657 2817 1031 2870 diphthongorum.
1082 2817 1229 2869 itaque
1258 2816 1423 2869 primus
1445 2815 1606 2857 Ennius

100 2886 257 2928 dixisse
289 2886 457 2927 videtur
487 2899 574 2927 una
603 2885 769 2940 syllaba
799 2899 893 2926 suos
923 2885 986 2926 ita
1017 2884 1159 2939 [233]:

373 2965 487 3000 Poeni
513 2965 610 2999 soliti
637 2976 720 2999 suos
747 2964 952 2998 sacrificare
979 2964 1140 3008 puellos:

166 3045 196 3069 L.
217 3045 405 3077 Mueller13
431 3046 474 3071 De
494 3053 514 3070 r.
535 3053 570 3070 m.
590 3053 617 3076 p.
638 3046 669 3070 L.
1287 3031 1323 3062 '2¹
