1898 3292
283 274 305 310 4
313 274 334 311 5
341 274 364 312 8
890 283 1010 308 LIBER
1029 284 1184 309 SEXTVS.

282 383 428 423 eadem
464 384 550 424 fere
585 388 726 425 aetate
764 384 1001 438 Eliogabali
1033 386 1306 439 imperatoris
1337 400 1489 427 nomen
1522 386 1783 441 discerptum

281 466 306 492 a
337 451 523 505 quodum
556 453 617 494 sic
649 452 876 509 [l‘ompei.;
910 467 1085 507 gramm.
1122 453 1194 494 lat.
1230 454 1276 504 V,
1308 454 1430 510 309]:

554 532 636 567 Elio
663 545 746 567 nam
770 533 932 578 gabalus.

280 599 416 640 simile
448 600 608 642 factum
641 601 683 641 in
706 615 842 651 versu,
874 615 1000 655 quem
1022 601 1140 642 Beda
1172 601 1313 642 adfert
1341 601 1384 642 in
1415 602 1558 644 libello
1590 603 1642 644 de
1667 603 1785 645 sche-

279 668 467 709 mat-ibus
500 672 543 709 et
575 670 710 723 tropis
743 671 828 724 [pg.
864 673 945 711 614
973 669 1065 724 H.:]

552 748 668 782 Hiero
696 761 803 792 quem
829 750 958 794 genuit
985 748 1142 794 Solymis
1167 748 1346 783 Davidica
1370 750 1502 793 proles.

278 830 416 868 neque
453 816 580 857 medii
624 818 716 858 aevi
761 821 960 858 auctores
1002 817 1110 858 tales
1153 818 1371 870 aspernati
1416 818 1607 859 facetias.
1670 819 1786 860 velut

278 883 392 937 apud
422 885 636 926 Dicuilum
668 885 803 927 habes
835 885 904 940 [cf.
938 885 1044 926 Keil.
1072 899 1132 938 gr.
1162 885 1187 926 l.
1219 886 1291 936 Ill,
1326 886 1447 940 390]:

552 964 670 999 Prisci
698 965 797 999 canit
822 965 945 1009 pueris
970 965 1061 999 haec
1088 965 1146 998 ani
1174 965 1495 1007 cuncta-libellus;

277 1035 319 1072 et
349 1032 390 1072 in
421 1032 569 1074 codem
599 1034 767 1074 nomine
801 1033 915 1087 apud
948 1033 1191 1074 Ebrardum
1224 1033 1578 1075 Bethuniensem:

550 1124 622 1146 non
650 1113 748 1157 quod
770 1113 837 1147 sim
863 1112 981 1147 Prisci
1007 1113 1115 1147 dictis
1141 1113 1346 1146 contrarius
1371 1114 1440 1147 ani.

392 1180 475 1221 Sed
517 1180 624 1222 hacc
667 1181 998 1234 qualiacumque
1040 1181 1191 1222 Lucilii
1235 1181 1503 1234 potissimum
1546 1182 1785 1224 imitatione

275 1249 522 1301 provenisse
554 1253 735 1302 apparet
766 1250 941 1291 Ausonii
974 1249 1067 1290 loco
1100 1249 1177 1289 tali
1208 1249 1347 1304 [epist.
1382 1254 1418 1301 5,
1450 1250 1545 1304 36]:

550 1329 633 1362 villa
658 1329 800 1363 Lucani
824 1341 909 1363 mox
933 1329 1086 1373 potieris
1112 1340 1188 1363 aco.

549 1387 705 1420 rescisso
730 1386 849 1420 disces
876 1397 1086 1430 conponere
1114 1386 1260 1420 nomine
1286 1397 1440 1420 versum.

549 1442 671 1477 Lucili
696 1444 788 1477 vatis
816 1444 867 1477 sic
894 1443 1058 1476 imitator
1084 1443 1165 1476 eris.

275 1525 300 1551 a
333 1525 416 1563 qno
444 1511 663 1564 profectus
698 1512 912 1565 Eugenius
945 1511 1177 1552 Toletanus
1210 1525 1302 1552 cum
1338 1515 1429 1552 toto
1467 1513 1655 1553 carmine
1691 1513 1781 1567 [Δὸ]

273 1579 538 1633 ineptissime
572 1579 786 1621 divisisset
816 1594 954 1631 voceS,
987 1580 1170 1622 subiecit
1201 1579 1329 1621 haec:

550 1672 616 1703 pro
642 1660 709 1694 tibi
736 1660 789 1693 uti
816 1663 940 1694 nostro
966 1660 1088 1694 veniat
1114 1672 1159 1694 ex
1186 1660 1346 1694 carmine
1372 1661 1502 1702 fectus,

548 1717 663 1750 instar
687 1716 808 1750 Lucili
835 1729 949 1761 cogor
974 1717 1202 1761 disrumpere
1227 1717 1348 1751 verba.

390 1785 623 1825 Ausonium
656 1784 826 1838 quidem
861 1788 1030 1826 constat
1058 1799 1142 1826 non
1163 1785 1316 1826 Lucilii
1350 1784 1485 1838 magis
1508 1799 1636 1838 quam
1660 1786 1784 1827 Ennii

273 1852 452 1905 integris
497 1867 620 1894 usum
661 1853 796 1903 libris,
842 1854 915 1895 sed
956 1857 1160 1907 excerpta
1203 1868 1254 1894 ex
1295 1853 1355 1894 eis
1385 1852 1644 1907 anthologia.
1706 1869 1784 1896 nec

273 1935 373 1961 vero
407 1920 674 1974 probabilest
705 1922 828 1975 paria
858 1922 1116 1972 Ausoniano,
1159 1922 1274 1975 quod
1306 1936 1437 1975 supra
1469 1923 1603 1975 posui,
1641 1937 1782 1963 exem-

272 1989 343 2042 pla
374 1990 520 2031 tmesis
552 1990 607 2031 ab
637 1990 710 2032 illo
746 1994 966 2044 usurpata,
1002 1991 1081 2031 nisi
1113 1990 1238 2041 forte,
1271 1994 1319 2032 ut
1342 1990 1466 2031 Ennii
1492 2004 1657 2032 versum
1681 1995 1780 2032 ante

273 2062 556 2099 memoratum
590 2058 667 2107 vel,
712 2059 834 2113 siqua
865 2059 902 2101 is
934 2059 1146 2100 commisit
1179 2059 1344 2110 similia,
1387 2059 1555 2100 urbana
1584 2059 1783 2101 irrideret

270 2126 565 2168 insectatione.

387 2196 435 2235 In
478 2195 699 2237 vocabulis
742 2196 1009 2250 compositis,
1058 2209 1238 2249 quorum
1288 2196 1404 2249 prior
1449 2210 1547 2249 pars
1593 2210 1674 2237 non
1719 2201 1784 2238 est

274 2263 548 2316 praepositio,
586 2264 722 2317 primo
748 2264 842 2306 loco
875 2263 1153 2306 memoranda
1185 2264 1532 2317 frequentissima
1564 2264 1677 2317 apud
1709 2280 1780 2319 po-

273 2334 366 2372 etas
396 2346 446 2372 ac
477 2347 529 2373 ne
562 2347 587 2373 a
619 2346 773 2386 prosae
806 2332 976 2386 quidem
1009 2346 1127 2373 more
1159 2332 1299 2373 aliena
1327 2332 1473 2373 tmesis
1505 2332 1635 2383 verbi,
1667 2333 1781 2386 quod

272 2403 337 2441 est
369 2404 620 2451 quicumque,
654 2401 718 2442 vel
752 2401 948 2442 similiter
970 2401 1226 2442 iunctorum.
1276 2401 1350 2442 sed
1375 2400 1540 2441 rariora
1562 2404 1609 2441 ut
1630 2404 1780 2454 tanga-

274 2482 385 2519 mus,
429 2468 537 2509 dixit
576 2469 801 2511 Lucretius
843 2469 932 2523 [1V,
962 2470 1033 2523 28]
1078 2483 1156 2523 pro
1192 2472 1434 2520 primordiis
1476 2472 1595 2509 ordia,
1632 2473 1778 2519 prima.

270 2536 383 2577 idem
431 2536 533 2577 alibi
579 2538 667 2592 [VL
701 2541 803 2589 2333
837 2539 938 2592 962]
982 2551 1161 2588 rareque
1200 2540 1332 2588 facim
1373 2541 1481 2588 fucit
1520 2551 1604 2577 ure.
1667 2537 1781 2590 quod

271 2604 465 2646 imitatus
498 2619 607 2646 saec.
640 2606 701 2646 III
732 2605 1063 2647 Commodianus
1094 2605 1265 2658 scripsit
1299 2605 1347 2659 [L
1381 2609 1446 2655 25,
1483 2608 1532 2645 13
1565 2619 1630 2658 pg.
1659 2606 1779 2659 15c]:

546 2685 703 2729 obstupe
735 2686 806 2718 iam
833 2686 950 2719 factus
976 2686 1055 2719 iura
1082 2688 1118 2719 te
1145 2685 1294 2718 credere
1325 2684 1481 2718 Christo.

271 2752 410 2793 minus
437 2752 580 2794 audax
610 2752 735 2804 illud,
779 2753 892 2806 quod
924 2754 1071 2795 Cicero
1107 2753 1229 2806 ponit
1258 2753 1301 2793 in
1335 2752 1503 2794 Arateis
1536 2752 1678 2806 [frgm.
1712 2752 1776 2806 5]:

546 2855 634 2887 quas
660 2844 775 2877 nostri
801 2847 943 2887 septem
970 2843 1066 2877 soliti
1091 2843 1254 2877 vocitare
1279 2843 1434 2886 triones,

271 2914 317 2956 at
347 2911 680 2953 audacissimum
716 2911 1006 2964 Vergilianum
1039 2912 1081 2952 in
1114 2911 1335 2965 Georgicis
1368 2911 1458 2965 [HL
1492 2912 1615 2965 381]:

683 2994 825 3036 septem
850 2991 1016 3025 subiecta
1040 2991 1161 3025 trioni.
