1898 3292
205 243 284 280 ‘202
801 249 919 274 LIBER
939 249 1112 274 TERTIVS.

317 353 371 393 Et
409 353 452 392 in
491 352 771 406 asynartetis,
817 366 892 392 seu
937 351 1047 392 binis
1089 352 1127 391 ei
1169 354 1368 392 constant
1398 351 1592 392 versibus
1625 352 1712 392 sive

203 421 380 474 singulis
412 435 507 461 cum
539 423 662 474 parte
695 419 885 470 alterius,
916 419 1133 460 distinctio
1164 419 1488 472 diligentissime
1517 422 1713 460 servatur

202 493 508 543 praeterquam
546 502 572 530 a
602 488 834 529 Prudentio
878 489 921 528 in
962 488 1034 528 illo
1076 488 1188 542 [peri
1219 492 1267 528 st.
1304 491 1377 539 12;
1414 488 1482 542 13]
1526 486 1713 528 ‘solvitur

202 561 313 599 acris
353 561 477 598 hiems
518 564 642 609 [μαῖα
683 560 768 598 υἰεε
810 560 916 597 veris
961 564 999 597 et
1038 554 1215 597 Favoni'
1262 560 1304 597 et
1344 570 1369 597 a
1411 556 1617 609 Septimio
1663 570 1713 596 ac

203 626 460 667 Terentiano
499 626 541 666 in
583 625 661 666 tali
701 626 764 680 [V.
798 629 903 667 1893
938 625 1049 679 sqq]
1094 624 1216 666 ‘Iane
1251 633 1397 676 paler,
1433 628 1535 665 Iane
1578 631 1712 673 tuens,

204 698 293 736 de‘ve
324 697 473 745 biceps,
505 690 727 745 biformis',
771 696 818 734 ut
848 697 952 747 puta
985 694 1041 748 [p.
1066 697 1115 734 st.
1142 696 1204 743 12,
1231 697 1304 744 193
1337 693 1433 747 43]:

479 776 632 807 noverat
658 785 703 807 ex
728 772 855 806 humili
883 773 1023 807 caelum
1050 773 1158 806 citius
1184 773 1302 807 solere
1328 773 1430 806 adiri.

478 833 604 875 pastor
631 842 715 864 oves
744 830 807 864 alit
830 830 909 874 ipse
935 830 1009 864 illic
1031 829 1141 874 gyelz'di
1168 831 1290 874 rigore
1316 830 1438 864 fontis.

204 900 306 941 item
340 901 425 955 [ap.
459 899 552 940 Ter.
589 899 738 954 1900}

476 979 545 1013 tibi
569 981 674 1013 vetus
699 990 761 1012 ara
787 978 900 1012 caluit
926 977 1150 1022 Aborigineo
1176 978 1320 1012 sacello.

318 1048 407 1089 Iam
443 1051 588 1089 cetera
617 1047 680 1088 uti
714 1047 957 1101 expediam,
1001 1047 1243 1088 hexametri
1287 1046 1487 1101 dactylici
1527 1051 1575 1087 ut
1616 1047 1713 1088 sim-

202 1117 454 1171 plicissima,
494 1117 553 1157 ita
586 1115 878 1170 pulcherrima
908 1115 1032 1169 longe
1065 1119 1305 1165 caesurast,
1347 1129 1432 1168 qua
1463 1119 1561 1169 post
1593 1116 1713 1168 quin-

201 1190 293 1228 tum
330 1185 589 1239 semipedem
628 1184 777 1225 finitur
814 1184 1004 1226 verbum.
1064 1184 1173 1225 haec
1200 1198 1225 1224 a
1258 1183 1435 1225 Graecis
1475 1183 1714 1238 penthemi-

203 1268 353 1306 meres,
386 1269 412 1296 a
443 1253 646 1295 Romanis
679 1253 986 1306 semiquinaria
1018 1256 1217 1293 vocatur:

477 1334 573 1369 bella
598 1345 665 1378 per
689 1333 882 1368 Emathios
912 1333 913 1355 ἶ
942 1333 1024 1377 plus
1050 1345 1158 1377 quam
1185 1332 1302 1366 civilia
1329 1344 1489 1377 campos.

205 1418 255 1445 ea
289 1403 491 1456 quoniam
523 1405 731 1456 quantum
754 1405 853 1456 pote
875 1401 969 1443 fieri
990 1402 1175 1443 maxime
1198 1401 1485 1455 aequabiliter
1508 1400 1714 1441 dividitur

202 1486 350 1513 versus
386 1497 428 1501 —-
467 1485 565 1512 nam
598 1471 716 1525 prior
747 1485 848 1524 pars
881 1474 1042 1524 quanto
1064 1471 1203 1512 minor
1233 1470 1484 1524 posteriore,
1516 1473 1636 1510 tanto
1660 1469 1714 1510 ob

203 1541 432 1583 elationem
462 1540 578 1581 vocis
610 1539 792 1581 validior
824 1564 899 1589 —,
943 1539 1061 1580 nulla
1092 1542 1321 1593 praeterea
1367 1552 1474 1592 opus
1516 1542 1581 1579 est
1610 1537 1714 1578 inci-

203 1610 332 1651 sione.
403 1622 541 1663 neque
588 1608 812 1662 intellego,
866 1621 1053 1661 quanam
1106 1607 1261 1649 ductus
1311 1608 1480 1648 ratione
1525 1608 1716 1661 potuerit

204 1678 475 1719 Hermannus
507 1680 697 1719 statuere
731 1677 802 1732 [de
831 1681 913 1718 aet.
937 1676 1098 1730 Orphei
1125 1691 1165 1730 p.
1190 1676 1290 1731 690]
1320 1689 1543 1717 caesuram
1574 1675 1714 1725 istam,

203 1747 285 1788 nisi
316 1747 427 1788 aliae
458 1746 688 1797 accedant,
728 1745 880 1787 duram
912 1745 1005 1786 fieri
1041 1749 1171 1799 atque
1203 1758 1417 1799 asperam,
1461 1744 1715 1798 praesertim

203 1816 238 1858 si
270 1815 467 1870 pluribus
504 1815 547 1856 in
589 1814 763 1856 sedibus
806 1814 1050 1856 hexametri
1092 1813 1241 1855 similis
1283 1813 1338 1855 sit
1376 1813 1537 1854 incisio.
1600 1816 1716 1854 certe

202 1885 310 1926 haec
343 1884 556 1926 sententia
587 1883 854 1925 Graecorum
887 1886 930 1925 et
960 1883 1097 1936 magis
1127 1883 1379 1924 Latinorum
1423 1881 1617 1935 exemplo
1650 1894 1716 1922 re-

204 1953 377 1995 fellitur.
439 1953 514 1995 sed
549 1953 747 1994 decorem
792 1956 840 1993 ut
877 1951 1128 2006 probemus,
1169 1951 1386 2005 geminata
1428 1954 1552 2004 parte
1592 1963 1716 2003 prae-

205 2022 383 2064 cedente
423 2047 480 2053 ——
518 2035 543 2063 a
585 2035 671 2075 qua
714 2020 884 2062 excludi
920 2020 1072 2062 melius
1106 2019 1342 2074 spondeum
1374 2019 1399 2060 l.
1429 2019 1469 2060 II
1501 2018 1716 2060 declaravi

207 2116 248 2121 —-
292 2091 429 2132 oritur
459 2104 607 2132 versus
637 2090 874 2143 elegiacus,
918 2089 991 2143 qui
1033 2089 1076 2130 in
1118 2088 1280 2130 corolla
1320 2088 1444 2141 quasi
1481 2090 1716 2129 metrorum

205 2160 470 2202 Graecorum
503 2173 555 2200 ex
576 2159 705 2200 meris
728 2158 906 2212 gemmis
936 2161 1160 2200 constante
1193 2157 1427 2199 secundum
1456 2159 1556 2210 post
1584 2155 1715 2196 hexa-

203 2232 386 2270 metrum
416 2228 559 2270 locum
592 2227 799 2282 optinuit:

479 2314 575 2349 bella
601 2324 669 2358 per
693 2312 887 2348 Emathios
916 2313 917 2355 ,
947 2312 1042 2347 bella
1069 2324 1135 2357 per
1160 2311 1362 2346 Emathios.

209 2402 320 2442 quae
366 2392 465 2442 post
515 2401 740 2430 caesuram
786 2387 1108 2441 relinquuntur,
1160 2386 1480 2440 paroemiacum
1528 2387 1716 2438 aequant

203 2460 400 2508 metrum,
432 2457 547 2511 quod
579 2460 622 2498 et
649 2457 789 2510 ipsum
822 2470 900 2498 sua
930 2455 1040 2497 nitet
1070 2455 1308 2508 elegantia:

685 2543 768 2587 plus
796 2553 905 2586 quam
930 2541 1051 2576 civilia
1076 2552 1236 2585 campos.

204 2619 352 2672 itaque
387 2617 605 2659 distinctio
638 2617 957 2670 semiquinaria,
989 2620 1038 2657 ut
1069 2615 1186 2670 apud
1217 2619 1384 2656 veteres
1417 2614 1560 2667 epicos
1584 2614 1717 2655 Grae-

206 2701 353 2728 corum
383 2700 469 2727 non
499 2686 562 2726 ita
598 2685 733 2726 multo
774 2685 913 2726 minus
957 2687 1190 2738 usurpater
1229 2697 1358 2736 quam
1399 2696 1581 2724 caesura
1619 2686 1718 2735 post

205 2755 458 2796 trochaeum
488 2754 685 2803 tertium,
725 2754 793 2794 cui
825 2767 928 2794 sane
960 2753 1014 2794 ab
1045 2753 1129 2794 illis
1162 2765 1330 2805 semper
1362 2755 1426 2792 est
1456 2751 1716 2805 posthabita,

204 2824 267 2865 ita
296 2823 549 2864 Latinorum
589 2823 633 2863 in
676 2822 798 2863 libris
842 2821 991 2874 quovis
1022 2825 1215 2874 tempore
1246 2820 1327 2861 fuit
1357 2819 1716 2872 frequentissima.

204 2895 434 2946 praeterea
454 2894 633 2945 propter
650 2891 859 2944 insignem
881 2889 1153 2930 nobilitatem
1179 2889 1370 2929 carmina
1392 2888 1557 2928 maiora
1579 2887 1718 2928 solent

205 2961 459 3021 plerumque
489 2960 684 3002 incohari
718 2973 778 3000 ea.
840 2972 1079 3013 congruens
1110 2960 1254 3000 autem
1287 2957 1377 2998 eius
1410 2960 1475 2998 est
1505 2955 1716 3010 dignitati,
