1898 3292
757 239 877 264 LIBER
895 239 1084 270 QVARTVS.
1592 236 1672 273 355

283 339 419 392 Igitur
456 340 851 394 hypercatalectum
899 341 1193 382 hexametrum
1243 343 1405 395 primus
1450 343 1672 386 admisisse

168 408 336 450 videtur
366 408 555 449 Lucilius
590 409 615 449 1.
651 408 770 449 XVII
803 410 862 463 [6]
895 410 977 450 ita:
1021 408 1188 461 ‘maana
1223 425 1314 451 ossa
1345 415 1569 462 lacet-tique
1600 427 1672 464 ap-

163 484 317 528 par-em
350 474 557 517 hominis’.
622 471 722 517 ‘nam
765 477 879 530 apud
914 477 1180 518 Macrobium
1212 478 1235 518 l.
1270 479 1326 519 VI
1370 480 1424 533 [1,
1457 481 1528 534 43]
1571 484 1672 522 noto

167 544 443 586 librariorum
466 558 610 585 errore
633 544 791 597 legitur
812 548 974 586 Lucius.
1023 546 1196 598 quidam
1220 547 1427 600 suspicati
1449 548 1500 588 de
1524 548 1671 589 Ennio.

168 612 298 654 semel
332 612 418 653 tale
448 616 631 653 metrum
664 612 862 654 adhibuit
894 613 1119 655 Lucretius
1154 613 1217 670 [V‚
1251 614 1363 671 846]‚
1394 616 1497 657 item
1530 617 1673 658 Catul-

168 682 232 723 lus
267 681 348 737 [ss4‚
381 679 493 736 298]⁷
525 681 590 722 bis
621 681 825 722 Horatius
856 681 897 722 in
932 681 1208 724 Sermonibus
1243 682 1288 739 [L
1320 689 1356 732 4,
1391 688 1464 736 963
1498 685 1671 741 ss,102]‚

166 755 255 791 tum
291 750 503 803 Vergilius
545 750 801 802 aliquotiens
839 750 881 790 in
914 750 1136 804 Georgicis
1169 755 1211 792 et
1242 752 1446 802 Aeneide,
1490 753 1673 806 denique

167 819 292 859 huius
339 818 625 859 aemulatione
672 817 847 859 Ovidius
900 819 942 858 in
987 819 1390 873 Metamorphoseon
1440 821 1561 862 libris
1606 826 1673 863 ter

169 886 259 942 [1V,
296 890 370 938 113
414 890 515 938 7803
557 887 630 937 VI,
671 886 783 942 507}
854 891 984 940 atque
1032 887 1139 928 haec
1185 889 1327 929 omnia
1372 889 1413 929 in
1461 890 1672 930 continuis

166 955 426 995 hexametris
458 968 692 1008 provenere
725 955 931 1009 exempla.
983 955 1087 996 illud
1110 957 1261 997 merito
1285 956 1519 1007 dubitatur,
1553 972 1671 998 secu-

167 1028 234 1064 tus
257 1022 564 1064 Callimachum
587 1023 780 1064 Catullus
802 1038 901 1064 num
924 1025 965 1064 in
996 1024 1189 1065 distichis
1221 1026 1442 1078 scripserit
1476 1024 1511 1081 [l
1526 1030 1585 1076 152
1607 1026 1670 1082 5]:

922 1110 1107 1154 saltusque
1134 1111 1359 1154 paludesque

417 1177 532 1210 usque
558 1166 603 1199 ad
627 1166 893 1211 Hyperboreos
920 1170 957 1201 et
980 1178 1079 1201 mare
1105 1167 1150 1200 ad
1174 1166 1373 1202 Oceanum.

165 1240 237 1282 ubi
284 1241 392 1282 bene
437 1241 551 1281 docti
598 1242 713 1295 (nam
756 1245 923 1283 saltibus
965 1242 1106 1282 nullus
1150 1246 1215 1282 est
1253 1242 1390 1295 locus)
1430 1242 1672 1295 reposuisse

165 1309 363 1350 videntur
394 1309 498 1350 illud
531 1314 716 1360 altasque
744 1314 932 1360 paludes.
965 1335 1019 1338 —
1048 1324 1192 1351 verum
1226 1313 1323 1363 post
1355 1311 1535 1363 Augusti
1568 1314 1672 1351 tem-

166 1391 245 1431 pus
276 1377 318 1418 id
352 1391 484 1430 genus
521 1378 706 1419 elisionis
729 1377 926 1420 adhiberi
948 1378 1075 1431 plane
1098 1378 1324 1419 desitumst
1345 1382 1519 1431 praeter
1542 1393 1672 1419 unum

169 1445 325 1487 Valerii
358 1445 504 1487 Flacci
537 1446 776 1500 exemplum
813 1445 899 1502 [1V‚
932 1446 1054 1502 293]:

416 1532 518 1565 illum
543 1532 729 1576 insperata
754 1533 942 1566 turbatum
969 1532 1097 1566 fraude
1123 1532 1377 1575 furentemque

418 1588 614 1623 Oebalides
640 1590 757 1633 prima
783 1589 919 1633 refugit
944 1589 1030 1623 duni
1056 1589 1208 1623 detonet
1234 1590 1297 1623 ira.

167 1677 244 1704 nec
278 1663 387 1703 enim
421 1664 634 1705 Ausonius
668 1664 840 1718 scripsit
874 1663 941 1719 [de
974 1668 1052 1705 rat.
1087 1664 1190 1705 dier.
1223 1678 1316 1705 ann.
1345 1668 1468 1715 vert.;
1502 1664 1547 1713 V,
1579 1667 1616 1714 8,
1650 1667 1672 1704 7

167 1732 230 1772 ed.
264 1730 530 1788 Schenkel.]:

419 1820 528 1861 atque
557 1817 605 1850 dii
632 1829 742 1851 cursu
769 1818 914 1862 peragit
940 1817 993 1851 sol
1019 1828 1150 1851 aureus
1178 1815 1304 1860 altero,

417 1875 581 1909 autumni
607 1876 829 1918 aestatisque
855 1875 961 1908 simul
986 1873 1143 1908 confinia
1167 1874 1335 1916 miscens,

167 1950 340 2003 scripsit
369 1954 488 1999 altro,
520 1964 598 1991 nec
629 1950 766 2003 magis
794 1949 1090 2004 hypermetros
1122 1962 1321 1989 numeros
1344 1948 1516 1990 admisit
1538 1948 1673 1989 Maxi-

166 2020 345 2070 mianus,
378 2032 484 2071 quos
515 2019 552 2059 ei
584 2018 737 2059 tribuit
760 2017 1072 2059 Wernsdorfius
1107 2015 1160 2072 [5⁷
1189 2021 1259 2068 113
1296 2016 1416 2073 111]:
1456 2021 1674 2067 pallorque

168 2094 227 2133 el;
260 2092 531 2138 ferarumque
564 2094 611 2128 el.

280 2155 457 2207 Legitur
487 2159 643 2205 tamen,
675 2156 710 2196 si
743 2159 942 2205 verumst,
973 2155 1016 2195 in
1039 2154 1231 2195 versibus
1263 2167 1394 2207 supra
1425 2154 1674 2194 memoratis

166 2227 320 2276 poetae
349 2223 551 2277 vulgaris,
585 2224 656 2277 qui
688 2224 831 2278 priore
860 2227 984 2276 parte
1016 2222 1098 2263 fuit
1128 2237 1158 2263 s.
1191 2222 1271 2263 III:

419 2321 500 2343 nam
528 2310 609 2354 pius
639 2312 676 2344 et
699 2310 786 2343 felix
811 2312 959 2353 poterat
983 2308 1128 2352 dicique
1155 2308 1354 2351 viderique.

418 2367 612 2411 imperium
637 2366 764 2400 infelix
791 2369 864 2400 est:
894 2366 963 2399 erit
988 2366 1047 2398 ille
1074 2366 1153 2399 sibi.

167 2450 394 2499 praeterea
422 2448 593 2489 memini
615 2447 777 2489 Bedam
811 2446 894 2502 [pg.
919 2445 1044 2502 2371]
1076 2444 1246 2487 adferre
1269 2443 1449 2494 Paulini,
1480 2447 1528 2485 ut
1558 2443 1673 2494 dicit,

168 2518 348 2557 metrum
382 2516 490 2557 tale:

374 2613 465 2645 quae
491 2601 604 2635 decus
631 2612 737 2635 omne
764 2611 917 2645 operum
942 2599 1174 2643 perimebant
1200 2598 1368 2643 improba
1393 2597 1572 2640 foedaque

374 2659 480 2693 obice
505 2661 745 2702 prospectum
771 2657 970 2692 caecantia.

170 2749 295 2791 quem
330 2742 503 2780 secutus
534 2736 753 2780 modulum
786 2741 937 2779 auctor
966 2736 1065 2777 libri
1086 2736 1129 2776 in
1163 2735 1335 2788 genesin
1366 2734 1447 2774 hoc
1475 2731 1675 2786 probavit

172 2805 311 2862 [225]:

374 2873 522 2913 tresque
549 2872 651 2903 creat
676 2871 790 2911 natos,
818 2868 971 2902 Sethum
998 2867 1248 2909 Chamumque
1276 2864 1518 2906 Iafetumque,

374 2928 409 2959 in
438 2937 629 2960 numerum
655 2926 781 2958 solitos
808 2926 987 2958 mollitum
1013 2924 1167 2957 tundere
1195 2922 1341 2955 serrum.

1317 2998 1399 3034 23*
