1898 3292
223 212 274 250 62
829 218 949 244 LIBER
966 218 1122 244 PRIMVS.

220 326 339 364 recto
371 322 591 363 abstinuit.
653 335 799 363 verum
833 322 875 362 in
913 320 1178 361 moderanda
1215 323 1308 361 arte
1339 333 1613 374 progressum
1647 335 1731 362 non

222 406 325 433 casu
354 392 517 432 factum
551 394 745 444 apparet,
779 390 853 431 sed
885 394 1004 430 certa
1034 390 1103 430 via
1133 389 1376 430 institutum
1399 390 1666 444 eundemque
1689 394 1732 432 et

220 460 475 514 aequalibus
517 459 749 513 probatum
790 462 832 499 et
874 458 1071 512 posteris.
1133 471 1233 498 nam
1276 458 1347 511 qui
1386 461 1484 511 post
1520 459 1731 500 Lucilium

221 533 392 570 saturas
438 528 667 581 scripsere,
720 527 958 568 Varronem
1006 527 1041 568 si
1084 527 1321 580 exceperis,
1375 527 1494 568 cuius
1537 527 1731 569 diversae

221 597 341 638 fuere
370 597 572 648 rationes,
605 596 694 637 solo
717 599 816 637 sunt
836 596 903 637 usi
924 595 1175 637 hexametro
1199 595 1423 650 dactylico.
1476 596 1731 650 omninoque

223 680 248 707 a
288 666 437 720 paucis
485 665 716 706 admodum
761 664 1078 718 insequentium
1125 664 1259 706 lectas
1306 667 1613 718 respectasque
1661 679 1732 706 eas

224 735 377 776 Lucilii
407 734 616 776 librorum
638 737 799 788 partes,
832 747 943 787 quae
967 737 1215 775 constarent
1235 733 1390 775 iambis
1414 734 1479 775 vel
1501 734 1730 784 trochaeis,

222 804 523 858 quaestionum
555 803 875 844 Lucilianarum
907 802 1048 856 capite
1078 802 1118 843 II
1150 802 1546 844 demonstratumst.

337 884 495 925 Similis
520 883 683 924 Lucilio
714 897 880 937 parque
913 896 1189 923 numerorum
1221 882 1433 924 modestia
1464 882 1545 924 fuit
1568 883 1732 924 Accius.

224 954 343 994 cuius
366 952 641 994 Didascalica
663 952 856 994 sotadico
879 951 999 993 fuere
1021 955 1172 1002 metro,
1204 951 1479 1005 Pragmatica
1500 951 1732 993 trochaico.

221 1026 350 1075 atque
392 1022 476 1063 illis
515 1022 658 1076 poesis
696 1021 890 1062 Graecae
933 1035 983 1062 ac
1028 1021 1209 1062 Latinae
1251 1024 1294 1061 et
1334 1021 1520 1062 maxime
1561 1021 1733 1074 quidem

222 1091 446 1132 scaenicae
477 1091 662 1132 historia
693 1094 901 1141 tractata,
943 1090 1009 1131 his
1050 1090 1180 1131 etiam
1225 1090 1467 1143 expositum
1511 1090 1562 1131 de
1604 1090 1733 1131 rebus

221 1160 442 1201 scaenicis.
504 1160 779 1201 Didascalica
825 1173 909 1212 quo
956 1162 1094 1200 metro
1142 1162 1285 1200 essent
1332 1159 1570 1212 composita
1616 1160 1733 1212 (nam

221 1232 320 1270 ante
353 1229 714 1270 existimabantur
745 1228 893 1269 eodem
927 1229 1089 1281 scripta
1120 1242 1204 1281 quo
1233 1228 1538 1282 Pragmatica),
1570 1227 1734 1281 primus

220 1298 433 1340 intellexit
466 1298 780 1340 Lachmannus.
843 1297 962 1338 cuius
1005 1297 1177 1338 invento
1219 1310 1303 1338 non
1344 1300 1576 1351 repugnat,
1620 1295 1735 1349 quod

222 1381 248 1408 a
279 1367 544 1408 Buechelero
578 1367 661 1408 duo
694 1366 853 1408 senarii
885 1365 1043 1407 detecti
1076 1366 1118 1407 in
1151 1366 1234 1407 illis
1266 1366 1314 1420 [L
1349 1366 1414 1420 5]:

428 1458 580 1493 falsifica
606 1458 699 1503 (dest
725 1458 896 1503 syllaba),
925 1458 1054 1502 audax,
1081 1458 1183 1503 gnati
1208 1460 1326 1492 mater
1352 1457 1511 1501 pessimi,

429 1516 585 1560 odibilis,
611 1519 742 1550 natura
768 1522 898 1560 impOS,
926 1527 1067 1558 excors,
1094 1516 1227 1550 ecfera.

222 1611 321 1638 nam
364 1598 472 1639 haec
516 1611 611 1638 cum
653 1600 803 1651 aperte
845 1600 1017 1651 sumpta
1048 1597 1133 1637 sint
1173 1610 1224 1638 ex
1265 1596 1453 1649 tragico,
1504 1595 1643 1646 licuit,
1688 1599 1735 1636 ut

222 1667 394 1720 saepius
425 1666 587 1707 factum
618 1666 811 1708 videmus
843 1665 958 1720 apud
989 1665 1312 1716 Terentianum,
1354 1664 1542 1705 numeris
1582 1663 1735 1704 referri

220 1749 305 1776 non
346 1735 535 1777 mutatis.
598 1748 860 1788 quamquam
900 1734 1015 1776 idem
1047 1734 1173 1775 facile
1205 1737 1385 1788 potuere
1419 1732 1735 1774 accommodari

223 1804 425 1855 Sotadeis,
459 1808 507 1846 ut
540 1804 883 1845 demonstratum
913 1804 956 1845 in
989 1803 1178 1845 editione
1214 1806 1375 1844 nostra.
1424 1802 1625 1855 Parergis
1648 1802 1734 1842 sive

222 1873 461 1914 Praxidicis
492 1874 609 1927 (nam
638 1887 771 1914 unum
792 1872 962 1914 videtur
984 1872 1117 1914 fuisse
1140 1886 1247 1926 opus
1270 1871 1451 1913 diversis
1473 1870 1735 1924 nominibus)

223 1943 315 1995 agri
360 1942 525 1983 colendi
561 1945 799 1996 praecepta
829 1942 1038 1984 trimetris
1069 1941 1242 1983 tradita.
1305 1945 1350 1982 at
1380 1939 1567 1982 Annales
1604 1939 1734 1980 hexa-

222 2012 371 2052 metris
395 2011 663 2065 conscriptos
691 2025 767 2052 cur
797 2011 1060 2065 suspectarit
1081 2009 1387 2065 Bernhardyus
1418 2009 1535 2064 [hist.
1557 2009 1638 2049 litt.
1660 2008 1734 2051 lat.

221 2094 289 2134 pg.
324 2083 405 2122 394
441 2080 505 2121 ed.
529 2080 608 2134 III]
640 2094 725 2121 non
758 2079 963 2134 intellego
995 2080 1118 2134 (nihil
1150 2079 1260 2120 enim
1291 2079 1334 2119 in
1367 2078 1428 2119 eis
1458 2077 1588 2128 inest,
1621 2075 1736 2130 quod

223 2148 409 2205 alienu-m
450 2149 648 2190 videatur
686 2148 741 2190 ab
775 2152 920 2190 aetate
952 2149 1089 2203 Accii)
1133 2162 1213 2190 nec
1254 2148 1389 2201 magis
1432 2146 1504 2200 qui
1545 2146 1737 2200 potuerit

222 2217 433 2259 Krausius
464 2217 536 2273 [de
567 2217 787 2259 historicis
815 2217 889 2259 lat.
921 2231 989 2272 pg.
1027 2218 1125 2273 176]
1167 2220 1359 2258 statuere
1391 2216 1451 2257 eis
1494 2215 1607 2256 sicut
1644 2228 1735 2255 car-

222 2286 334 2327 mine
367 2287 562 2328 Enniano
595 2301 663 2328 res
694 2286 873 2328 bellicas
906 2287 1198 2328 Romanorum
1231 2285 1486 2336 celebratas,
1522 2298 1618 2326 cum
1649 2283 1734 2337 pri-

222 2358 365 2396 vatam
387 2356 532 2409 potius
553 2356 685 2397 vitam
708 2355 989 2409 cultuumque
1012 2359 1054 2397 et
1076 2369 1242 2396 morum
1264 2354 1505 2408 priscorum
1528 2353 1734 2406 originem

225 2437 276 2464 ac
307 2437 563 2478 progressus
601 2424 841 2478 descriptos
883 2424 951 2465 his
992 2424 1114 2465 libris
1155 2423 1211 2465 sit
1251 2422 1494 2477 probabile.
1552 2421 1735 2474 denique

223 2492 277 2533 ab
311 2493 440 2534 Accio
479 2493 609 2534 etiam
650 2493 837 2534 disticha
876 2493 1115 2547 composita
1158 2491 1285 2533 Plinii
1327 2490 1523 2545 epistulis
1563 2490 1735 2532 demon-

223 2564 409 2613 stratur,
448 2561 521 2614 qui
561 2562 628 2616 [V,
662 2565 699 2612 3,
732 2562 775 2616 6]
817 2575 913 2602 eum
956 2564 1168 2602 memorat
1203 2561 1317 2601 inter
1348 2563 1547 2601 auctores
1579 2559 1735 2600 levium

224 2630 462 2671 carminum
509 2632 552 2671 et
597 2630 873 2681 lascivorum,
921 2630 1067 2683 qualia
1112 2629 1261 2671 eodem
1308 2632 1445 2670 metro
1493 2631 1584 2669 tum
1630 2630 1736 2669 tem-

223 2699 341 2752 poris
374 2698 603 2740 ediderunt
634 2698 834 2740 Lutatius
858 2698 1046 2750 Catulus,
1083 2698 1261 2739 Porcius
1283 2697 1468 2748 Licinus,
1496 2696 1581 2737 alii.
1628 2696 1736 2737 miro

225 2767 384 2821 quippe
407 2781 553 2808 errore
575 2767 722 2821 lapsus
744 2766 1047 2808 Lachmannus
1070 2780 1096 2808 a
1117 2766 1254 2807 Plinio
1277 2765 1581 2807 Didascalicon
1602 2763 1735 2805 libros

225 2839 268 2876 et
308 2836 480 2888 quidem
522 2839 703 2890 propter
745 2835 905 2876 infame
949 2835 1181 2876 Sotadicon
1223 2848 1376 2876 nomen
1418 2833 1538 2886 tangi
1584 2832 1737 2873 statuit

223 2904 386 2958 [opusc.
421 2905 471 2955 II,
506 2905 589 2959 72].
