1898 3292
748 254 1023 280 PROHOEMIVM.
1589 242 1603 286 1
1615 250 1638 287 9

246 353 379 396 Porro
412 369 506 397 cum
537 356 704 397 classici
728 359 926 397 auctores
949 360 1124 410 praeter
1147 357 1339 410 collegia,
1372 372 1483 410 quae
1507 373 1637 412 supra

131 424 375 474 memoravi,
407 428 633 477 poetarum
656 424 886 477 plurimum
911 425 1040 465 etiam
1062 426 1315 466 iuvarentur
1347 439 1398 466 ea
1429 440 1489 476 re,
1523 427 1637 479 quod

131 491 311 532 adsidue
343 495 619 532 versarentur
650 492 693 532 in
725 492 896 533 circulis
933 492 1152 533 hominum
1185 493 1518 534 cultissimorum
1554 494 1637 534 ele-

130 559 588 613 gantissimorumque,
634 559 755 601 licuit
798 560 858 601 eis
906 559 972 601 vel
1009 564 1187 614 propter
1232 561 1344 602 hanc
1389 576 1479 603 rem
1509 576 1637 616 saepe

131 627 322 669 obiectas
354 641 380 668 a
411 628 704 681 grammaticis
735 628 938 670 tenebras
978 629 1136 682 ingenii
1176 629 1336 670 lumine
1378 634 1420 671 et
1461 631 1636 684 propria

130 699 223 737 arte
255 696 482 737 discutere.
535 699 686 737 contra
709 696 930 738 christiani
955 700 1084 750 atque
1106 697 1259 738 horum
1283 698 1441 739 similes
1463 698 1636 751 placitis

130 768 205 806 aut
244 763 440 818 plebeiae
480 764 734 818 plerumque
775 765 903 807 sortis
944 765 1138 807 homines
1179 769 1255 807 aut
1292 766 1442 807 alienis
1475 767 1636 808 addicti

128 832 330 886 negotiis,
357 846 441 873 non
473 833 643 874 exculto
673 833 843 887 pulchri
875 847 1019 885 sensu,
1057 848 1142 875 non
1180 848 1337 888 magna
1378 836 1508 888 patrii
1549 850 1636 876 ser-

128 902 264 943 monis
294 901 611 955 proprietatum
651 901 831 955 peritia,
874 905 1004 956 prout
1043 902 1182 944 solent
1223 903 1397 956 ingenia.
1438 908 1513 944 aut
1554 918 1635 944 non

128 970 233 1011 satis
278 973 354 1011 aut
398 983 494 1011 sero
542 969 735 1021 erudita,
777 970 883 1011 nihil
929 971 1148 1024 antiquius
1191 971 1375 1020 duxere,
1420 985 1547 1025 quam
1592 975 1637 1012 ut

127 1038 313 1092 legibus,
352 1037 689 1092 qualescumque
721 1042 879 1090 essent,
922 1039 1225 1092 magistrorum
1271 1053 1448 1093 prorsus
1490 1055 1533 1081 sc
1567 1054 1636 1081 ac—

129 1107 468 1157 commodarent,
500 1121 579 1148 nec
609 1108 715 1149 illud
748 1111 1027 1161 quaerentes,
1059 1122 1187 1161 quam
1222 1111 1364 1149 essent
1389 1122 1528 1159 verae,
1559 1122 1637 1150 nec

127 1175 263 1229 magis
296 1188 424 1228 quam
457 1179 600 1217 essent
631 1180 758 1230 aptae
789 1176 962 1229 linguae
994 1176 1186 1217 Latinae.

244 1255 388 1297 Veluti
422 1268 517 1295 cum
548 1255 744 1308 plerique
777 1269 922 1296 eorum
961 1255 1091 1296 talem
1130 1255 1399 1296 observarint
1430 1256 1635 1309 regulam,

126 1327 175 1365 ut
205 1327 230 1365 72
263 1323 412 1364 littera
442 1324 685 1377 promiscue
716 1337 794 1377 pro
818 1323 954 1364 vocali
978 1337 1053 1364 seu
1076 1337 1263 1364 consona
1284 1327 1520 1375 uterentur,
1552 1339 1635 1366 non

128 1395 245 1433 recte
278 1391 427 1432 credes
457 1392 556 1433 inde
587 1392 669 1434 hoc
700 1392 999 1446 repetendum,
1046 1392 1168 1444 quasi
1199 1392 1512 1445 posterioribus
1543 1407 1635 1434 sae—

127 1460 235 1501 culis
267 1459 422 1501 fortius
455 1460 618 1513 aliquid
650 1461 842 1502 sonuerit
880 1459 955 1501 illa
991 1473 1119 1513 quam
1153 1459 1280 1501 Gellii
1327 1464 1519 1514 tempore
1561 1466 1636 1502 aut

127 1528 398 1579 Quintiliani,
437 1528 551 1581 quod
584 1533 626 1570 et
659 1529 1040 1582 grammaticorum
1072 1529 1328 1569 testimoniis
1361 1533 1403 1569 et
1436 1529 1635 1570 Romani-

127 1611 274 1638 carum
303 1596 547 1649 linguarum
578 1597 791 1638 refellitur
823 1596 1028 1650 exemplo.
1090 1596 1164 1638 sed
1198 1598 1332 1638 secuti
1361 1601 1460 1638 sunt
1489 1599 1636 1639 metri—

127 1679 273 1706 corum
304 1668 604 1719 praeceptum,
650 1665 764 1719 quod
805 1666 969 1706 scilicet
1011 1664 1074 1705 illi
1117 1665 1301 1707 elicuere
1340 1669 1388 1706 ut
1428 1666 1634 1720 pleraque

127 1747 180 1774 ex
211 1732 388 1786 Vergilii
418 1733 615 1774 versibus
647 1733 904 1786 quibusdam
938 1732 1049 1774 male
1081 1733 1322 1785 intellectis,
1354 1734 1540 1775 maxime
1573 1749 1634 1785 eo,

127 1815 254 1855 quem
287 1801 485 1843 certatim
515 1801 701 1843 attulere
732 1816 810 1856 pro
843 1801 1088 1842 testimonio
1120 1801 1231 1855 [aen.
1262 1802 1336 1853 IX,
1368 1803 1469 1857 609]
1497 1801 1634 1854 ‘lerqa

120 1873 348 1921 fatiqamus
379 1873 517 1919 hasta,
550 1883 625 1910 nec
656 1874 779 1911 tarda
810 1867 1034 1911 senectus’.
1068 1895 1121 1899 -—
1149 1870 1297 1923 itaque
1324 1884 1408 1912 non
1439 1870 1635 1912 doctrina

125 1937 263 1991 magis
295 1951 424 1990 quam
452 1937 612 1979 iudicio
641 1938 899 1992 praestitere
935 1937 1114 1978 classici.

241 2018 382 2071 Atque
413 2017 522 2059 haec
554 2017 751 2071 equidem
783 2030 862 2071 pro
893 2016 978 2058 fide
1010 2017 1071 2058 ita
1091 2021 1139 2058 ut
1160 2016 1244 2057 feci
1268 2017 1521 2071 exponenda
1543 2032 1634 2060 esse

127 2085 292 2137 censui,
325 2085 439 2139 quod
470 2085 670 2127 videbam
702 2085 842 2127 minus
873 2084 964 2126 fere
996 2085 1161 2126 attendi
1191 2099 1216 2126 a
1246 2084 1401 2137 doctis,
1446 2090 1634 2140 quantae

126 2154 286 2196 fuerint
307 2153 560 2208 disciplinae
583 2154 797 2195 scholicae
818 2157 966 2208 partes
987 2154 1031 2194 in
1054 2153 1356 2195 constituenda
1378 2154 1465 2196 sive
1484 2155 1634 2196 immu-

126 2222 260 2264 tanda
290 2226 517 2276 poetarum
550 2222 801 2263 Latinorum
835 2226 941 2273 arte,
974 2236 1070 2263 cum
1101 2222 1206 2262 mihi
1237 2225 1350 2263 esset
1380 2236 1633 2276 persuasum

125 2291 225 2331 hinc
254 2290 390 2332 multa
418 2304 543 2344 posse
573 2290 792 2344 explicari,
826 2304 936 2343 quae
958 2290 1084 2331 aliter
1107 2294 1233 2331 erunt
1255 2290 1450 2332 obscura.
1496 2305 1634 2344 neque

126 2363 270 2400 tamen
312 2359 482 2412 speravi
521 2358 630 2400 haec
677 2359 739 2399 ita
786 2372 1044 2411 quemquam
1096 2372 1189 2400 esse
1234 2359 1633 2412 interpretaturum,

126 2427 250 2480 quasi
279 2440 356 2480 ego
390 2426 610 2468 crederem
642 2430 840 2468 auctores
878 2426 974 2467 illos
1017 2426 1208 2467 carmina
1251 2440 1329 2467 sua
1371 2426 1449 2468 sub
1491 2427 1631 2469 ferula

126 2495 377 2548 scuticaque
409 2495 788 2548 grammaticorum
833 2495 1145 2549 composuisse,
1188 2498 1263 2536 aut
1299 2494 1453 2536 horum
1498 2496 1633 2537 solum

127 2577 259 2617 opera
288 2563 535 2617 provenisse
569 2563 755 2604 divinam
787 2563 904 2604 illam
934 2563 1192 2616 elegantiam
1216 2567 1258 2604 et
1289 2563 1633 2614 concinnitatem,

126 2645 213 2685 qua
254 2631 485 2685 plurimum
526 2634 840 2685 superaverunt
882 2630 1072 2672 Graecos
1114 2631 1305 2672 Romani.
1367 2630 1419 2671 de
1461 2645 1547 2685 qua
1587 2646 1633 2673 rc

127 2699 258 2740 etiam
302 2699 513 2752 quaedam
557 2699 673 2740 dicta
717 2714 742 2740 a
784 2699 907 2741 nobis
945 2699 971 2740 1.
1003 2699 1040 2750 I,
1081 2699 1156 2740 ubi
1196 2698 1248 2740 de
1281 2698 1451 2739 Horatii
1491 2700 1634 2752 agitur

127 2767 280 2808 studiis
322 2767 522 2810 metricis.
585 2767 688 2820 quid
720 2767 835 2820 quod
864 2767 979 2821 ipsos
1013 2766 1317 2820 grammaticos
1351 2766 1394 2806 in
1423 2767 1629 2818 versibus,

128 2848 234 2887 quos
265 2834 530 2888 pangebant,
574 2838 743 2876 constat
780 2848 863 2876 non
894 2848 1064 2888 semper
1096 2834 1330 2876 attendisse
1365 2834 1418 2874 ad
1448 2835 1632 2888 regulas,

128 2916 234 2955 quas
275 2902 521 2943 enchiridiis
564 2903 652 2943 suis
696 2903 1051 2957 proposuissent?
1096 2905 1273 2955 quarest
1318 2900 1539 2946 effectum,
1586 2908 1633 2943 ut

1315 2969 1358 2991 ο*
