1898 3292
770 211 890 236 LIBER
908 211 1082 236 TERTIVS.
1592 204 1613 240 2
1621 205 1642 241 (3
1649 205 1671 242 9

172 314 397 365 Ausonius,
431 313 646 363 Paulinus,
679 328 761 354 non
794 313 1002 365 Sedulius,
1037 314 1287 365 Martianus,
1321 314 1533 365 Sidonius,
1567 315 1673 354 Ara-

168 388 247 434 tor,
279 383 502 433 Luxorius,
534 382 832 423 Maximianus.

283 451 388 492 Tum
432 455 530 504 post
575 450 783 505 syllabam
826 450 1236 504 antepaenultimam
1277 452 1535 503 pentametri
1578 465 1672 491 cnm

168 533 251 560 non
283 519 657 570 facileJincidatur
688 533 848 569 50118115,
880 523 978 572 post
1008 519 1170 560 heroici
1192 533 1338 560 versus
1371 519 1523 572 pedem
1553 521 1671 572 quin-

166 592 258 629 tum
287 587 505 628 Bentleius
537 587 619 628 sibi
656 588 874 640 persuasit
913 587 987 642 [ad
1017 587 1175 629 Lucan.
1208 587 1245 638 Ι,
1280 587 1380 641 231]
1422 602 1504 628 11011
1548 602 1674 641 posse

167 657 424 710 interpungi‚
455 657 534 697 nisi
564 657 835 709 insequentia
868 661 1115 697 constarent
1143 661 1218 697 aut
1239 657 1349 697 binis
1372 657 1674 710 monosyllabis

168 729 242 766 aut
275 726 459 779 repetita
491 739 541 766 ex
569 725 787 779 prioribus
823 726 1030 768 orationis
1073 729 1209 780 parte.
1272 726 1386 778 quod
1426 730 1568 766 tamen
1613 727 1674 766 in—

166 798 337 835 ventum
380 808 536 835 vanum
577 808 669 834 esse
710 793 836 834 facile
879 798 1072 847 apparet.
1145 808 1196 835 ac
1237 794 1419 847 primum
1466 795 1579 847 quod
1623 795 1674 835 de

167 862 472 917 monosyllabis
511 863 679 912 statuit,
721 863 814 915 ipsa
860 863 1078 916 paucitate
1118 862 1410 916 exemplorum
1454 863 1675 903 refellitur.

167 935 394 984 praeterea
435 930 548 984 quod
584 930 796 972 vocabula
828 932 988 972 iterata
1020 945 1148 984 saepe
1181 931 1448 989 collocantur
1478 931 1521 971 in
1554 936 1673 972 sexta

167 1000 253 1041 arsi
285 1013 379 1040 cum
414 999 701 1053 praecedente
732 1000 1094 1053 interpunctione,
1140 1013 1225 1040 non
1255 999 1359 1040 illud
1394 1013 1553 1040 arcana
1583 999 1676 1053 lege

166 1082 440 1110 numerorum
472 1069 629 1119 evenit,
672 1069 746 1109 sed
788 1069 884 1110 ideo
918 1069 1033 1122 quod
1064 1068 1187 1110 valde
1221 1069 1437 1109 concitata
1469 1069 1675 1119 oratione,

167 1151 277 1190 quae
319 1137 731 1190 amatplerumque
769 1137 902 1178 verba
941 1138 1176 1190 geminare⁷
1225 1137 1365 1178 minus
1405 1140 1582 1178 curatur
1623 1152 1674 1178 ne

166 1205 404 1246 dissideant
439 1205 551 1246 inter
592 1218 636 1246 se
678 1206 803 1246 metri
843 1205 948 1247 fines
982 1210 1024 1246 et
1055 1206 1305 1247 sententiae.
1367 1206 1515 1258 itaque
1548 1206 1675 1246 simili

166 1274 332 1315 ratione
365 1278 480 1324 orta,
523 1274 597 1315 sed
636 1274 806 1315 minime
840 1274 1022 1316 Bentleii
1052 1278 1286 1328 praecepto
1318 1287 1508 1327 congrua
1538 1274 1672 1315 habes

163 1342 272 1383 haec
305 1341 500 1395 Vergilii:

371 1433 488 1468 donec
514 1434 598 1467 talis
622 1434 692 1468 erit
717 1437 858 1468 mutato
886 1445 1053 1478 corpore,
1084 1435 1228 1478 qualem

369 1491 514 1534 videris⁷
539 1491 690 1535 incepto
714 1495 859 1536 tegeret
887 1503 970 1525 cum
994 1492 1133 1525 lumina
1157 1504 1297 1525 somno.

372 1547 623 1582 adeeleremus
650 1549 710 1582 ait.
760 1549 888 1593 vigiles
914 1549 1020 1582 simul
1047 1549 1195 1583 excitat.
1244 1549 1296 1582 illi

371 1604 576 1639 succedunt
601 1608 820 1649 servantque
844 1607 954 1640 vices.

370 1662 560 1707 ingentem
586 1664 695 1697 remis
722 1663 945 1697 Centaurum
972 1667 1176 1708 promovet.
1224 1664 1284 1698 ille

370 1719 483 1753 instat
508 1731 634 1763 aquae,

165 1804 254 1841 tum
286 1799 425 1841 Ovidii
455 1800 563 1841 haec
576 1816 584 1841 :

370 1895 428 1926 ter
453 1892 529 1926 sine
554 1892 724 1937 profectu
747 1893 866 1927 voluit
892 1894 1047 1927 nitentia
1073 1897 1201 1928 contra

372 1952 546 1983 excutere
576 1949 728 1984 Alcides
753 1962 774 1984 a
799 1961 837 1985 se
863 1962 944 1984 mea
968 1951 1129 1985 brachia.
1177 1953 1308 1994 quarto

372 2007 523 2040 excutit.

371 2075 526 2107 namque
552 2064 640 2098 mihi
665 2065 812 2109 genitor
836 2064 1033 2109 Megareus
1058 2065 1290 2108 Onchestius,
1316 2065 1366 2098 illi

371 2124 427 2155 est
450 2120 646 2165 Neptunus
671 2133 768 2156 avus.

370 2179 481 2212 tertia
505 2178 622 2212 forma
646 2179 716 2213 fuit
739 2180 946 2214 maculosae
972 2179 1128 2224 tigridis.
1178 2181 1236 2214 illa

369 2236 520 2270 territus
544 2236 738 2271 Aeacides.

371 2304 438 2327 nec
465 2294 552 2327 satis
577 2299 641 2337 est,
669 2294 767 2338 quod
793 2295 866 2329 tale
892 2294 993 2329 nefas
1020 2296 1273 2330 committitur.
1313 2296 1413 2339 ipsos

369 2350 590 2394 inscripsere
619 2351 706 2385 deos
732 2351 873 2386 sceleri.

371 2418 436 2441 sex
459 2406 607 2450 Remus,
633 2408 693 2442 hic
718 2408 886 2442 volucres
910 2409 967 2443 bis
993 2420 1056 2443 sex
1080 2409 1181 2443 videt
1207 2409 1343 2443 ordine.
1384 2412 1493 2453 pacto

372 2464 552 2507 statur'sset
577 2465 975 2510 arbitriumgltomulus
1002 2466 1102 2501 urbis
1129 2466 1251 2501 habet.

165 2543 227 2583 ita
259 2543 454 2585 Grattius
484 2544 612 2586 dixit:

372 2645 439 2669 nec
464 2635 575 2680 longa
598 2636 634 2669 in
659 2637 757 2671 facto
786 2637 1005 2672 medicinast
1030 2639 1163 2672 ulcere.
1208 2650 1339 2682 purum

373 2702 506 2735 sparge
531 2693 652 2736 salem,

167 2783 245 2811 nec
277 2770 403 2812 aliter
429 2771 649 2814 Lucanus:

372 2862 529 2897 abscidis
555 2862 690 2897 frustra
715 2864 812 2898 ferro
838 2867 900 2898 tua
926 2865 1090 2908 pignora.
1133 2865 1267 2899 bellum

374 2923 409 2952 te
435 2919 545 2953 faciet
571 2920 834 2965 civile‘g'meum,
