1898 3292
740 267 860 294 LIBER.
877 264 1033 291 PRIMVS.

549 378 586 408 et
610 376 691 407 tuas
714 371 812 405 lente

549 439 712 465 remeare
741 427 856 470 bigas,

549 486 685 532 pallida
708 483 869 520 Phoebe.

551 543 694 579 rettulit
721 544 759 576 et
782 539 916 586 pedem

551 611 684 635 nomen
707 598 857 633 alternis

553 658 659 692 stella
683 667 775 701 quae
800 657 918 688 mutat

554 726 664 759 seque
691 713 858 747 miratast

553 772 765 816 Hesperum
790 769 873 803 dici.

555 830 703 864 Aurora
727 826 842 861 movit

556 887 602 921 ad
626 885 750 920 solitas
775 884 874 918 vices

557 946 670 988 caput
694 945 732 977 et
756 941 923 975 relabens

556 1000 733 1045 imposuit
757 998 835 1032 seni

561 1057 696 1092 collum
722 1055 866 1089 marito.

560 1115 612 1148 sic
640 1113 755 1149 sensit
779 1115 891 1153 ortus,

562 1171 676 1207 sensit
703 1180 856 1204 occasus

562 1228 765 1264 Herculem
790 1226 900 1259 nasci.

562 1286 744 1320 violentus
772 1283 832 1316 ille

564 1346 673 1377 nocte
700 1353 771 1375 non
798 1351 868 1373 una

566 1403 713 1444 poterat
739 1398 866 1432 creari.

567 1458 634 1491 tibi
661 1456 867 1490 concitatus

569 1514 732 1548 substitit
756 1511 924 1552 mundus,

570 1584 589 1605 O
616 1582 707 1615 puel*
731 1581 904 1612 magHUTH

569 1630 734 1664 subiture
760 1627 911 1662 eaelum.

570 1693 607 1723 te
635 1686 749 1722 sensit
772 1683 978 1718 Nemeaeus
1004 1685 1083 1714 arto

571 1755 718 1790 pressus
742 1742 884 1775 lacerto

571 1801 766 1837 fulmineus
789 1798 848 1832 leo

573 1868 754 1901 cervaque
779 1853 981 1896 Parrhasis,

574 1915 689 1951 sensit
713 1911 866 1947 Arcadii

574 1972 772 2018 populator
797 1969 886 2014 agri,

576 2028 788 2075 gemuitque
813 2030 939 2060 taurus

578 2086 733 2121 Dictaea
756 2084 924 2127 linquens

578 2141 748 2178 horridus
775 2151 870 2174 arva.

578 2203 698 2235 morte
723 2195 923 2232 fecundum

581 2256 724 2292 domuit
749 2255 948 2289 draconem

580 2314 770 2357 vetuitque
797 2310 893 2344 collo

582 2372 760 2417 pereunte
786 2368 898 2409 nasci,

584 2426 880 2472 tergeminosque
905 2422 1047 2463 fratres,

585 2487 739 2530 pectore
767 2493 811 2516 ex
835 2492 907 2514 uno

586 2542 657 2576 tria
681 2541 846 2574 monstra
870 2540 985 2578 natos,

588 2598 713 2642 stipite
738 2597 884 2629 incusso

588 2655 701 2700 fregit
724 2652 912 2693 insultans,

591 2712 768 2755 duxitque
793 2708 839 2742 ad
866 2710 968 2742 ortus

590 2767 816 2812 Hesperium
842 2775 956 2809 pecus

593 2825 785 2869 Geryonae
811 2821 968 2866 spolium
993 2817 1180 2853 triformis.

594 2882 671 2926 egit
694 2879 906 2914 Threicium
928 2886 1090 2922 gregem,

596 2949 705 2983 quem
728 2948 801 2971 non
827 2933 1029 2979 Strymonii

1563 243 1642 282 135
