1898 3292
231 226 313 263 540
847 235 1084 262 OPVSCVLVM
1103 236 1125 261 1.

347 338 486 388 Atque
519 337 560 376 111
595 338 748 378 ceteris
779 342 866 378 tam
901 353 1045 378 severo
1087 342 1281 378 versatus
1315 343 1377 378 est
1409 339 1646 383 Phaedrus,
1690 345 1738 381 ut

228 419 312 445 non
353 405 478 445 modo
519 405 695 446 secundi
736 420 786 446 ac
826 407 966 455 tertii,
1011 406 1085 447 sed
1126 421 1176 446 ne
1217 407 1360 459 quart-i
1404 407 1575 459 quidem
1615 409 1736 461 pedis

229 487 471 513 mensuram
505 473 668 526 expleri
696 489 848 527 passus
889 474 943 515 sit
974 474 1057 515 fine
1100 474 1298 515 vocabuli
1330 475 1371 514 in
1406 475 1640 528 spondeum
1672 477 1738 517 vel

230 545 523 594 anapaestum,
565 541 718 582 nedum
764 542 993 596 dactylum,
1030 542 1246 593 exeuntis,
1289 543 1419 583 veluti
1451 544 1492 583 in
1525 543 1682 585 fabulis
1714 559 1738 586 a

230 608 452 650 Dresslero
487 610 752 651 concinnatis
784 610 1058 651 inveniuntur
1088 610 1213 651 talia:

505 701 704 743 recusavit,
733 701 829 745 quod
859 702 1001 736 clausae
1029 706 1133 736 erant
1157 702 1336 736 stomachi
1362 702 1450 736 viae.

505 761 542 792 ot
566 759 734 802 protinus
760 759 937 793 aut-ilium
965 762 1093 803 petens
1118 770 1223 792 anser
1248 759 1364 792 simul.

506 815 588 849 cibo
614 815 839 859 impleretur,
866 816 1052 849 servitium
1081 819 1313 860 negaverant.

233 898 438 947 exceptus
469 898 535 935 est
561 909 669 936 unus
691 895 926 936 versiculus
961 895 1039 949 [III
1063 895 1157 949 epil.
1183 896 1267 950 34],
1299 910 1445 937 verum
1478 911 1560 937 non
1592 898 1738 951 ipsius,

230 962 305 1003 sed
339 963 484 1004 Ennii:

623 1021 743 1064 palam
771 1021 922 1055 muttire
951 1021 1090 1066 plebeio
1119 1020 1350 1065 piaculumst.

231 1093 274 1129 et
313 1088 519 1142 pleraque
562 1089 734 1142 quidem
767 1104 792 1130 a
823 1089 915 1143 lege
955 1089 1095 1130 aliena
1135 1090 1219 1130 iam
1254 1089 1457 1142 Langenii
1491 1105 1622 1143 opera
1656 1091 1738 1147 [pg.

236 1161 314 1198 198
339 1158 433 1211 sq.],
467 1161 611 1198 cetera
643 1172 667 1198 a
700 1157 823 1199 nobis
854 1158 895 1198 111
931 1158 1117 1199 editione
1148 1163 1332 1211 utraque
1357 1158 1617 1200 Fabula-run]
1641 1164 1739 1201 sunt

231 1225 414 1266 sublata.

346 1294 455 1344 Quin
489 1308 538 1335 eo
560 1308 813 1347 progressus
846 1309 974 1336 curae
996 1294 1121 1345 idem,
1154 1309 1236 1335 non
1269 1299 1315 1335 ut
1347 1295 1573 1336 molossica
1606 1311 1656 1337 ac
1688 1311 1739 1338 ne

233 1362 508 1403 antibacchia
539 1363 708 1416 quidem
743 1363 806 1403 ve]
841 1363 912 1416 qui
944 1363 1141 1404 oriuntur
1182 1377 1232 1404 ex
1274 1363 1340 1403 his
1378 1363 1559 1417 pedibus
1600 1364 1741 1405 soluta

232 1430 370 1471 altera
412 1430 539 1484 longa
582 1431 696 1471 velut
738 1440 933 1483 alzgsusto,
965 1438 1162 1482 caumas-lu,
1196 1435 1403 1481 continuo,
1442 1435 1614 1481 inhrze'co,
1647 1447 1739 1473 con-

234 1503 360 1547 ῖὶηιιᾶ,
394 1502 556 1540 inimica
588 1499 690 1540 elisa
718 1499 869 1540 ultima
890 1503 1069 1553 poneret
1091 1513 1168 1552 pro
1191 1500 1396 1540 trochaeo
1418 1501 1568 1553 primo,
1591 1501 1739 1550 altero,

230 1568 372 1608 tertio.
423 1568 554 1620 igitur
576 1583 659 1608 non
691 1572 806 1609 recte
838 1581 914 1609 nos
947 1567 1058 1618 olim,
1083 1568 1217 1608 secuti
1242 1568 1480 1610 Bentleiuin
1513 1569 1561 1622 [L
1588 1573 1650 1620 14,
1673 1568 1739 1626 8]:

439 1648 604 1682 antidoto
635 1648 779 1681 miscere
804 1648 899 1681 illius
925 1660 960 1681 se
988 1648 1171 1690 toxicum3

231 1730 309 1769 pro
342 1729 425 1769 quo
458 1715 644 1757 debebat
674 1717 795 1770 poni:

438 1796 595 1830 miscere
622 1796 789 1831 antidoto
817 1796 911 1830 illius
938 1807 1016 1830 sese
1042 1796 1216 1829 toxicum.

348 1864 437 1905 Nec
464 1865 600 1918 magis
632 1865 853 1906 trochaica
885 1869 960 1906 aut
992 1864 1199 1906 tribrevia
1230 1864 1403 1917 (nedum
1434 1865 1668 1918 spondiaca
1699 1869 1742 1906 et

233 1934 530 1986 anapaestica)
576 1933 713 1975 solent
764 1934 864 1975 elidi
904 1934 945 1974 in
991 1933 1075 1973 arsi
1123 1932 1333 1982 secunda,
1383 1934 1532 1984 tertia,
1585 1938 1741 1986 quarta

233 2006 407 2054 praeter
429 2001 578 2043 finales
607 2017 632 2043 a
660 2002 786 2043 solita
809 2003 1023 2042 nominum
1049 2005 1089 2041 et
1112 2000 1339 2041 verborum
1362 2000 1542 2042 flexione
1566 2001 1740 2052 alienas,

234 2069 382 2122 quales
416 2074 514 2111 sunt
543 2070 586 2111 111
617 2070 700 2111 illis
738 2067 985 2121 ‘quoniam’,
1024 2066 1188 2117 ‘idem’,
1229 2067 1376 2117 ‘esse⁷,
1416 2067 1578 2120 ‘atque’
1623 2070 1670 2124 [1,
1704 2074 1740 2120 2,

237 2142 311 2189 233
343 2138 413 2189 lv,
449 2142 513 2183 26,
546 2143 592 2191 43
629 2142 691 2189 13,
728 2143 768 2191 13
803 2143 868 2188 25,
902 2145 946 2189 93
981 2138 1046 2188 VI,
1080 2142 1116 2178 4.
1151 2136 1231 2192 20],
1264 2141 1328 2178 ut:

438 2218 576 2252 inutilis
603 2219 778 2261 quoniam
805 2222 901 2253 esset
927 2218 988 2262 qui
1013 2218 1132 2252 fuerat
1156 2216 1272 2251 datus.

351 2299 490 2351 Atque
537 2298 644 2339 haec
689 2299 831 2339 omnia
880 2298 1173 2339 demonstrata
1219 2312 1244 2337 a
1290 2296 1412 2338 nobis
1462 2298 1504 2337 in
1555 2297 1743 2338 secunda

237 2366 424 2407 editione
442 2366 640 2416 Phaedri,
673 2366 746 2407 ubi
778 2365 976 2420 suptilius
998 2369 1264 2418 pertractata
1289 2366 1394 2406 artis
1427 2365 1516 2406 eius
1539 2366 1742 2406 met-ricae

234 2435 397 2475 intima.
459 2439 501 2475 at
522 2435 770 2484 Varronem,
793 2434 1013 2479 Lucilium,
1038 2434 1218 2475 Ennium
1251 2434 1414 2474 minore
1445 2433 1487 2473 111
1515 2434 1597 2474 hac
1618 2438 1743 2487 parte

234 2503 297 2543 uti
339 2503 568 2544 severitate
610 2517 693 2544 non
726 2504 890 2543 mirum.
953 2502 1068 2543 velut
1098 2502 1141 2542 in
1175 2502 1380 2542 Varronis
1413 2501 1610 2542 Bimarco
1642 2502 1742 2554 legi·

234 2575 306 2611 tur
340 2570 418 2627 [2]:

442 2651 584 2693 clamat,
610 2651 670 2684 sed
699 2650 846 2684 omnino
873 2650 990 2684 omnis
1012 2650 1142 2684 heroas
1168 2653 1298 2694 negat3

236 2722 278 2759 et
306 2720 349 2759 in
381 2718 636 2760 Prometheo
666 2718 802 2759 libero
833 2719 920 2773 [1]:

441 2798 513 2831 vim
539 2798 756 2842 propulsare
781 2801 889 2842 atque
915 2798 1104 2831 inimicum
1131 2796 1228 2831 Orco
1255 2797 1461 2830 inmittere:

234 2867 337 2915 item
366 2866 553 2907 Lucilius
583 2866 609 2906 l.
644 2866 823 2907 XXVIII
855 2866 968 2920 [12]:

442 2947 611 2992 Hymnis,
639 2945 746 2980 velim
773 2949 839 2980 tete
863 2945 900 2980 id
927 2945 1025 2989 quod
1050 2951 1212 2980 verumst
1237 2945 1399 2979 credere.
