1898 3292
729 215 849 241 LIBER
867 215 1068 241 SEPTIMVS
1566 209 1645 248 471

146 333 248 359 usus
278 318 402 371 longe
434 319 640 371 pauciora
673 317 867 371 exempla
900 318 1015 371 apud
1046 317 1141 358 illos
1181 322 1379 370 prostare
1410 323 1647 372 poetarum,

147 400 253 439 quos
282 386 558 427 classicorum
590 400 766 427 numero
799 385 1113 439 comprehendi,
1155 400 1284 439 quam
1314 400 1421 439 quos
1453 387 1648 428 christia-

146 468 308 495 norum.
370 468 552 507 namque
593 454 636 496 hi
678 453 793 495 haud
836 468 938 495 sane
976 452 1146 495 liberali
1177 454 1362 495 instituti
1395 455 1646 505 eruditione,

145 536 229 575 quo
272 522 524 576 plerumque
555 523 657 563 vitio
700 521 909 563 malorum
951 522 1242 576 exemplorum
1286 536 1420 576 prava
1463 524 1647 564 imitatio

145 590 300 641 oritur,
341 590 494 644 cupide
535 591 722 644 plurima
761 604 782 631 e
824 590 1097 631 collectaneis
1133 590 1176 631 in
1206 590 1396 631 carmina
1428 591 1646 640 rettulere,

144 672 254 711 quae
286 659 418 700 ceteri
459 659 594 711 magis
625 663 802 700 venusto
840 672 966 700 sensu
1008 657 1214 712 praediti,
1255 658 1335 700 etsi
1378 672 1512 712 gnara
1554 660 1646 711 sibi,

142 727 292 779 procul
321 731 590 768 removerent
621 740 646 767 a
674 727 844 781 scriptis
874 726 1072 780 propriis.
1124 725 1234 767 adde
1266 726 1381 779 quod
1409 741 1435 768 a
1465 728 1647 770 materia

143 795 284 848 operis
326 798 369 836 et
410 795 667 836 necessitate
709 794 974 849 exprimendi
1014 808 1082 836 res
1122 794 1401 848 philosophas
1443 799 1485 837 et
1525 796 1645 838 theo-

141 862 262 916 logas
294 863 411 904 haud
442 876 540 904 raro
572 863 655 904 illis
687 866 807 904 ortus
843 867 908 904 est
937 863 1089 904 talium
1121 862 1354 904 dictionum
1385 877 1505 914 usus,
1539 879 1646 917 quas

141 931 267 984 primi
307 931 494 972 nondum
530 931 678 972 adulto
723 931 881 972 iudicio
925 936 967 972 et
1007 934 1053 972 ut
1094 935 1276 972 metrum
1319 930 1541 985 explerent
1572 932 1644 973 ad—

141 998 391 1041 hibuissent.
453 1002 642 1040 ceterum
683 1013 777 1041 cum
821 999 1152 1041 christianorum
1192 999 1387 1053 plerique
1428 999 1566 1053 plebis
1602 1002 1645 1042 in

140 1081 263 1108 usum
295 1081 372 1109 sua
404 1072 720 1121 componerent,
752 1067 1087 1121 haudquaquam
1116 1067 1199 1121 ipsi
1230 1067 1386 1120 insigni
1416 1067 1510 1110 loco
1542 1070 1644 1120 nati,

139 1149 268 1188 saepe
315 1134 492 1176 dubium
534 1136 692 1186 evenit,
734 1150 759 1177 a
798 1135 931 1189 polito
975 1149 1169 1176 sermone
1211 1135 1351 1176 aliena
1382 1135 1550 1189 vulgine
1593 1152 1644 1178 ex

139 1217 257 1244 more
289 1218 343 1244 an
380 1203 508 1245 docta
538 1203 924 1245 vetustissimorum
971 1207 1194 1245 auctorum
1242 1203 1529 1246 aemulatione
1570 1206 1642 1247 ad-

139 1271 369 1313 hibuerint.
441 1275 591 1313 contra
637 1272 741 1313 satis
788 1276 905 1313 certo
953 1276 1122 1313 constat
1170 1271 1297 1322 talia,
1354 1272 1500 1326 qualia
1545 1278 1644 1315 sunt

137 1343 373 1389 seruiturus,
404 1344 660 1392 machaeras,
691 1343 947 1388 hauriam-us,
980 1343 1022 1381 et
1051 1354 1161 1393 quae
1193 1341 1348 1382 similia
1370 1345 1519 1382 extant
1540 1342 1642 1383 vitia

138 1407 472 1449 intermorientis
502 1408 690 1461 linguae,
732 1409 977 1462 aequalium
1012 1422 1063 1449 ex
1097 1423 1177 1450 usu
1210 1409 1375 1450 adsumi
1408 1409 1463 1450 ab
1494 1410 1641 1452 isdem.

250 1475 369 1517 Haec
408 1475 595 1530 praefati
639 1477 724 1517 iam
772 1476 1015 1518 accedimus
1057 1477 1112 1518 ad
1151 1477 1454 1531 proponendas
1493 1477 1639 1520 obser-

137 1544 329 1586 vationes
373 1545 699 1598 grammaticas,
745 1545 901 1598 quibus
951 1545 1156 1586 flexiones
1202 1545 1335 1587 ferme
1382 1559 1433 1587 ac
1474 1546 1640 1588 deriva-

136 1613 274 1654 tiones
314 1613 504 1654 metricis
546 1613 816 1667 potissimum
862 1613 1103 1655 rationibus
1155 1617 1276 1654 ortae
1323 1617 1398 1655 aut
1448 1618 1641 1656 mutatae

137 1681 466 1723 enarrabuntur.
516 1685 706 1722 ceterum
738 1682 910 1723 minime
941 1682 1023 1723 fuit
1050 1683 1093 1722 in
1114 1682 1255 1723 animo
1279 1681 1404 1723 obvia
1425 1683 1641 1737 plerisque

136 1763 187 1790 ac
218 1749 323 1790 trita
352 1749 625 1803 recoquendo
657 1749 755 1791 libri
787 1750 914 1792 huius
946 1750 1100 1792 molem
1123 1749 1373 1803 adgravare,
1405 1765 1529 1804 quae,
1561 1753 1640 1794 etsi

135 1817 271 1871 probe
314 1818 369 1859 ad
400 1832 490 1859 rem
518 1818 764 1872 pertineant
802 1822 1012 1869 nostram,
1053 1818 1242 1860 breviter
1281 1819 1530 1861 notantibus
1566 1824 1641 1861 aut

135 1886 431 1928 omittentibus
462 1887 631 1928 omnino
664 1886 787 1928 nobis
818 1887 944 1928 facile
987 1887 1256 1928 concedetur.
1317 1887 1485 1929 accedit
1525 1888 1639 1942 quod

135 1953 187 1995 de
221 1953 337 1995 hisce
370 1955 442 2007 qui
472 1955 599 2008 plura
631 1954 801 1996 edoceri
829 1955 1105 2009 concupierit,
1147 1969 1199 1996 ne
1232 1958 1379 1996 nostra
1411 1955 1639 2007 desideret,

136 2022 310 2075 egregia
339 2022 528 2063 Kueneri
559 2036 610 2064 ac
641 2022 765 2064 Neuii
797 2023 1019 2077 diligentia
1048 2023 1300 2065 effectumst.

247 2090 384 2143 Igitur
428 2090 480 2131 de
522 2090 802 2132 substantivis
847 2091 1089 2133 nominibus
1134 2092 1299 2145 primae
1343 2091 1640 2134 declinationis

132 2157 240 2199 haec
270 2158 404 2199 ferme
432 2159 600 2200 invenio
623 2159 752 2213 digna
785 2174 895 2213 quae
925 2162 1225 2201 memorentur.
1275 2159 1421 2201 dixere
1453 2164 1637 2202 clientum

134 2239 290 2279 genere
322 2226 523 2268 feminino
555 2240 630 2280 pro
663 2231 808 2269 cliente
837 2228 1044 2269 Horatius
1084 2228 1135 2282 [c.
1165 2227 1217 2278 II,
1250 2231 1313 2278 18,
1343 2228 1387 2282 8]
1430 2232 1472 2269 et
1504 2230 1638 2270 Auso-

133 2294 228 2335 nius
278 2293 463 2350 [parent.
496 2298 570 2345 24,
607 2295 693 2351 12].
764 2310 894 2349 porro
942 2296 1116 2350 genitivi
1162 2296 1205 2336 in
1252 2310 1297 2336 as
1342 2297 1556 2347 exeuntis,
1603 2297 1637 2337 si

133 2363 326 2404 omiseris
349 2363 588 2404 Ennianum
628 2362 734 2405 ‘decas
756 2368 842 2415 ipse
865 2362 970 2405 vias’
1011 2364 1122 2420 [ann.
1146 2364 1260 2420 485],
1292 2364 1455 2406 nullum
1482 2365 1637 2406 mansit

133 2431 356 2484 vestigium
408 2435 582 2485 praeter
624 2436 954 2483 patmfamc'le'as,
1006 2433 1120 2486 quod
1164 2432 1369 2473 Sisennae
1421 2436 1637 2474 servatum

133 2512 237 2539 cura
271 2498 410 2555 [Char.
434 2498 503 2555 83]
536 2504 706 2553 prostat
737 2500 803 2540 bis
825 2501 941 2554 apud
962 2500 1205 2542 Phaedrum
1241 2500 1330 2556 [HL
1357 2504 1419 2550 10,
1442 2504 1519 2552 483
1551 2500 1636 2542 fab.

132 2570 286 2619 perott.
321 2571 385 2617 10,
422 2567 483 2623 1],
526 2581 786 2620 quamquam
817 2569 883 2609 vel
923 2569 966 2609 in
1002 2568 1083 2609 hoc
1115 2568 1326 2609 Martialis
1361 2569 1521 2622 sprevit
1551 2568 1637 2609 for-

132 2648 245 2675 mam
276 2639 487 2676 vetustam
521 2636 570 2690 [l,
599 2639 664 2686 84,
699 2636 753 2690 5].
815 2640 859 2677 at
889 2635 1008 2678 finali
1039 2640 1080 2677 αἱ
1114 2650 1191 2690 per
1222 2637 1420 2678 diductas
1450 2636 1638 2690 syllabas

133 2716 227 2743 cum
260 2702 568 2744 conclusissent
598 2703 963 2745 substantivorum
990 2704 1154 2758 pariter
1177 2708 1306 2757 atque
1328 2704 1637 2745 adiectivorum

133 2772 373 2824 genetivum
403 2796 459 2801 —
489 2786 586 2812 nam
621 2772 665 2813 in
694 2772 838 2814 dativo
870 2787 1100 2827 numquam
1125 2773 1282 2814 accidit
1303 2773 1414 2814 idem
1445 2772 1635 2827 [Lachm.

131 2854 171 2892 p.
203 2840 276 2893 40]
320 2865 368 2869 —-
408 2840 582 2891 Ennius,
623 2840 822 2891 Lucilius,
867 2842 1015 2883 Varro.
1057 2842 1294 2891 Lucretius,
1333 2840 1507 2889 Tullius,
1550 2841 1636 2880 iam

133 2907 354 2961 quaternis
386 2908 610 2963 exemplis,
652 2912 701 2949 ut
732 2913 847 2950 recte
878 2913 1001 2951 notat
1032 2909 1197 2950 Probus
1227 2908 1397 2963 [1438],
1439 2907 1636 2949 adhibuit
