1898 3292
216 209 296 246 374
802 216 921 240 LIBER
941 214 1130 246 QVARTVS.

217 319 411 360 oratioue
458 318 670 358 dominica
716 318 764 372 [0.
800 332 837 370 p.
878 319 912 366 1,
954 317 1049 372 305]
1096 317 1159 357 ita
1201 315 1279 357 ‘sic
1323 320 1379 356 ai!
1419 320 1505 367 ipse
1548 321 1720 358 docens:

216 402 289 439 eqo
322 391 360 428 in
396 394 521 439 patre
553 395 590 427 et
626 394 748 437 pater
780 390 821 427 in«
861 383 942 427 me'
990 386 1217 427 confirmat
1256 385 1375 426 Beda
1418 385 1494 441 [gr.
1525 385 1598 426 lat.
1631 385 1721 435 Vll,

216 455 326 512 252],
358 469 495 508 neque
528 469 596 495 res
630 454 836 496 abhorret
867 468 892 495 a
922 454 1018 495 fide.
1075 468 1309 507 numquam
1330 467 1430 494 vero
1462 454 1504 494 in
1527 453 1722 494 versibus

215 524 401 578 propriis
429 523 600 565 illorum
632 523 845 564 invenitur
877 522 1001 564 hians
1031 523 1075 563 in
1108 522 1219 564 thesi
1250 521 1603 576 monosyllabum.
1655 521 1723 562 cui

216 592 389 647 quidem
434 591 519 645 legi
564 605 648 633 non
694 590 949 632 adversatur
993 591 1095 641 1100,
1142 590 1257 644 quod
1299 590 1511 631 Ausonius
1556 590 1600 630 in
1641 589 1724 630 fine

217 661 427 715 epistulae
474 660 613 701 XXIV
655 674 757 700 usus
802 663 867 700 est
910 659 1162 700 hexametro
1203 658 1447 712 Vergiliano
1495 657 1647 714 [bucol.
1687 661 1725 708 8,

220 729 337 786 107]:
377 732 609 770 credemus?
654 743 707 769 (ιη
746 731 814 778 qui
855 735 991 768 amma
1031 731 1110 778 ipsi
1145 730 1222 768 siha·
1252 731 1407 768 somnia
1436 731 1625 778 linqunt?
1671 751 1725 756 —-

216 812 314 839 nam
346 812 398 838 ne
430 797 709 838 Dracontium
745 795 916 849 quidem
947 795 990 837 id
1018 796 1217 838 licentiae
1249 795 1329 837 sibi
1360 796 1603 849 permisisse
1636 809 1725 836 cre-

217 866 410 917 diderim,
442 865 557 919 apud
589 878 714 918 quem
745 864 882 906 fertur
919 864 1000 921 [10,
1032 863 1156 921 426];

469 945 642 979 inlustres
669 944 816 988 animas⁷
843 945 985 979 niveam
1010 956 1093 979 cum
1117 944 1252 979 Iasone
1279 942 1453 978 Glaucen.

217 1015 291 1056 ubi
322 1028 424 1055 sane
454 1013 559 1054 illud
586 1016 735 1054 Iasone
764 1027 848 1054 non
883 1016 1028 1068 potest
1059 1027 1150 1055 esse
1173 1011 1466 1066 trisyllabum3
1496 1026 1594 1053 nam
1622 1011 1729 1053 alias

218 1096 452 1136 numquam
494 1095 680 1123 consona
721 1096 824 1123 usus
855 1082 937 1123 hoc
968 1095 1124 1124 nomen
1150 1082 1295 1136 posuit
1322 1081 1594 1122 Dracontius.
1655 1079 1730 1121 sed

219 1152 387 1193 videtur
418 1150 653 1205 glosemate
692 1151 916 1204 expulsum
960 1151 1003 1192 id
1046 1150 1161 1204 quod
1202 1153 1266 1192 est
1307 1154 1492 1201 coniuqe,
1538 1150 1649 1190 sicut
1689 1152 1731 1190 et

219 1221 453 1262 liberorum
484 1220 656 1261 nomina
688 1233 862 1261 suorum
893 1220 1066 1261 reticuit
1096 1218 1250 1260 Medea
1280 1218 1322 1259 in
1353 1217 1643 1271 sequentibus.

336 1289 392 1330 At
423 1287 657 1342 spondiaca
688 1288 821 1329 verba
851 1301 935 1329 11011
965 1291 1147 1341 possunt
1187 1287 1308 1329 hiare
1337 1288 1415 1329 nisi
1452 1287 1625 1341 proprio
1657 1300 1730 1327 no-

220 1359 332 1400 mine
364 1361 439 1399 aut
470 1357 650 1398 Graeco.
713 1357 883 1398 enotavi
921 1357 1019 1398 talis
1059 1355 1228 1410 generis
1271 1356 1479 1410 exempla,
1519 1358 1733 1408 quotquot

219 1427 372 1477 inveni,
406 1426 558 1467 omnia.
615 1426 763 1479 itaque
797 1425 903 1467 dixit
925 1425 1086 1467 Ennius
1109 1425 1175 1467 vel
1205 1425 1360 1480 potius,
1392 1428 1440 1466 ut
1471 1425 1513 1465 in
1545 1424 1731 1465 editione

222 1496 312 1538 eius
344 1508 410 1549 pg.
444 1498 524 1536 247
566 1493 863 1536 demonstrare
905 1497 1084 1536 conatus
1121 1509 1230 1545 sum,
1274 1492 1580 1548 grammaticus
1620 1493 1731 1534 inse-

222 1564 392 1618 quentis
424 1563 597 1614 aetatis,
638 1563 875 1618 Lampadio
917 1567 965 1604 ut
1000 1567 1106 1617 puta
1137 1563 1224 1605 sive
1256 1562 1565 1616 Vargunteius,
1596 1562 1638 1603 in
1671 1561 1731 1602 di-

220 1633 380 1676 sticho:

474 1689 639 1733 aspicite,
666 1700 685 1723 0
713 1688 821 1732 cives,
848 1688 943 1723 senis
968 1688 1065 1723 Enni
1090 1685 1255 1733 imagini’
1282 1688 1445 1722 formam.

222 1772 321 1800 mox
350 1758 564 1812 Vergilius
593 1758 635 1798 111
667 1771 794 1798 versu
825 1771 957 1811 supra
994 1757 1080 1798 iam
1124 1759 1310 1799 tractato
1352 1756 1511 1813 [georg.
1543 1757 1579 1807 I,
1611 1755 1731 1812 437]:

475 1836 615 1872 Glauco
641 1841 679 1872 et
703 1836 899 1881 Panopeae
926 1840 963 1872 et
986 1836 1080 1871 Inoo
1106 1836 1333 1872 Melicertae.

222 1920 352 1962 porro
375 1907 588 1948 Ausonius
624 1905 755 1963 [idyll.
778 1909 842 1957 18,
868 1905 908 1963 8]
953 1905 1173 1958 ‘nymphae
1196 1902 1528 1958 Hamadryades'
1565 1908 1608 1947 et
1630 1904 1733 1946 alibi

224 1975 292 2032 [de
313 1979 393 2017 rat.
420 1975 523 2017 dier.
547 1989 642 2017 ann.
663 1979 768 2017 vert.
793 1974 832 2031 3]
880 1973 1081 2016 ‘Phrixeo
1113 1977 1162 2016 ab
1192 1971 1341 2016 ariete’
1379 1977 1422 2015 et
1451 1973 1734 2016 Terentianus

222 2045 265 2085 111
305 2044 522 2085 trochaeis
574 2043 686 2100 [410]
736 2041 871 2099 Ὓηῦδα
912 2047 1063 2095 infecto
1108 2041 1256 2093 facit’,
1298 2043 1378 2084 nisi
1420 2044 1561 2096 potius
1602 2045 1651 2083 ut
1691 2043 1733 2083 in

225 2112 418 2167 exemplo
451 2126 586 2167 eoque
617 2126 772 2165 graeco
803 2126 882 2166 pro
913 2112 1119 2154 trochaeo
1152 2111 1363 2154 admissus
1400 2114 1466 2153 est
1507 2110 1732 2165 spondeus.

222 2185 452 2236 praeterea
479 2181 549 2222 hic
578 2184 678 2235 post
708 2184 909 2235 quartam
940 2181 1080 2222 thesin
1103 2181 1347 2222 tetrametri
1372 2179 1581 2222 trochaici
1613 2179 1733 2236 [4103

224 2254 330 2302 4113
360 2254 464 2303 4123
496 2253 600 2302 6173
635 2249 732 2306 658]
778 2253 820 2290 et
851 2250 1092 2292 Martianus
1133 2250 1176 2291 in
1211 2249 1383 2291 iambici
1418 2249 1601 2290 trimetri
1632 2262 1733 2302 pen·

225 2319 468 2360 themimeri
510 2333 595 2360 non
632 2318 756 2359 nimis
802 2332 903 2359 raro
948 2318 1183 2372 spondiaca
1227 2332 1300 2360 seu
1342 2317 1565 2359 trochaica
1602 2316 1735 2358 verba

225 2387 439 2428 collocant
467 2401 562 2428 cum
595 2387 729 2428 hiatu.
780 2390 826 2427 at
856 2386 1029 2428 hercule
1053 2387 1216 2429 Seneca
1236 2400 1322 2428 non
1343 2385 1515 2440 scripsit
1547 2385 1733 2442 [Thyest.

226 2459 328 2507 3003
357 2455 483 2497 Herc.
518 2455 609 2497 Oet.
641 2458 770 2507 12003
803 2454 948 2498 Octav.
982 2455 1103 2513 516]:

979 2536 1115 2571 liberos
1142 2535 1218 2570 eius
1243 2534 1354 2569 rudes
1378 2554 1421 2559 —

498 2603 610 2637 prece
637 2593 888 2628 commovebo.
937 2593 1022 2628 hinc
1047 2596 1153 2628 vetus
1181 2592 1286 2637 regni
1313 2591 1424 2635 furor,

223 2675 302 2703 nec
331 2661 487 2715 magis:

909 2732 951 2764 ut
974 2730 1082 2764 titulo
1107 2730 1256 2765 inclitae

499 2787 629 2821 mortis
657 2797 831 2820 carerem.
881 2798 902 2821 0
928 2787 1026 2821 ferae
1050 2787 1181 2831 victae,
1206 2787 1316 2831 ferae,

224 2857 300 2896 aut
329 2855 456 2896 illud:

498 2936 623 2969 tristes
648 2934 822 2981 Philippi,
847 2935 969 2970 hausit
994 2940 1031 2971 et
1055 2935 1220 2970 Siculum
1244 2947 1355 2970 mare.
