1898 3292
751 199 871 226 nnana
893 200 1096 226 SEPTIMVS.
1594 194 1674 233 519

166 317 252 343 una
287 303 458 356 quidem
492 317 543 344 ex
572 302 706 343 isdem
739 306 911 344 servata
941 302 996 344 sit
1025 302 1207 356 littera),
1251 318 1351 344 vera
1398 303 1568 345 eosdem
1601 308 1676 345 aut

167 370 322 412 similia
363 371 452 412 veri
495 371 615 424 sequi
655 385 886 424 numquam
927 370 1262 425 persuadebitur
1304 372 1456 413 animo.
1518 373 1673 414 etenim

166 453 261 480 cum
293 439 407 493 apud
438 438 603 481 Livium
626 439 927 489 Andronicum,
959 439 1173 480 hominem
1202 439 1380 481 Graecis
1412 439 1568 481 litteris
1597 441 1673 482 im-

164 507 329 557 butum,
369 507 485 549 haud
525 521 664 561 pauca
703 507 976 549 inveniantur
1015 507 1124 548 dura
1155 512 1196 548 et
1227 521 1399 561 aspera,
1434 509 1505 561 qui
1538 508 1674 550 credi-

163 575 292 617 bilest
312 575 523 617 barbaros
543 575 639 617 illos
660 575 774 617 culto
796 575 939 630 potius
963 579 1006 617 et
1035 575 1184 617 limato
1207 589 1336 629 quam
1367 575 1463 617 rudi
1496 580 1538 618 et
1558 577 1674 618 velut

163 643 430 686 balbutiente
455 658 650 685 sermone
682 658 774 685 esse
798 645 924 686 usos?
986 647 1061 685 aut
1083 657 1314 697 quamnam
1346 658 1543 686 sensuum
1576 645 1671 686 alti-

163 712 354 754 tudinem
384 713 451 754 vel
492 713 776 767 suptilitatem
818 711 1067 766 expectabis
1109 712 1163 753 ab
1205 712 1288 762 eis,
1329 712 1402 766 qui
1433 712 1672 755 durissimis

163 794 331 834 semper
361 781 540 822 exerciti
579 781 800 823 laboribus
836 781 949 822 vitae
993 795 1088 822 cum
1131 794 1262 822 onera
1293 781 1479 822 maxima
1511 781 1674 823 ferrent

161 848 348 890 civitatis
392 849 510 891 bella
555 849 678 891 bellis
721 849 1032 898 continuantis,
1080 848 1332 903 plerumque
1373 853 1416 891 et
1457 850 1671 891 intestinis

161 921 398 971 occupatae
436 917 681 967 discordiis,
732 918 915 959 honores
958 917 1108 971 dignos
1149 931 1233 959 non
1270 921 1370 959 sunt
1398 918 1513 959 nacti
1553 918 1672 972 prius

161 999 290 1039 quam
320 985 448 1027 flores
477 986 720 1027 litterarum
753 986 1049 1028 Graecarum?
1089 989 1317 1040 praeterea
1349 985 1444 1027 cum
1477 991 1544 1028 sat
1573 1000 1670 1028 con-

159 1057 243 1095 stet
272 1054 486 1096 Romanos
514 1054 556 1095 in
586 1054 819 1096 excolenda
855 1058 948 1096 arte
981 1058 1160 1096 externa
1186 1054 1414 1108 purissimo
1447 1069 1538 1097 esse
1570 1070 1671 1097 usos

159 1122 329 1173 iudicio,
362 1137 438 1164 cur
466 1123 508 1164 in
540 1123 788 1177 recipienda
819 1123 1021 1164 credatur
1054 1123 1243 1165 caruisse
1276 1122 1446 1164 eosdem
1468 1126 1670 1177 pectore?

159 1190 272 1232 unde
299 1190 406 1232 illud
439 1195 748 1245 compertumst
779 1191 1022 1246 Scipionem
1056 1196 1099 1233 et
1129 1191 1394 1241 Marcellum,
1440 1192 1511 1245 qui
1543 1192 1670 1246 primi

160 1259 417 1301 adamarunt
440 1259 599 1302 cultum
627 1260 824 1309 alienum,
856 1260 995 1301 minus
1018 1259 1149 1301 fuisse
1181 1273 1325 1301 rerum
1346 1259 1508 1313 peritos
1541 1275 1669 1314 quam

159 1327 342 1382 Appium
376 1333 419 1370 et
449 1328 675 1379 Catonem,
716 1328 789 1382 qui
821 1329 956 1382 magis
990 1327 1248 1370 studuerunt
1276 1329 1563 1370 monumentis
1594 1343 1665 1382 pa-

157 1396 282 1438 triis?
342 1397 444 1450 quin
474 1397 616 1451 potius
647 1400 863 1439 statuetur
891 1396 1106 1438 Romanos
1139 1400 1186 1438 ut
1221 1401 1379 1447 cetera,
1411 1411 1521 1450 quae
1555 1398 1669 1439 domi

159 1468 301 1506 essent
330 1465 465 1516 nulla,
508 1469 550 1507 et
579 1465 776 1520 poeticae
805 1464 1023 1507 modulum
1056 1465 1283 1506 rectiorem
1314 1465 1474 1519 petisse
1505 1465 1558 1507 ab
1594 1467 1666 1517 eis,

159 1532 313 1586 quibus
351 1537 465 1575 esset
496 1534 586 1576 eius
619 1534 773 1587 copia?
835 1547 969 1587 quare
1000 1537 1152 1575 vanast
1194 1533 1392 1587 equidem
1424 1533 1594 1576 Niburii
1627 1539 1670 1576 et

159 1601 361 1643 Grauerti
398 1602 552 1656 opinio.
598 1628 650 1632 -
696 1606 741 1643 at
779 1606 906 1643 erunt
947 1602 1132 1644 fortasse
1175 1602 1247 1656 qui
1291 1602 1509 1654 incusent,
1553 1604 1668 1657 quod

157 1669 330 1721 Ennius,
361 1684 455 1712 cum
478 1671 759 1725 Aboriginum
792 1674 929 1712 artem
962 1671 1204 1724 sprevisset,
1233 1684 1285 1712 ne
1315 1671 1464 1712 Naevii
1495 1671 1666 1725 quidem

156 1738 222 1780 vel
253 1738 395 1780 Plauti
427 1739 639 1793 acquierit
678 1739 878 1781 numeris.
939 1739 1021 1780 hoc
1052 1752 1152 1780 vero
1184 1752 1267 1781 non
1300 1743 1366 1780 est
1397 1741 1591 1793 argutari
1624 1741 1667 1782 in

156 1806 288 1857 falsis,
322 1807 397 1849 sed
418 1807 620 1849 insanire.
682 1808 784 1862 quid
807 1808 949 1849 enim?
980 1821 1080 1849 num
1102 1807 1254 1849 horum
1278 1811 1416 1849 metra
1437 1808 1666 1862 popularia

156 1874 275 1916 fuere
295 1875 458 1918 Latinis
468 1880 486 1917 ’ἐ
529 1880 604 1918 aut
626 1877 660 1918 si
683 1875 868 1927 fuerunt,
902 1890 1012 1929 quae
1034 1875 1266 1930 prudentia
1296 1876 1378 1918 erit
1398 1877 1666 1931 proprietate

156 1943 444 1986 Romanorum
476 1944 673 1999 praelata
704 1948 949 1999 optrectare
981 1944 1066 1985 iam
1103 1944 1291 1987 Homero
1333 1949 1377 1986 et
1407 1945 1666 1988 Archilocho

156 2015 199 2054 et
228 2012 507 2067 Aristophani
539 2017 581 2055 et
610 2013 877 2068 principibus
908 2013 1014 2054 artis
1046 2013 1297 2055 auctoribus
1330 2013 1525 2065 Graecis,
1559 2029 1666 2068 quos

155 2083 204 2121 ut
238 2081 430 2134 potiores
470 2081 600 2123 duces
641 2082 777 2123 secuti
817 2085 915 2124 sunt
956 2080 1156 2136 dactylici
1197 2081 1371 2123 Latini?
1413 2107 1469 2113 —
1512 2082 1666 2125 deinde

156 2148 325 2190 cuinam
358 2149 546 2202 gentium
581 2149 840 2203 probabitur
871 2163 896 2191 a
924 2150 1132 2192 scaenicis
1162 2150 1257 2192 istis
1289 2150 1477 2192 rationes
1509 2155 1666 2193 metro-

155 2230 249 2259 rum
280 2220 449 2259 tantum
481 2217 728 2259 doctissimo
758 2218 912 2272 cuique
943 2222 986 2260 et
1014 2218 1316 2260 honestissimo
1334 2219 1505 2261 Romuli
1536 2233 1665 2274 nepo-

154 2288 257 2336 tum,
286 2299 337 2327 ac
358 2299 441 2328 non
463 2299 604 2341 saepe,
633 2300 717 2340 quo
738 2286 915 2341 plausus
939 2287 1180 2329 excitarent
1201 2287 1328 2341 vulgi,
1352 2288 1467 2341 quod
1487 2302 1664 2330 numero

154 2353 455 2408 praevalebat,
504 2354 777 2408 palmamque
827 2355 980 2397 studiis
1026 2356 1117 2397 eius
1169 2356 1433 2410 reciperent,
1485 2356 1665 2410 plebeiis

154 2421 399 2464 hominibus
428 2425 469 2464 et
505 2437 697 2465 summae
730 2437 886 2465 caveae
918 2423 1238 2478 spectatoribus
1270 2424 1528 2478 adaptatas‘?
1562 2424 1665 2478 quid

154 2494 299 2532 autem
331 2490 498 2532 dicetur
528 2491 580 2533 de
612 2505 683 2543 eo,
715 2492 829 2546 quod
860 2492 942 2546 ipsi
973 2492 1035 2533 illi
1063 2493 1215 2534 melius
1246 2492 1332 2534 iam
1363 2493 1533 2534 exculta
1565 2493 1663 2534 civi-

154 2562 244 2600 tate
274 2560 411 2613 magis
454 2560 676 2613 magisque
716 2574 892 2602 normae
934 2560 1242 2615 dactylicorum
1290 2574 1382 2603 sese
1423 2575 1664 2602 accommo-

155 2625 343 2668 darunt?
388 2626 571 2680 denique
603 2628 732 2669 etiam
767 2628 880 2670 hanc
911 2629 954 2669 in
993 2633 1161 2682 partem
1200 2629 1339 2682 ipsum
1373 2629 1663 2670 Romanorum

153 2698 247 2735 tuto
277 2694 562 2737 advocabitur
592 2695 821 2747 iudicium,
863 2697 958 2750 qui,
1002 2712 1086 2750 quo
1128 2698 1264 2752 magis
1296 2697 1512 2750 elegantia
1541 2711 1663 2751 grae-

154 2762 304 2803 canica
335 2766 434 2804 sunt
462 2763 636 2814 imbuti,
680 2778 728 2805 eo
770 2765 892 2818 peius
924 2765 1052 2807 odere
1088 2779 1234 2807 versus
1267 2766 1561 2807 scaenicorum
1593 2780 1662 2807 ve-

152 2834 304 2872 terum.
357 2845 456 2872 nam
486 2831 592 2873 illud
624 2832 789 2883 omitte,
821 2846 874 2874 ne
904 2847 981 2875 nos
1012 2833 1185 2887 quidem
1216 2847 1299 2875 non
1332 2832 1502 2884 sentire,
1535 2833 1661 2875 modo

154 2898 337 2954 simplici
366 2898 525 2941 iudicio
550 2913 824 2942 numerorum
856 2915 907 2942 ac
937 2915 1137 2943 sonorum
1161 2901 1437 2943 aestimemus
1459 2903 1661 2953 rationes,
