1898 3292
685 222 804 246 LIBER
824 222 1023 247 SEPTIMVS.
1521 218 1599 255 431

98 328 400 375 suaviloquens,
445 327 762 375 breviloquentia
810 325 1094 378 exprobraret
1138 326 1300 366 Seneca
1344 326 1469 380 [Gell.
1509 327 1602 375 XII,

99 396 141 443 2,
175 393 228 447 7].
289 396 432 434 tamen
465 392 579 446 apud
611 392 829 434 Valerium
860 393 1061 434 Flaccum
1094 394 1141 443 V,
1171 397 1251 434 247
1287 394 1444 447 legitur
1483 398 1603 435 omni—

97 468 224 502 tuens.
277 464 322 501 at
353 460 597 515 Symphosii
631 465 693 511 19,
720 465 737 501 1
773 464 889 502 recte
917 461 1116 502 meliores
1150 461 1249 502 libri
1281 462 1442 503 habent
1473 476 1603 503 rauca

95 543 260 578 sonans,
300 542 383 570 non
426 532 709 570 raucisonam.
771 529 900 570 etiam
941 530 1022 570 hac
1056 530 1098 570 in
1130 534 1254 583 parte
1285 531 1603 583 antiquissimo-

96 611 191 638 rum
217 597 377 651 placita
404 597 615 650 repetiere
645 597 880 638 christiani.
933 598 1091 651 quippe
1116 598 1231 652 apud
1256 599 1483 640 Iuvencum
1517 599 1604 653 [1V,

97 669 200 717 2013
230 667 303 716 ΙΙΙ,
338 669 439 717 6233
472 667 523 716 ll,
551 666 650 720 551]
684 666 898 707 invenitur
929 670 1255 717 Ῐῖαηιηῑὶεοηιαηε,
1286 671 1603 718 ylazcce'comans,

88 737 364 785 l‘ruqiferens‚
398 734 513 787 apud
545 735 777 775 Ausonium
819 734 950 789 [idyll.
977 738 1012 784 6,
1040 735 1108 788 11]
1153 739 1434 784 aurieonzans,·
1475 749 1603 789 porro

96 802 211 856 apud
243 803 350 843 alios
381 802 583 856 leguntur
614 803 779 844 similia.

212 871 370 912 Vltima
399 875 543 912 autem
572 875 714 912 aetate
755 884 833 923 pro
878 871 1096 925 participii
1132 871 1249 912 finali
1283 873 1529 925 compositis
1560 873 1602 913 in

95 954 142 979 us
182 939 247 980 vel
289 953 334 980 er
375 939 631 980 exeuntibus
679 939 809 980 etiam
849 954 905 979 aat
945 939 1045 980 addi
1093 944 1256 992 coepta.
1328 941 1444 983 velut
1490 941 1604 993 apud

95 1007 375 1048 Dracontium
423 1007 580 1060 legitur
632 1011 893 1059 cloeliloquax
944 1008 1095 1063 [praef.
1140 1008 1194 1049 ad
1240 1008 1399 1050 Theod.
1442 1023 1509 1063 pg.
1550 1014 1602 1049 43

95 1075 251 1130 Sirm.],
283 1076 385 1117 item
418 1076 534 1130 apud
566 1076 823 1118 Venantium
857 1077 966 1132 ΠΗ,
999 1081 1093 1128 24⁶,
1131 1077 1188 1131 l],
1232 1078 1346 1131 apud
1389 1092 1514 1131 quem
1562 1082 1603 1119 et

93 1147 301 1194 luciferax
332 1144 402 1199 [II,
435 1149 472 1193 4,
505 1145 560 1199 3]

207 1213 310 1263 Iam,
342 1217 391 1253 ut
422 1212 562 1254 obiter
592 1213 674 1254 hoc
705 1213 873 1265 addam,
907 1228 1001 1256 cum
1029 1215 1133 1256 satis
1166 1219 1331 1256 constet
1356 1229 1381 1256 a
1403 1216 1602 1256 vetustis—

95 1280 211 1321 simis
249 1281 345 1322 rudi
385 1282 608 1322 etiamtum
644 1282 817 1323 civitate
848 1284 891 1323 in
924 1284 1170 1337 compositis
1202 1283 1362 1324 talibus
1394 1284 1604 1336 fingendis

95 1348 321 1390 audaciam
361 1350 497 1403 magis
539 1354 581 1391 et
620 1351 931 1404 proprietatem
974 1365 1102 1405 quam
1143 1352 1397 1393 modestiam
1436 1352 1603 1405 elegan-

94 1418 285 1472 tiamque
318 1419 527 1460 ostentari
561 1444 611 1448 —
645 1433 751 1472 quos
783 1423 926 1461 tamen
958 1434 1042 1461 11011
1075 1421 1164 1461 sine
1189 1420 1316 1461 laude
1346 1424 1518 1461 secutus
1540 1425 1604 1461 est

93 1486 286 1528 Catullus
317 1487 360 1527 in
393 1487 547 1542 epyllio
580 1491 622 1528 et
653 1488 696 1528 in
720 1489 809 1529 Atti
830 1514 897 1539 —-,
930 1489 984 1530 ab
1010 1489 1192 1542 Augusti
1224 1493 1368 1530 aetate
1401 1503 1603 1530 numerus

92 1554 262 1597 illorum
293 1556 417 1597 valde
448 1556 641 1597 imminui
673 1561 849 1610 coeptus
882 1562 966 1609 est,
1010 1558 1079 1598 vix
1122 1562 1170 1599 ut
1211 1558 1297 1599 alia
1331 1558 1603 1611 reperiantur

93 1623 191 1665 inde
233 1624 286 1666 ab
320 1629 501 1667 exeunte
539 1626 711 1667 saeculo
743 1641 782 1666 u.
815 1640 847 1667 0.
878 1627 977 1668 VIII
1009 1641 1137 1680 quam
1172 1626 1347 1680 Vergilii
1378 1626 1602 1679 Ovidiique

93 1693 298 1746 exemplis
338 1693 521 1735 firmata.
584 1694 833 1736 eximendus
863 1699 1006 1736 tamen
1040 1694 1220 1745 Seneca,
1264 1695 1337 1748 qui
1368 1709 1519 1736 vocum
1561 1696 1602 1735 in

87 1766 191 1810 ficus
224 1762 470 1804 exeuntium
491 1762 746 1816 frequentia,
780 1767 827 1804 ut
848 1764 942 1805 aliis
965 1763 1222 1817 quibusdam
1246 1764 1387 1815 rebus,
1410 1767 1602 1805 veterum

91 1830 356 1883 tragicorum
388 1831 582 1884 sequitur
613 1846 749 1873 usum.
812 1832 1004 1874 diversus
1034 1832 1206 1886 quidem
1238 1832 1292 1874 ab
1325 1847 1374 1874 eo
1397 1832 1602 1873 Octaviae

93 1902 255 1940 auctor.
326 1899 459 1953 igitur
504 1900 619 1954 apud
663 1900 783 1942 illum
831 1901 1054 1942 observavi
1101 1901 1208 1942 haec
1249 1900 1497 1951 ἐπήρθης,
1542 1905 1602 1941 in-

92 1970 304 2017 cestificus,
346 1971 555 2018 laetificus,
599 1972 809 2018 luctifica&
852 1973 1103 2021 mafflzisffcus,
1142 1974 1343 2020 722'clisi'czc5‚
1376 1973 1601 2019 sacrificas,

91 2038 298 2085 saoeificus,
339 2039 620 2086 superbifica&
660 2040 855 2087 tabificus,
895 2042 1111 2088 terrificus,
1144 2036 1389 2088 volnificus'.
1452 2038 1602 2079 talium

92 2107 236 2145 autem
276 2105 610 2158 compositorum
651 2106 877 2148 audaciam
917 2120 992 2148 seu
1023 2107 1310 2160 frequentiam
1349 2106 1603 2160 aequalibus

90 2172 268 2226 tragicis
300 2173 490 2215 Lucilius
530 2175 807 2228 exprobravit
851 2176 894 2216 in
926 2190 961 2216 v.
1001 2175 1083 2217 hoc
1127 2174 1220 2228 ‘eqo
1254 2180 1355 2217 enlm
1388 2179 1601 2216 conlemne'-

86 2246 190 2290 ficus
222 2245 317 2291 fieri
349 2250 387 2283 et
417 2246 616 2294 fastidire
649 2243 994 2296 Ayamenmom's’.
1057 2259 1155 2286 nam
1196 2244 1251 2285 ad
1289 2244 1478 2297 tragicos
1509 2258 1601 2285 car-

93 2309 256 2363 pendos
294 2314 337 2351 et
375 2310 461 2352 alia
498 2312 715 2365 pertinent
757 2313 947 2354 eiusdem
977 2313 1232 2367 fragmenta,
1275 2316 1322 2354 ut
1364 2313 1480 2354 istud
1524 2311 1600 2353 ‘la-

91 2381 239 2419 scivire
275 2392 405 2430 (senus
433 2384 524 2421 nasi
556 2384 762 2432 roslre'que
791 2379 1060 2432 repandum’,
1104 2396 1188 2435 quo
1229 2381 1436 2422 irridetur
1477 2384 1602 2421 notus

91 2445 266 2488 Pacuvii
287 2461 434 2490 versus
478 2447 622 2490 ‘Nerei
643 2453 1012 2500 repande'rostrwn,
1044 2454 1405 2492 incureieerve'cmn
1432 2447 1601 2500 pecus-²,

35 2544 39 2546 —
91 2527 169 2555 nec
199 2516 339 2557 minus
367 2516 475 2558 tale:

298 2595 498 2640 Tisiphone
525 2595 622 2642 Tityi
648 2608 666 2631 e
695 2598 930 2642 pulmonibus
951 2602 1059 2642 atque
1087 2599 1194 2643 adipe
1222 2610 1367 2643 unguen

299 2656 495 2687 excoctum
522 2654 646 2688 attulit
670 2654 919 2690 Eumenidum
944 2656 1173 2690 sanctissima
1198 2655 1342 2700 Erinys.

92 2720 248 2773 quibus
279 2721 421 2763 verbis
463 2727 646 2775 apparet
684 2724 840 2777 tragici
880 2726 1024 2766 nescio
1065 2725 1185 2766 cuius
1226 2724 1345 2777 tangi
1379 2727 1422 2765 et
1452 2723 1602 2764 dictio-

91 2802 193 2829 num
224 2789 534 2831 abundantiam
568 2795 610 2832 et
633 2805 775 2833 rerum
799 2792 1049 2835 foeditatem
1072 2793 1276 2834 Canidiae
1310 2796 1384 2833 aut
1406 2792 1603 2846 Thyestis

93 2870 264 2899 mensas
295 2858 564 2900 referentem.
625 2864 815 2902 ceterum
846 2861 1023 2904 ultimae
1056 2865 1254 2903 auctores
1297 2861 1453 2902 aetatis
1496 2861 1602 2901 clas-

97 2927 279 2966 sicorum
326 2941 492 2968 rursum
538 2928 776 2981 migrarunt
819 2931 1087 2971 modestiam.
1149 2931 1279 2971 veluti
1311 2944 1419 2971 unus
1455 2943 1507 2970 ex
1537 2929 1603 2969 his

159 3005 400 3039 L.Mue11eri;
424 3008 468 3033 De
487 3016 508 3033 r.
527 3016 563 3033 m.
582 3016 609 3038 p.
629 3009 661 3033 L.
1284 3001 1326 3032 31
