1898 3292
746 229 1020 258 PRoHoEimvm.
1586 224 1608 263 3
1616 226 1637 262 3

132 350 225 377 11160
257 335 358 377 mihi
398 334 548 376 fecisse
590 335 752 385 videor,
792 334 906 388 quod
948 338 1147 376 auctores
1192 349 1336 376 earum
1380 335 1638 388 quicumque

131 405 305 448 fuerunt
345 404 544 445 coniunxi
583 418 678 444 cum
710 403 871 444 Ovidio.
934 403 1080 443 addidi
1113 402 1244 444 Nucis
1281 403 1550 456 opusculum,
1592 409 1639 444 ut

133 487 242 527 quae
283 474 378 526 ipsa
417 473 528 513 sicut
565 485 666 526 pars
709 471 944 512 Heroidum
986 471 1028 511 in
1075 470 1222 511 schola
1263 484 1314 511 ac
1355 471 1472 511 velut
1513 471 1638 512 domo

131 541 270 583 Ovidii
303 541 358 582 sit
391 541 645 594 conscripta.
699 554 795 580 nam
830 543 872 580 et
894 539 1073 580 similem
1098 539 1151 579 ob
1175 553 1347 580 causam
1375 539 1637 593 Lygdamum

133 625 224 651 cum
250 609 439 663 Sulpicia
473 613 515 650 et
535 608 803 650 laudatorem
830 608 1056 649 Messallae
1079 607 1260 658 Tibullo,
1294 607 1460 648 Maroni
1483 608 1639 650 Culicis

131 683 174 720 et
204 679 312 720 Ciris
345 678 501 719 adnexi
533 681 743 719 auctores.

243 748 332 789 Iam
358 746 590 805 'dicendum
623 745 674 786 de
707 746 910 799 Priapeis.
972 749 1015 786 et
1046 744 1216 798 quidem
1251 744 1492 794 dolendum,
1523 745 1638 798 quod

130 816 171 856 in
204 816 264 857 eis
297 815 573 857 emendandis
603 819 690 855 tam
725 814 890 867 exiguis
923 817 965 854 et
995 827 1078 854 non
1110 813 1206 854 fidis
1238 813 1399 853 utimur
1429 813 1637 854 librorum

130 884 331 925 subsidiis
358 909 414 913 —
446 897 542 924 nam
568 883 872 935 Linslenbrogii
904 882 1051 932 codex,
1084 882 1156 934 qui
1190 881 1358 922 videtur
1390 881 1519 922 fuisse
1551 896 1637 923 oin-

128 954 245 994 nium
277 953 475 1006 optimuS,
507 966 559 993 ex
591 952 744 992 notitia
777 951 992 992 hominum
1019 950 1241 991 doctorum
1264 951 1349 990 iam
1372 942 1550 991 recessit
1574 976 1638 1000 —-,

130 1026 172 1063 et
212 1021 461 1062 laetandum
514 1024 657 1061 autem
705 1020 879 1073 egregia
928 1033 1074 1060 eorum
1114 1019 1329 1072 elegantia
1370 1019 1550 1059 metrica
1595 1019 1638 1059 id

130 1089 446 1144 quodammodo
479 1089 761 1142 compensari,
791 1089 854 1129 ita
882 1092 930 1129 ut
960 1086 1066 1128 illud
1099 1091 1214 1128 certe
1246 1087 1459 1141 possimus
1483 1101 1635 1140 agnos-

131 1173 244 1209 cere,
285 1158 388 1212 quid
430 1172 513 1199 non
546 1157 701 1198 debeat
732 1157 908 1198 tolerari
939 1157 981 1197 111
1014 1156 1118 1196 istis.
1182 1156 1337 1197 etenim
1370 1156 1521 1208 nequis
1552 1160 1637 1197 sta-

129 1232 225 1269 tuat
255 1227 394 1268 inesse
426 1226 509 1267 illis
541 1225 739 1280 plebeiae
771 1239 903 1266 venae
937 1228 1116 1266 conatus
1149 1224 1277 1265 rudes
1319 1238 1369 1264 ac
1410 1224 1634 1274 barbaros,

129 1310 206 1350 pro
231 1299 349 1337 certo
370 1295 473 1336 licet
495 1294 701 1335 affirmari
735 1308 830 1335 eum
863 1294 935 1347 qui
957 1293 1065 1334 baec
1088 1293 1216 1334 animi
1241 1306 1372 1333 causa
1393 1292 1445 1333 de
1468 1293 1638 1334 sacellis

129 1379 180 1406 ac
222 1365 332 1405 fanis
374 1364 520 1417 Priapi
564 1367 606 1404 et
646 1363 817 1417 saepius
858 1362 909 1403 de
952 1362 1107 1403 statuis
1148 1361 1239 1402 eius
1270 1361 1312 1401 111
1344 1360 1481 1402 hortis
1514 1361 1638 1414 vulgo

128 1433 279 1487 positis
313 1432 501 1486 collegit,
542 1432 704 1473 cavisse
733 1432 921 1472 maxima
952 1445 1047 1471 cum
1081 1444 1201 1480 cura,
1243 1429 1400 1483 nequid
1424 1430 1639 1484 reciperet

127 1506 373 1556 poematum
412 1504 488 1542 aut
529 1500 727 1541 dictionis
772 1500 1021 1553 integritate
1069 1502 1145 1540 aut
1185 1512 1384 1539 versuum
1425 1498 1639 1551 elegantia

129 1571 401 1620 destitutum,
440 1569 521 1610 nisi
553 1569 648 1622 quis
679 1569 760 1610 hoc
789 1568 932 1622 potius
959 1567 1041 1609 sibi
1072 1567 1339 1621 persuaserit
1369 1581 1435 1607 me
1467 1567 1639 1620 quidem

130 1654 213 1681 non
237 1639 506 1689 adversante,
528 1638 642 1679 hunc
667 1638 806 1691 ipsum
831 1636 1063 1690 aliquando
1087 1649 1327 1677 sermonem
1359 1635 1556 1676 vitiosum
1589 1649 1640 1676 ao

128 1708 346 1750 labantem
371 1711 508 1748 artem
541 1705 795 1759 corrigendo
828 1705 1052 1746 adiuvisse.
1105 1708 1249 1745 tamen
1280 1703 1385 1745 illud
1419 1707 1636 1753 certumst,

129 1791 213 1818 non
245 1776 297 1818 de
325 1775 451 1830 plebe
478 1775 697 1830 profectos
729 1788 821 1816 esse
852 1773 972 1815 lusus
1003 1774 1127 1824 istos,
1168 1772 1242 1814 sed
1275 1772 1446 1813 doctam
1478 1772 1639 1813 referre

131 1846 334 1900 originem
379 1870 433 1875 -——
473 1857 611 1897 neque
654 1843 740 1884 alia
780 1843 869 1884 fere
904 1842 971 1883 his
1003 1841 1126 1884 libris
1157 1844 1402 1882 tractantur
1435 1842 1639 1891 carmina,

131 1928 258 1968 quam
296 1913 452 1967 quibus
491 1912 714 1954 doctorum
761 1912 986 1953 conveniat
1027 1923 1181 1951 nomen
1222 1935 1296 1959 ——,
1336 1908 1466 1962 idque
1508 1923 1638 1950 unum

130 1986 267 2024 restat
297 1980 608 2036 quaerendum,
651 1981 819 2022 cuinam
861 1979 1045 2033 tempori
1085 1978 1312 2019 videantur
1350 1991 1443 2018 esse
1476 1977 1637 2018 adscri-

129 2050 269 2092 bendi.
331 2064 460 2104 quam
498 2063 587 2091 rem
618 2052 984 2103 pertrectaturum
1016 2044 1201 2102 primum
1234 2045 1431 2087 advertet
1461 2045 1640 2099 insignis

130 2133 404 2161 numerorum
446 2118 709 2172 simplicitas.
771 2131 869 2158 nam
906 2120 1081 2171 praeter
1119 2115 1305 2156 disticha
1346 2118 1389 2155 et
1429 2113 1640 2156 hendeca-

118 2188 318 2243 syllabos
351 2191 394 2228 ct
421 2186 588 2228 iambos
615 2200 746 2240 puros
779 2186 865 2227 sive
896 2185 1209 2239 hipponacteos
1231 2183 1394 2225 nullum
1424 2183 1638 2224 inveneris

130 2261 312 2298 metrum
344 2255 425 2297 nisi
454 2254 562 2296 illud
594 2254 708 2308 quod
737 2268 762 2296 a
794 2254 886 2305 deo,
920 2254 987 2294 cui
1020 2252 1164 2293 dicata
1187 2255 1285 2294 sunt
1305 2251 1414 2292 haec
1436 2251 1640 2302 carmina,

131 2325 264 2367 habet
293 2338 458 2366 nomen.
508 2337 594 2377 qua
621 2323 716 2377 ipsa
753 2322 1016 2364 continentia
1047 2320 1258 2375 probatur
1285 2320 1361 2361 illa
1383 2324 1426 2361 et
1447 2333 1473 2360 a
1496 2320 1641 2361 Laevii

131 2393 374 2447 Catullique
397 2396 440 2434 et
461 2406 487 2433 a
509 2392 705 2446 Septimii
727 2405 778 2432 ac
799 2390 1047 2432 Terentiani
1075 2389 1216 2430 aliena
1239 2402 1331 2430 esse
1362 2388 1641 2442 temporibus,

132 2462 287 2516 quibus
326 2475 455 2515 quam
496 2460 679 2502 maxime
722 2474 921 2501 versuum
952 2458 1207 2500 varietatem
1240 2470 1444 2498 curavere
1475 2461 1641 2511 poetae.

131 2531 203 2572 sed
229 2529 549 2584 angustioribus
571 2528 704 2570 multo
726 2528 828 2570 licet
845 2526 1139 2569 circumscribi
1156 2526 1436 2579 Priapeorum
1456 2528 1642 2566 aetatem

131 2599 295 2654 spatiis.
357 2598 512 2640 etenim
557 2612 651 2639 cum
695 2596 910 2638 Martialis
952 2598 1101 2650 aperte
1154 2595 1209 2636 sit
1257 2594 1450 2635 imitatus
1491 2593 1641 2634 horum

131 2667 415 2722 praefationis
456 2667 642 2717 initium,
692 2666 814 2706 annis
858 2666 992 2706 ferme
1038 2663 1086 2713 C,
1138 2663 1211 2716 qui
1250 2664 1489 2715 Augustum
1531 2662 1643 2702 inter

132 2736 252 2777 fuere
294 2749 345 2776 ac
383 2735 696 2785 Domitianum,
738 2748 789 2775 ea
829 2732 1067 2787 composita
1108 2745 1201 2773 esse
1243 2734 1285 2771 et
1327 2729 1522 2771 conlecta
1557 2733 1642 2770 sta·

131 2804 391 2846 tuendumst.
453 2804 520 2844 cui
570 2802 766 2844 convenit
812 2802 939 2856 plane
980 2799 1169 2854 opinioni
1211 2812 1322 2851 quae
1356 2798 1399 2838 in
1442 2812 1463 2839 ο
1502 2797 1643 2838 finalis

133 2873 375 2926 quantitate
417 2872 632 2925 reperitur
675 2884 836 2912 norma.
899 2870 1052 2910 etenim
1096 2870 1271 2921 praeter
1310 2865 1498 2906 iambica
1532 2873 1643 2916 pulo,

199 2952 442 2982 11.Mueiieri;
466 2953 510 2977 De
529 2959 550 2976 r.
571 2959 607 2976 m.
628 2959 654 2987 p..
674 2951 705 2975 L.
1350 2935 1371 2967 3
