1898 3292
776 229 896 253 LIBER
914 229 1088 254 TERTIVS.
1599 222 1644 259 21
1657 223 1678 259 5

175 331 463 371 conformatas
510 331 722 372 haberent
773 331 1100 383 traderentque,
1152 331 1380 371 verendum
1430 332 1531 380 fuit,
1585 346 1679 373 cum

174 399 369 452 qualibet
389 399 510 453 pedis
532 400 649 440 tertii
671 400 876 440 incisione
900 399 1111 440 admissus
1145 400 1316 452 saepius
1349 400 1450 440 sede
1481 401 1679 453 proxima

172 467 402 508 trochaeus
445 482 496 508 ne
538 482 635 508 mox
676 468 804 508 latius
844 472 1085 521 vagaretur.
1157 468 1231 508 sed
1274 469 1384 508 enim
1426 483 1451 508 a
1492 469 1678 510 secundo

172 534 280 588 pede
303 535 530 576 excludere
555 550 649 576 eum
672 549 754 576 non
787 540 966 589 potuere
998 540 1176 589 propter
1206 540 1345 577 certas
1376 536 1485 576 finiti
1518 537 1678 578 ordinis

173 603 490 653 observantias,
538 618 644 657 quas
685 604 867 657 posthac
907 604 1176 653 memorabo,
1222 609 1402 657 potuere
1444 619 1468 645 a
1510 609 1677 657 quarto.

170 672 232 712 ita
262 671 396 724 probe
427 672 512 712 iam
544 672 624 713 fuit
656 676 840 723 cautum⁷
870 686 921 713 ne
954 672 1083 713 semel
1111 672 1299 713 admissa
1326 672 1500 713 licentia
1522 687 1677 714 noxam

171 740 376 780 traheret.
438 740 549 781 hanc
581 755 773 781 normam
806 741 1043 793 antiquitus
1085 745 1303 794 receptam
1336 742 1553 782 Homerici
1586 756 1677 782 car-

171 808 295 849 minis
325 809 584 849 auctoritate
619 823 718 849 mox
759 809 896 862 magis
938 809 1160 862 magisque
1204 810 1424 862 optinente
1465 810 1507 850 in
1548 811 1677 851 tertio

170 876 278 929 pede
310 890 490 917 caesura
520 877 719 918 muliebri
752 877 866 930 quod
899 877 1125 930 diligenter
1148 882 1373 918 servarunt
1404 878 1677 931 posteriores,

169 945 341 985 minime
373 945 455 985 erit
485 946 652 986 mirum.
1428 989 1431 991 ,

286 1015 341 1053 At
372 1013 571 1064 Romani,
611 1014 767 1066 quibus
809 1014 959 1054 incisio
1004 1014 1121 1054 tertii
1162 1013 1283 1067 pedis
1325 1014 1547 1055 trochaica
1588 1016 1678 1056 sine

169 1081 528 1134 hephthemimeri
559 1096 696 1135 paene
732 1082 850 1122 nulla
892 1086 1021 1131 esset,
1063 1096 1139 1122 cur
1179 1082 1431 1124 trochaeum
1465 1097 1490 1123 a
1521 1088 1676 1136 quarto

170 1149 278 1203 pede
311 1149 589 1190 excluderent
631 1149 758 1203 plane
799 1164 882 1190 non
921 1149 1012 1191 fuit.
1075 1154 1262 1191 ceterum
1295 1151 1453 1192 similes
1485 1155 1676 1192 veterum

168 1221 394 1271 poetarum
427 1218 647 1259 cautiones
676 1232 759 1259 non
791 1219 1032 1272 praesentis
1069 1222 1235 1260 tantum
1278 1220 1503 1273 temporis,
1547 1220 1675 1261 etiam

170 1285 305 1327 futuri
333 1286 685 1340 prospicientium
718 1287 998 1328 incommodis
1035 1287 1136 1327 licet
1169 1287 1452 1328 animadverti
1487 1292 1528 1329 et
1559 1288 1674 1329 alibi.

280 1354 420 1395 Pudet
463 1354 631 1407 longius
678 1355 903 1396 aberrasse
951 1369 976 1396 a
1027 1356 1104 1395 via.
1177 1355 1280 1408 quid
1332 1356 1442 1396 enim
1494 1356 1548 1396 ad
1598 1370 1675 1398 nos

168 1422 356 1464 Graeci?
408 1423 526 1464 nulla
558 1437 658 1464 vero
688 1437 891 1476 umquam
925 1423 1006 1464 fuit
1036 1423 1150 1477 apud
1174 1424 1388 1465 Romanos
1419 1429 1517 1478 post
1548 1439 1675 1478 quar-

166 1495 257 1532 tum
288 1491 354 1532 vel
391 1491 609 1545 dactylum
642 1491 708 1532 vel
748 1491 1001 1532 trochaeum
1041 1492 1208 1542 incisio,
1251 1506 1361 1545 quae
1403 1496 1477 1533 aut
1514 1507 1592 1546 per
1631 1507 1675 1534 se

167 1563 282 1600 stare
311 1563 457 1613 posset
487 1563 562 1600 aut
593 1559 707 1600 idem
738 1563 854 1600 certe
898 1560 1120 1613 dignitatis
1152 1561 1367 1614 optineret
1399 1561 1513 1614 quod
1541 1561 1674 1615 heph-

165 1628 406 1668 themimeri
436 1628 583 1668 iuncta
612 1628 957 1669 trithemimeres.

279 1696 335 1736 At
368 1695 545 1737 verbum
588 1695 712 1737 finire
750 1696 855 1737 locis
901 1697 996 1738 istis
1034 1711 1109 1738 cur
1152 1700 1393 1739 metuerent
1435 1697 1553 1739 nulla
1594 1698 1675 1739 fuit

166 1778 308 1805 causa.

280 1833 422 1882 Quare
453 1832 683 1873 videndum
716 1847 770 1873 an
800 1833 918 1873 nimii
949 1833 1119 1882 fuerint,
1151 1834 1375 1875 imitatone
1398 1834 1526 1885 ducti,
1557 1839 1673 1888 puto,

166 1900 551 1941 Alexandrinorum
585 1900 776 1942 Catullus
814 1902 857 1942 in
888 1902 1042 1956 epyllio
1076 1906 1118 1943 et
1150 1902 1393 1956 Lygdamus
1423 1903 1467 1943 in
1514 1903 1672 1956 elegiis,

166 1968 238 2021 qui
269 1968 570 2009 abstinuerunt
600 1969 642 2009 in
677 1973 834 2022 quarta
856 1970 966 2011 thesi
998 1971 1230 2011 terminare
1254 1971 1459 2011 orationis
1491 1975 1672 2024 partem.

165 2036 362 2089 adeoque
385 2037 598 2078 Catullum
630 2051 682 2077 ne
713 2037 755 2078 in
789 2038 943 2079 ceteris
972 2038 1141 2091 quidem
1167 2038 1427 2079 carminibus
1450 2038 1673 2080 admisisse

165 2104 277 2145 idem
300 2105 382 2146 nisi
404 2109 559 2158 quater
591 2106 675 2159 [68‚
699 2109 773 2157 493
808 2109 872 2156 76,
899 2110 939 2157 13
973 2110 1039 2155 84,
1065 2112 1105 2157 53
1142 2110 1233 2155 101,
1262 2107 1301 2160 l]
1332 2120 1470 2159 neque
1495 2107 1672 2147 eandem

165 2172 483 2214 distinctionem
511 2173 691 2214 inveniri
724 2177 841 2215 certo
874 2175 1068 2228 exemplo
1100 2175 1143 2214 in
1175 2174 1352 2225 Cinnae,
1385 2175 1514 2225 Calvi,
1546 2175 1674 2216 Biba-

165 2240 269 2291 culi,
302 2241 508 2282 Varronis
540 2242 782 2294 utriusque,
817 2243 962 2292 Quinti
995 2246 1037 2283 et
1068 2242 1204 2282 Marci
1237 2242 1487 2284 Ciceronum
1521 2243 1673 2284 carmi-

163 2323 264 2349 num
305 2308 498 2362 reliquiis
540 2313 716 2362 praeter
753 2325 884 2351 unum
916 2324 1085 2351 versum
1116 2310 1270 2361 Marci⁷
1302 2312 1559 2352 Arateorum
1592 2315 1671 2352 327

166 2378 357 2431 (poterat
394 2377 495 2418 addi
528 2378 601 2431 qui
630 2377 788 2431 legitur
819 2378 857 2418 d.
890 2393 927 2418 n.
961 2378 998 2419 d.
1028 2379 1086 2429 Π,
1125 2380 1221 2431 104)
1270 2392 1348 2419 nec
1392 2379 1474 2419 nisi
1519 2379 1585 2420 bis
1631 2379 1673 2419 in

164 2444 358 2498 Priapeis
390 2446 447 2499 [3‚
471 2449 517 2496 ὃς
551 2449 616 2496 68,
643 2446 714 2500 31]
747 2460 797 2486 ac
829 2447 985 2487 similia
1017 2447 1228 2499 quaedam
1261 2450 1383 2487 notat
1413 2447 1487 2487 Th.
1511 2447 1673 2488 Birtius

165 2512 456 2566 disputatione
489 2514 655 2554 curiose
688 2514 850 2567 scripta
882 2514 933 2554 de
963 2514 1215 2555 hexametro
1237 2515 1390 2555 Latino
1420 2515 1506 2569 [pg.
1531 2515 1614 2568 25].

279 2592 401 2633 Hanc
431 2592 563 2645 igitur
602 2593 853 2634 subtilitatis
895 2607 1040 2634 curam
1080 2595 1235 2634 nimiae
1282 2594 1433 2634 merito
1474 2607 1673 2647 sprevere

163 2664 318 2713 poetae
361 2661 522 2713 optimi.
582 2662 818 2702 notandum
857 2665 1002 2702 tamen
1042 2676 1126 2702 non
1168 2662 1409 2714 quaesitum
1442 2662 1585 2714 potius
1618 2661 1672 2702 ab

164 2728 230 2768 his
262 2742 389 2780 quam
424 2728 604 2769 vitatum
634 2733 733 2781 post
760 2729 1012 2770 trochaeum
1045 2734 1246 2782 quartum
1285 2729 1573 2783 dactylumve,
1621 2729 1672 2769 de

165 2809 248 2848 quo
281 2795 427 2836 statim
459 2796 637 2843 dicetur,
669 2796 788 2837 verbi
820 2796 959 2846 finem,
991 2797 1248 2851 ubicumque
1272 2797 1397 2838 aliter
1420 2796 1673 2850 disponendi

164 2877 364 2904 numeros
394 2864 559 2916 pariter
590 2864 761 2905 adesset
790 2864 986 2906 facultas.
