1898 3292
139 240 219 277 268
733 248 853 272 LIBER
872 248 1045 273 TERTIVS.

139 350 271 390 cretio
314 364 451 402 neque
494 351 689 402 graviore
729 351 960 391 interstitio
1003 351 1143 391 thesin
1178 355 1341 392 sextam
1376 353 1429 392 ab
1463 354 1548 393 arsi
1581 354 1642 393 di-

137 418 234 459 velli
265 433 420 472 neque,
463 420 498 459 si
534 419 668 460 levius
709 420 764 460 sit
801 420 986 472 positum
1021 421 1319 462 coniunctione
1350 423 1645 476 monosyllaba

140 486 336 528 adhibita
366 487 453 528 sive
484 487 681 538 relativo,
725 487 909 528 alterum
949 488 989 528 in
1023 488 1106 529 fine
1139 503 1288 530 versus
1320 489 1431 531 addi.
1495 494 1645 532 contra

140 555 307 596 Horatii
345 556 541 610 exempla
578 555 794 597 habentur
833 556 941 597 talia
980 558 1063 611 [ep.
1095 557 1132 608 Ι,
1166 561 1201 608 7,
1235 562 1307 609 603
1339 573 1369 599 s.
1402 559 1435 608 I,
1469 563 1505 610 3,
1543 563 1644 611 1273

139 638 202 677 ep.
234 624 286 674 ΙΙ,
320 627 357 674 3,
390 625 512 679 327]:

391 704 515 738 scitari
541 704 632 738 libet
657 716 702 738 ex
726 704 817 748 ipso,
845 704 1103 750 quodcumque
1128 706 1252 740 refers.
1301 707 1372 750 dic,

390 763 435 796 ad
462 774 589 796 cenam
613 763 755 806 veniat3

620 820 764 864 sapiens
793 820 962 864 crepidas
989 821 1057 855 sibi
1084 833 1279 865 numquam

391 889 456 911 nec
483 877 601 911 solcas
628 877 734 920 fecit3
760 880 862 911 sutor
888 880 1009 911 tamen
1036 882 1092 912 est
1117 879 1272 922 sapiens.
1313 881 1400 924 qui?

619 935 649 968 si
679 934 724 968 de
753 935 959 977 quincunce
986 938 1163 969 remotast

391 992 508 1034 uncia,
537 991 624 1035 quid
650 994 810 1036 superat.
860 995 1037 1036 properat
1062 992 1197 1027 dixisse
1221 989 1379 1027 ‘triens’.
1420 991 1509 1028 (ω’.

135 1061 247 1100 idem
281 1064 437 1111 tamen,
470 1060 584 1113 quod
618 1060 785 1110 mirere,
815 1075 1048 1113 numquam
1077 1061 1317 1102 hexametri
1339 1052 1533 1103 ultim-ain
1567 1064 1648 1117 syl-

136 1129 281 1169 labam
322 1129 644 1182 praepositione
687 1132 885 1170 constare
925 1143 1078 1182 passus
1117 1134 1192 1171 est.
1238 1156 1287 1160 —
1330 1135 1375 1172 at
1416 1132 1531 1184 apud
1572 1132 1648 1173 Ca-

136 1197 287 1238 tullum
323 1198 437 1251 [112,
474 1198 514 1252 1]
547 1197 661 1251 quod
693 1198 905 1251 scripsere
934 1197 1133 1251 quidam:

343 1277 480 1311 multus
505 1277 646 1311 homo's
671 1276 769 1312 Naso
796 1289 915 1321 neque
941 1280 1064 1311 tecum
1090 1277 1226 1311 multus
1256 1278 1411 1322 homost,
1440 1280 1499 1323 qui

344 1338 381 1368 te
407 1334 552 1377 scindit,

139 1417 208 1444 res
250 1403 547 1456 perincertast.
607 1417 705 1444 nam
746 1403 954 1445 traditum
998 1404 1236 1457 antiquitus
1275 1409 1387 1446 homo
1429 1409 1648 1446 descendit.

140 1476 391 1526 corruptum
421 1472 550 1513 etiam
573 1472 789 1526 Propertii
812 1486 981 1514 versun]
1004 1474 1073 1514 vix
1106 1473 1288 1523 dubites,
1322 1474 1373 1515 de
1405 1488 1488 1527 quo
1520 1489 1651 1529 supra

138 1542 373 1583 memoravi
404 1542 495 1596 [IIL
530 1545 596 1593 20,
633 1542 722 1597 17]:

344 1625 383 1656 at
407 1622 506 1656 nullo
533 1622 702 1656 dominae
727 1623 860 1656 teritur
885 1622 1071 1657 molimine
1098 1635 1209 1666 amor,
1237 1624 1297 1667 qui

345 1682 462 1713 restat
490 1682 526 1713 et
549 1679 720 1713 inmerita
745 1680 903 1714 sustinet
927 1691 1014 1714 aure
1039 1680 1164 1713 mina-s.

139 1747 212 1788 ubi
236 1747 344 1788 bene
367 1747 569 1789 Heinsius
610 1745 826 1789 ‘amator-³.
862 1773 914 1777 -—
947 1762 1085 1802 neque
1117 1749 1273 1790 similia
1303 1750 1515 1791 inveneris
1538 1750 1653 1803 apud

139 1817 415 1870 insequentes
457 1816 735 1858 classicorum
780 1821 955 1870 praeter
995 1817 1205 1859 satiricos.
1269 1832 1291 1859 e
1323 1819 1478 1872 quibus
1509 1822 1653 1859 tamen

141 1886 297 1927 diversi
328 1885 455 1938 longe
486 1885 646 1926 interse
679 1884 851 1926 Persius
881 1890 924 1927 et
955 1886 1180 1928 Iuvenalis.
1241 1887 1311 1928 hic
1342 1887 1451 1928 enim
1486 1902 1579 1928 cum
1611 1892 1653 1928 et

139 1954 484 2009 praepositiones
525 1954 730 1995 admittat
765 1953 849 1995 fine
880 1968 1028 1996 versus
1061 1959 1103 1996 et
1134 1956 1524 2010 interpunctionem
1554 1960 1653 2009 post

140 2023 451 2077 paenultimam
485 2022 718 2077 syllabam,
761 2026 807 2064 at
845 2022 908 2064 illi
939 2027 1139 2065 neutrum
1171 2025 1346 2078 placuit.
1408 2038 1507 2065 nam
1539 2024 1653 2078 quod

139 2091 298 2145 legitur
330 2091 445 2145 apud
477 2105 572 2132 eum
607 2091 664 2146 [6,
704 2091 798 2146 19]:

865 2160 952 2194 solis
980 2161 1161 2195 natalibus
1190 2164 1245 2195 est
1271 2162 1332 2205 qui

322 2262 326 2266 Δ
347 2219 468 2262 tingat
493 2218 572 2252 olus
598 2218 738 2252 siccum
763 2218 881 2251 muria
907 2218 1008 2252 vafer
1032 2219 1068 2251 in
1096 2219 1209 2253 calice
1236 2222 1369 2263 empta,

142 2287 268 2328 unius
308 2287 424 2328 vocis
462 2287 601 2328 instar
643 2287 830 2328 habetur
871 2286 978 2328 illud
1022 2294 1081 2327 est
1122 2291 1201 2338 qui.
1265 2301 1398 2340 quare
1440 2288 1524 2329 alio
1561 2288 1655 2329 loco

143 2357 199 2411 [5,
233 2356 350 2410 143],
382 2356 456 2397 ubi
488 2355 627 2397 fertur
655 2355 802 2409 vulgo:

351 2435 546 2469 seductum
573 2439 723 2470 moneat
745 2432 829 2479 ‘quo
856 2435 1001 2478 deinde,
1028 2436 1164 2479 insane,
1191 2435 1291 2470 ruis?
1317 2438 1416 2480 quo?

350 2492 437 2536 quid
459 2493 528 2527 tibi
555 2490 633 2527 vis’.

143 2562 328 2614 primum
359 2561 655 2614 interrogandi
687 2561 853 2614 signum
885 2565 984 2615 post
1004 2561 1110 2602 illud
1143 2562 1258 2614 quod
1289 2565 1354 2603 est
1384 2565 1541 2610 insane,
1573 2575 1657 2603 non

142 2634 241 2683 post
271 2633 360 2671 ruis
393 2629 688 2671 collocandum
721 2643 814 2670 esse
846 2630 1056 2680 existimo,
1089 2630 1203 2683 quod
1232 2630 1430 2671 firmatur
1452 2630 1657 2684 exemplis

146 2699 337 2740 Horatii:

351 2767 479 2810 nequis
508 2767 678 2800 humasse
702 2766 790 2800 velit
814 2766 979 2809 Aiacem,
1005 2767 1148 2810 Atrida,
1174 2771 1275 2801 vetas
1301 2768 1392 2800 cur?

352 2823 502 2858 discedo
528 2823 689 2858 Alcaeus
716 2826 855 2867 puncto
881 2823 997 2866 illius,
1022 2824 1082 2857 ille
1109 2835 1191 2857 meo
1219 2823 1324 2867 quis?

145 2892 231 2932 iam
267 2905 289 2932 e
321 2892 566 2933 christianis
596 2891 770 2945 quidam
803 2891 1060 2932 remittendo
1093 2896 1230 2933 artem
1254 2892 1442 2933 Lucretii
1472 2891 1658 2933 redinte-

146 2963 328 3014 grarunt
374 2960 613 3011 licentiam,
670 2974 853 3013 quorum
905 2961 948 3000 in
993 2974 1172 3001 numero
1215 2960 1336 3001 fuere
1385 2960 1658 3010 Prudentius,
