1898 3292
734 235 854 259 LIBER
873 234 1030 259 PRIMVS.
1562 228 1573 262 l
1585 225 1636 263 07

512 337 614 371 vides
640 341 680 370 ut
706 337 779 370 icta
804 337 917 370 verba
942 339 1064 380 raptet
1088 337 1258 380 impetus,

509 395 729 437 brevemque
757 394 886 427 crebra
913 393 1172 437 consequendo
1197 393 1346 436 longula

509 452 622 485 citum
648 450 801 485 subinde
827 450 949 484 volvat
974 451 1086 484 artius
1112 461 1273 496 sonum..

131 532 320 572 rationes
353 536 495 572 autem
529 532 618 572 eius
650 531 795 572 variae
827 530 1047 584 eleganter
1075 530 1319 584 descriptae
1351 545 1376 571 a
1399 530 1638 583 Sehlegelio

130 603 231 641 noto
264 600 464 641 carmine.

245 668 457 709 Trimetro
492 667 731 709 simillimus
763 667 812 708 fit
842 682 989 709 versus
1021 667 1219 708 detracta
1260 682 1345 708 nna
1384 666 1513 716 thesi,
1554 680 1638 719 quo

131 738 229 777 olim
262 736 545 777 Archilochus
577 740 619 777 et
650 735 824 789 Sappho
858 737 922 777 usi
954 737 1019 790 [A.
1048 740 1145 787 1013
1180 739 1276 787 1033
1310 735 1347 776 S.
1376 736 1494 790 103]Ὶ
1528 736 1640 776 inter

131 806 344 847 Romanos
376 805 540 859 primus
572 805 788 845 Horatius.
849 805 919 845 hic
960 804 1075 858 apud
1111 805 1325 845 Romanos
1368 808 1483 845 certe
1525 806 1639 857 (nam

132 874 397 915 Graecorum
438 873 668 928 lyricorum
708 873 1088 926 scaenicorumquc
1120 873 1423 914 multiformem
1455 873 1639 913 varieta-

129 947 215 983 tem
246 956 330 983 non
361 956 504 983 moror
537 941 607 996 [cf.
639 941 829 982 Alcman.
862 945 936 993 743
970 942 1065 996 75])
1108 956 1341 995 numquam
1384 941 1499 981 solus
1542 956 1638 994 pro-

131 1011 225 1064 prio
277 1013 445 1051 constat
493 1010 692 1051 carmine.
759 1010 954 1063 sequitur
1000 1010 1182 1051 dimeter
1228 1010 1438 1051 iambicus
1484 1009 1637 1063 hyper-

131 1078 385 1127 catalectus,
429 1079 501 1132 qui
543 1079 698 1119 tertius
738 1082 803 1119 est
838 1079 880 1119 in
915 1082 1148 1131 systemate
1181 1078 1356 1119 alcaico.
1418 1078 1638 1131 proximus

132 1147 315 1188 dimeter
360 1146 567 1188 iambicus
609 1146 885 1187 acatalectus.
960 1147 1031 1200 qui
1081 1162 1176 1188 cum
1213 1147 1336 1188 initio
1378 1160 1462 1187 non
1504 1147 1638 1197 magis

131 1230 258 1269 quam
301 1218 572 1269 pentameter
617 1215 853 1269 dactylicus
897 1220 1107 1269 perpetuo
1155 1216 1342 1256 carmine
1386 1218 1498 1256 esset
1540 1230 1637 1255 con-

129 1285 344 1335 tinuatus,
392 1284 503 1324 hanc
544 1288 690 1325 tamen
729 1283 1047 1325 observantiam
1092 1285 1196 1325 satis
1236 1288 1405 1325 maturo
1446 1287 1638 1336 tempore

129 1353 210 1406 ipsi
261 1353 501 1405 migravere
549 1352 703 1394 Graeci
755 1353 826 1407 [cf.
869 1353 1056 1393 Alcman.
1099 1354 1182 1408 76].
1257 1352 1371 1406 apud
1424 1353 1637 1392 Romanos

130 1422 292 1474 primus
334 1421 533 1463 adhibuit
573 1419 766 1463 Laevius.
827 1435 924 1462 mox
965 1435 1092 1474 quam
1131 1421 1334 1462 indecoro
1376 1422 1638 1462 incremento

130 1489 350 1541 coaluerit,
383 1504 514 1543 supra
541 1490 737 1531 indicavi.
789 1490 984 1543 sequitur
1005 1504 1153 1531 versus
1186 1489 1375 1531 eiusdem
1410 1489 1534 1530 metri
1569 1503 1636 1529 ca-

128 1557 354 1599 talecticus
387 1572 523 1611 aeque
559 1558 759 1609 tenellus,
801 1573 884 1612 quo
927 1559 1090 1612 primus
1132 1573 1233 1600 usus
1266 1560 1502 1599 Anacreon.
1564 1557 1637 1598 sed

129 1626 300 1680 saepius
331 1626 464 1668 multo
487 1627 530 1667 in
554 1627 874 1678 Anacreonteis,
908 1642 1018 1681 quae
1050 1627 1196 1668 vocari
1228 1627 1378 1672 solent,
1411 1627 1635 1680 reperitur.

128 1695 240 1736 inter
270 1695 485 1736 Romanos
517 1696 681 1749 primus
714 1695 887 1737 Arbiter
918 1696 1101 1737 adscivit
1131 1710 1226 1737 eum
1258 1699 1306 1737 ut
1335 1698 1459 1749 puta:

640 1813 642 1815 .
680 1798 769 1821 anus
794 1791 945 1821 recocta
969 1788 1052 1821 vino

677 1844 920 1878 trementibus
944 1844 1096 1879 labellis.

128 1937 226 1964 mox
258 1923 452 1977 plerique
484 1923 557 1964 alii
589 1923 659 1978 [cf.
683 1923 776 1965 Ter.
800 1924 936 1965 Maur.
962 1925 1103 1979 2484]
1165 1938 1249 1966 non
1280 1929 1385 1978 puto
1418 1940 1443 1964 a
1475 1925 1637 1965 Seneca

129 1995 386 2045 usurpatum
406 1992 450 2032 in
472 1992 650 2033 Medeae
674 1993 841 2034 cantico
875 1992 1059 2046 quodam
1090 1993 1367 2048 [saie—873}
1400 1993 1473 2034 ubi
1494 1993 1635 2045 legen-

131 2059 231 2101 dum
263 2060 459 2102 existimo
491 2061 632 2115 [871]:

676 2123 824 2157 infanda
850 2124 997 2158 Colchis
1023 2124 1117 2158 arvis

128 2205 206 2244 pro
240 2191 314 2232 illo
346 2196 539 2243 nefanda.
602 2206 685 2245 quo
728 2192 914 2234 admisso
958 2207 1103 2234 omnes
1140 2208 1287 2234 versus
1319 2192 1507 2234 habendi
1535 2206 1636 2233 ana-

130 2260 319 2301 creontei
359 2273 411 2300 ex
449 2274 603 2313 genere
634 2261 872 2302 ionicorum
903 2276 928 2302 a
959 2262 1125 2303 minori.
1188 2276 1448 2315 quamquam
1490 2275 1636 2301 versus

129 2324 223 2378 857,
255 2331 349 2379 865,
382 2332 463 2370 878
505 2329 548 2369 in
586 2329 668 2370 fine
709 2333 808 2370 sunt
850 2331 1049 2372 truncati.
1112 2334 1301 2372 ceterum
1335 2345 1359 2371 a
1392 2330 1636 2371 christianis

128 2396 298 2437 videtur
329 2397 544 2438 interdum
577 2402 808 2456 utrumque
841 2399 1063 2440 confusum
1095 2403 1291 2440 metrum.

242 2465 306 2505 Ex
346 2466 534 2506 numeris
577 2466 843 2519 longioribus
886 2468 1082 2509 trimetro
1131 2468 1374 2509 octonarios
1417 2467 1634 2507 rarissime

129 2532 365 2574 adhibuere
401 2533 557 2575 Graeci
598 2548 676 2575 nec
716 2534 805 2576 fere
842 2536 885 2576 in
927 2535 1188 2577 carminibus
1227 2536 1445 2577 scaenicis.
1508 2534 1635 2575 affert

128 2600 275 2642 Alcaei
306 2600 446 2655 [frgm.
481 2603 552 2657 56]
586 2603 827 2656 exemplum
862 2603 1137 2658 Hephaestio.
1199 2604 1442 2657 septenarii,
1479 2602 1634 2656 quibus

127 2670 288 2722 primus
331 2674 395 2710 est
436 2685 538 2711 usus
569 2671 817 2725 HipponaX,
859 2673 902 2713 in
942 2673 1163 2714 comoedia
1197 2672 1364 2714 Graeca
1396 2673 1634 2725 Latinaque

127 2737 243 2778 haud
274 2752 373 2779 raro
405 2739 546 2792 positi,
578 2754 812 2792 numquam
844 2741 887 2781 in
909 2742 1146 2794 tragoedia.
1198 2746 1350 2782 neutro
1373 2745 1509 2781 metro
1532 2755 1634 2782 usus

127 2806 353 2859 quisquam
387 2821 437 2847 ex
469 2807 633 2848 Latinis
663 2812 762 2861 post
786 2809 1019 2850 Varronem
1053 2814 1096 2851 et
1117 2810 1341 2851 Catullum.
1395 2824 1444 2850 ex
1477 2809 1633 2862 quibus

125 2878 307 2927 uterque
337 2876 616 2928 septenarios,
653 2877 790 2918 Varro
821 2879 950 2919 etiam
984 2879 1226 2920 octonarios
1258 2878 1513 2931 graecanica
1541 2880 1633 2918 arte

127 2943 376 2997 composuit.
430 2944 734 2985 conferendum
760 2945 887 2987 Nonii
918 2947 942 2987 l.
983 2946 1280 2990 ‘medioxime'
1323 2948 1436 3002 [141‚
1471 2950 1525 3007 3].
1588 2953 1631 2995 at
