<?xml version="1.0" encoding="UTF-8"?>
<!DOCTYPE html PUBLIC "-//W3C//DTD XHTML 1.0 Transitional//EN"
    "http://www.w3.org/TR/xhtml1/DTD/xhtml1-transitional.dtd">
<html xmlns="http://www.w3.org/1999/xhtml" xml:lang="en" lang="en">
 <head>
  <title>
</title>
<meta http-equiv="Content-Type" content="text/html;charset=utf-8" />
  <meta name='ocr-system' content='tesseract 3.04.00' />
  <meta name='ocr-capabilities' content='ocr_page ocr_carea ocr_par ocr_line ocrx_word'/>
</head>
<body>
  <div class='ocr_page' id='page_1' title='image "./deremetricapoeta00mluoft_0527.png"; bbox 0 0 1898 3292; ppageno 0'>
   <div class='ocr_carea' id='block_1_1' title="bbox 738 179 1656 218">
    <p class='ocr_par' dir='ltr' id='par_1_1' title="bbox 738 179 1656 218">
     <span class='ocr_line' id='line_1_1' title="bbox 738 179 1656 218; baseline 0.005 -5"><span class='ocrx_word' id='word_1_1' title='bbox 738 189 858 214; x_wconf 65' lang='lat' dir='ltr'>mmm</span> <span class='ocrx_word' id='word_1_2' title='bbox 878 188 921 213; x_wconf 73' lang='lat' dir='ltr'>sn</span> <span class='ocrx_word' id='word_1_3' title='bbox 929 188 1078 214; x_wconf 60' lang='lat' dir='ltr'>wrimvs.</span> <span class='ocrx_word' id='word_1_4' title='bbox 1575 179 1656 218; x_wconf 81' lang='lat'>503</span> 
     </span>
    </p>
   </div>
   <div class='ocr_carea' id='block_1_2' title="bbox 151 289 1657 924">
    <p class='ocr_par' dir='ltr' id='par_1_2' title="bbox 151 289 1657 924">
     <span class='ocr_line' id='line_1_2' title="bbox 154 289 1656 348; baseline -0.002 -15"><span class='ocrx_word' id='word_1_5' title='bbox 154 293 260 333; x_wconf 83' lang='lat' dir='ltr'>dixit</span> <span class='ocrx_word' id='word_1_6' title='bbox 294 291 407 348; x_wconf 81' lang='lat'>[155]</span> <span class='ocrx_word' id='word_1_7' title='bbox 444 306 492 332; x_wconf 73' lang='lat' dir='ltr'>ac</span> <span class='ocrx_word' id='word_1_8' title='bbox 522 305 696 342; x_wconf 48' lang='lat' dir='ltr'>capet-Q</span> <span class='ocrx_word' id='word_1_9' title='bbox 728 291 986 331; x_wconf 81' lang='lat' dir='ltr'>Octavianus</span> <span class='ocrx_word' id='word_1_10' title='bbox 1016 289 1130 345; x_wconf 76' lang='lat'>[275]</span> <span class='ocrx_word' id='word_1_11' title='bbox 1167 303 1215 330; x_wconf 76' lang='lat' dir='ltr'>ac</span> <span class='ocrx_word' id='word_1_12' title='bbox 1246 294 1360 330; x_wconf 75' lang='lat' dir='ltr'>eolla.</span> <span class='ocrx_word' id='word_1_13' title='bbox 1413 289 1486 330; x_wconf 86' lang='lat' dir='ltr'>sed</span> <span class='ocrx_word' id='word_1_14' title='bbox 1519 303 1656 342; x_wconf 89' lang='lat' dir='ltr'>neque</span> 
     </span>
     <span class='ocr_line' id='line_1_3' title="bbox 153 356 1657 413; baseline -0.002 -12"><span class='ocrx_word' id='word_1_15' title='bbox 153 360 258 401; x_wconf 92' lang='lat' dir='ltr'>illud</span> <span class='ocrx_word' id='word_1_16' title='bbox 295 374 452 410; x_wconf 86' lang='lat' dir='ltr'>verum,</span> <span class='ocrx_word' id='word_1_17' title='bbox 492 359 606 412; x_wconf 88' lang='lat' dir='ltr'>quod</span> <span class='ocrx_word' id='word_1_18' title='bbox 644 360 687 400; x_wconf 92' lang='lat' dir='ltr'>in</span> <span class='ocrx_word' id='word_1_19' title='bbox 725 358 1034 400; x_wconf 81' lang='lat' dir='ltr'>Phaenomenis</span> <span class='ocrx_word' id='word_1_20' title='bbox 1066 357 1215 398; x_wconf 86' lang='lat' dir='ltr'>Avieni</span> <span class='ocrx_word' id='word_1_21' title='bbox 1256 357 1393 398; x_wconf 87' lang='lat' dir='ltr'>fertur</span> <span class='ocrx_word' id='word_1_22' title='bbox 1431 357 1545 413; x_wconf 69' lang='lat'>[223]</span> <span class='ocrx_word' id='word_1_23' title='bbox 1589 356 1657 398; x_wconf 77' lang='lat' dir='ltr'>‘ac</span> 
     </span>
     <span class='ocr_line' id='line_1_4' title="bbox 152 423 1657 480; baseline -0.002 -11"><span class='ocrx_word' id='word_1_24' title='bbox 152 426 306 480; x_wconf 69' lang='lat' dir='ltr'>ffizati’,</span> <span class='ocrx_word' id='word_1_25' title='bbox 336 428 410 469; x_wconf 90' lang='lat' dir='ltr'>ubi</span> <span class='ocrx_word' id='word_1_26' title='bbox 438 431 554 469; x_wconf 90' lang='lat' dir='ltr'>recte</span> <span class='ocrx_word' id='word_1_27' title='bbox 576 427 809 480; x_wconf 84' lang='lat' dir='ltr'>Breisigius</span> <span class='ocrx_word' id='word_1_28' title='bbox 853 425 915 467; x_wconf 74' lang='lat' dir='ltr'>‘at</span> <span class='ocrx_word' id='word_1_29' title='bbox 944 423 1108 477; x_wconf 70' lang='lat' dir='ltr'>qnato&#39;,</span> <span class='ocrx_word' id='word_1_30' title='bbox 1141 429 1184 466; x_wconf 90' lang='lat' dir='ltr'>et</span> <span class='ocrx_word' id='word_1_31' title='bbox 1215 425 1347 466; x_wconf 89' lang='lat' dir='ltr'>multo</span> <span class='ocrx_word' id='word_1_32' title='bbox 1378 426 1514 466; x_wconf 84' lang='lat' dir='ltr'>minus</span> <span class='ocrx_word' id='word_1_33' title='bbox 1542 425 1657 478; x_wconf 90' lang='lat' dir='ltr'>quod</span> 
     </span>
     <span class='ocr_line' id='line_1_5' title="bbox 153 493 1654 551; baseline -0.002 -15"><span class='ocrx_word' id='word_1_34' title='bbox 153 496 340 537; x_wconf 89' lang='lat' dir='ltr'>secundo</span> <span class='ocrx_word' id='word_1_35' title='bbox 374 496 537 537; x_wconf 83' lang='lat' dir='ltr'>Manilii</span> <span class='ocrx_word' id='word_1_36' title='bbox 568 495 779 536; x_wconf 85' lang='lat' dir='ltr'>volumine</span> <span class='ocrx_word' id='word_1_37' title='bbox 814 493 928 551; x_wconf 82' lang='lat'>[283]</span> <span class='ocrx_word' id='word_1_38' title='bbox 969 494 1146 547; x_wconf 88' lang='lat' dir='ltr'>propria</span> <span class='ocrx_word' id='word_1_39' title='bbox 1177 493 1229 534; x_wconf 88' lang='lat' dir='ltr'>de</span> <span class='ocrx_word' id='word_1_40' title='bbox 1261 494 1507 534; x_wconf 88' lang='lat' dir='ltr'>coniectura</span> <span class='ocrx_word' id='word_1_41' title='bbox 1537 494 1654 534; x_wconf 87' lang='lat' dir='ltr'>Iaco-</span> 
     </span>
     <span class='ocr_line' id='line_1_6' title="bbox 152 558 1656 614; baseline -0.001 -10"><span class='ocrx_word' id='word_1_42' title='bbox 152 563 232 604; x_wconf 90' lang='lat' dir='ltr'>bus</span> <span class='ocrx_word' id='word_1_43' title='bbox 279 564 397 604; x_wconf 89' lang='lat' dir='ltr'>dedit</span> <span class='ocrx_word' id='word_1_44' title='bbox 450 563 544 614; x_wconf 74' lang='lat' dir='ltr'>‘per</span> <span class='ocrx_word' id='word_1_45' title='bbox 589 567 749 605; x_wconf 71' lang='lat' dir='ltr'>tolidem</span> <span class='ocrx_word' id='word_1_46' title='bbox 793 566 916 603; x_wconf 73' lang='lat' dir='ltr'>sortis</span> <span class='ocrx_word' id='word_1_47' title='bbox 960 565 1143 603; x_wconf 74' lang='grc' dir='ltr'><em>(ῖὶἰιιηοία</em></span> <span class='ocrx_word' id='word_1_48' title='bbox 1183 575 1233 602; x_wconf 75' lang='lat' dir='ltr'>ac</span> <span class='ocrx_word' id='word_1_49' title='bbox 1274 565 1437 602; x_wconf 71' lang='lat' dir='ltr'>Condita</span> <span class='ocrx_word' id='word_1_50' title='bbox 1465 558 1656 602; x_wconf 70' lang='lat' dir='ltr'>memdo&#39;.</span> 
     </span>
     <span class='ocr_line' id='line_1_7' title="bbox 152 627 1656 685; baseline -0.002 -13"><span class='ocrx_word' id='word_1_51' title='bbox 152 632 296 685; x_wconf 90' lang='lat' dir='ltr'>potius</span> <span class='ocrx_word' id='word_1_52' title='bbox 329 632 410 672; x_wconf 90' lang='lat' dir='ltr'>erit</span> <span class='ocrx_word' id='word_1_53' title='bbox 452 630 625 672; x_wconf 69' lang='lat' dir='ltr'>‘distant</span> <span class='ocrx_word' id='word_1_54' title='bbox 657 645 760 682; x_wconf 67' lang='lat' dir='ltr'>quae</span> <span class='ocrx_word' id='word_1_55' title='bbox 792 633 954 671; x_wconf 71' lang='lat' dir='ltr'>condita</span> <span class='ocrx_word' id='word_1_56' title='bbox 983 627 1170 671; x_wconf 78' lang='lat' dir='ltr'>mundo’.</span> <span class='ocrx_word' id='word_1_57' title='bbox 1233 632 1383 670; x_wconf 87' lang='lat' dir='ltr'>contra</span> <span class='ocrx_word' id='word_1_58' title='bbox 1412 630 1455 670; x_wconf 92' lang='lat' dir='ltr'>in</span> <span class='ocrx_word' id='word_1_59' title='bbox 1485 628 1594 669; x_wconf 90' lang='lat' dir='ltr'>libro</span> <span class='ocrx_word' id='word_1_60' title='bbox 1626 629 1656 669; x_wconf 88' lang='lat' dir='ltr'>V</span> 
     </span>
     <span class='ocr_line' id='line_1_8' title="bbox 153 697 1657 755; baseline -0.002 -14"><span class='ocrx_word' id='word_1_61' title='bbox 153 698 267 755; x_wconf 78' lang='lat'>[580]</span> <span class='ocrx_word' id='word_1_62' title='bbox 309 713 387 753; x_wconf 88' lang='lat' dir='ltr'>pro</span> <span class='ocrx_word' id='word_1_63' title='bbox 430 714 478 740; x_wconf 94' lang='lat' dir='ltr'>eo</span> <span class='ocrx_word' id='word_1_64' title='bbox 520 699 635 752; x_wconf 91' lang='lat' dir='ltr'>quod</span> <span class='ocrx_word' id='word_1_65' title='bbox 674 699 816 752; x_wconf 88' lang='lat' dir='ltr'>inepte</span> <span class='ocrx_word' id='word_1_66' title='bbox 854 698 993 740; x_wconf 84' lang='lat' dir='ltr'>fertur</span> <span class='ocrx_word' id='word_1_67' title='bbox 1034 704 1104 738; x_wconf 61' lang='lat' dir='ltr'>aaa</span> <span class='ocrx_word' id='word_1_68' title='bbox 1144 711 1399 751; x_wconf 77' lang='lat' dir='ltr'>reponemus</span> <span class='ocrx_word' id='word_1_69' title='bbox 1435 711 1484 739; x_wconf 74' lang='lat' dir='ltr'>ac</span> <span class='ocrx_word' id='word_1_70' title='bbox 1517 697 1657 738; x_wconf 87' lang='lat' dir='ltr'>verbis</span> 
     </span>
     <span class='ocr_line' id='line_1_9' title="bbox 151 767 288 808; baseline 0 0"><span class='ocrx_word' id='word_1_71' title='bbox 151 767 288 808; x_wconf 91' lang='lat' dir='ltr'>hisce:</span> 
     </span>
     <span class='ocr_line' id='line_1_10' title="bbox 698 823 1302 867; baseline -0.002 -11"><span class='ocrx_word' id='word_1_72' title='bbox 698 823 870 867; x_wconf 81' lang='lat' dir='ltr'>gravidus</span> <span class='ocrx_word' id='word_1_73' title='bbox 897 824 968 857; x_wconf 83' lang='lat' dir='ltr'>iam</span> <span class='ocrx_word' id='word_1_74' title='bbox 993 834 1143 867; x_wconf 80' lang='lat' dir='ltr'>surgere</span> <span class='ocrx_word' id='word_1_75' title='bbox 1168 824 1302 866; x_wconf 86' lang='lat' dir='ltr'>pontus</span> 
     </span>
     <span class='ocr_line' id='line_1_11' title="bbox 425 878 1361 924; baseline -0.001 -10"><span class='ocrx_word' id='word_1_76' title='bbox 425 883 601 924; x_wconf 86' lang='lat' dir='ltr'>coeperat</span> <span class='ocrx_word' id='word_1_77' title='bbox 626 892 666 914; x_wconf 90' lang='lat' dir='ltr'>ac</span> <span class='ocrx_word' id='word_1_78' title='bbox 693 880 803 924; x_wconf 79' lang='lat' dir='ltr'>longo</span> <span class='ocrx_word' id='word_1_79' title='bbox 831 880 1022 924; x_wconf 82' lang='lat' dir='ltr'>fugiebant</span> <span class='ocrx_word' id='word_1_80' title='bbox 1046 880 1191 924; x_wconf 79' lang='lat' dir='ltr'>agmine</span> <span class='ocrx_word' id='word_1_81' title='bbox 1216 878 1361 913; x_wconf 86' lang='lat' dir='ltr'>fluctus.</span> 
     </span>
    </p>
   </div>
   <div class='ocr_carea' id='block_1_3' title="bbox 146 969 1658 2934">
    <p class='ocr_par' dir='ltr' id='par_1_3' title="bbox 146 969 1658 2934">
     <span class='ocr_line' id='line_1_12' title="bbox 266 969 1658 1025; baseline -0.002 -13"><span class='ocrx_word' id='word_1_82' title='bbox 266 972 328 1012; x_wconf 91' lang='lat' dir='ltr'>De</span> <span class='ocrx_word' id='word_1_83' title='bbox 370 971 594 1025; x_wconf 78' lang='lat' dir='ltr'>particulis</span> <span class='ocrx_word' id='word_1_84' title='bbox 635 985 709 1012; x_wconf 78' lang='lat' dir='ltr'>nec</span> <span class='ocrx_word' id='word_1_85' title='bbox 751 975 793 1012; x_wconf 89' lang='lat' dir='ltr'>et</span> <span class='ocrx_word' id='word_1_86' title='bbox 833 985 962 1022; x_wconf 70' lang='lat' dir='ltr'>neque</span> <span class='ocrx_word' id='word_1_87' title='bbox 1003 984 1113 1024; x_wconf 86' lang='lat' dir='ltr'>quae</span> <span class='ocrx_word' id='word_1_88' title='bbox 1150 970 1369 1012; x_wconf 88' lang='lat' dir='ltr'>Bentleius</span> <span class='ocrx_word' id='word_1_89' title='bbox 1394 969 1455 1010; x_wconf 85' lang='lat' dir='ltr'>ad</span> <span class='ocrx_word' id='word_1_90' title='bbox 1488 969 1658 1010; x_wconf 85' lang='lat' dir='ltr'>Horatii</span> 
     </span>
     <span class='ocr_line' id='line_1_13' title="bbox 153 1038 1658 1095; baseline -0.001 -15"><span class='ocrx_word' id='word_1_91' title='bbox 153 1040 389 1081; x_wconf 79' lang='lat' dir='ltr'>carminum</span> <span class='ocrx_word' id='word_1_92' title='bbox 421 1054 442 1080; x_wconf 90' lang='lat' dir='ltr'>e</span> <span class='ocrx_word' id='word_1_93' title='bbox 474 1039 584 1080; x_wconf 90' lang='lat' dir='ltr'>libro</span> <span class='ocrx_word' id='word_1_94' title='bbox 616 1039 745 1080; x_wconf 88' lang='lat' dir='ltr'>tertio</span> <span class='ocrx_word' id='word_1_95' title='bbox 778 1039 1049 1080; x_wconf 84' lang='lat' dir='ltr'>undecimum</span> <span class='ocrx_word' id='word_1_96' title='bbox 1081 1038 1187 1095; x_wconf 77' lang='lat'>[43],</span> <span class='ocrx_word' id='word_1_97' title='bbox 1219 1040 1321 1080; x_wconf 90' lang='lat' dir='ltr'>item</span> <span class='ocrx_word' id='word_1_98' title='bbox 1357 1038 1658 1079; x_wconf 88' lang='lat' dir='ltr'>Lachmannus</span> 
     </span>
     <span class='ocr_line' id='line_1_14' title="bbox 151 1104 1657 1162; baseline -0.001 -14"><span class='ocrx_word' id='word_1_99' title='bbox 151 1109 194 1148; x_wconf 93' lang='lat' dir='ltr'>in</span> <span class='ocrx_word' id='word_1_100' title='bbox 238 1108 554 1149; x_wconf 88' lang='lat' dir='ltr'>commentariis</span> <span class='ocrx_word' id='word_1_101' title='bbox 600 1108 877 1161; x_wconf 89' lang='lat' dir='ltr'>propertiano</span> <span class='ocrx_word' id='word_1_102' title='bbox 923 1107 1248 1160; x_wconf 87' lang='lat' dir='ltr'>lucretianoque</span> <span class='ocrx_word' id='word_1_103' title='bbox 1295 1106 1378 1162; x_wconf 79' lang='lat' dir='ltr'>[pg.</span> <span class='ocrx_word' id='word_1_104' title='bbox 1411 1110 1516 1157; x_wconf 75' lang='lat'>3653</span> <span class='ocrx_word' id='word_1_105' title='bbox 1562 1104 1657 1161; x_wconf 80' lang='grc'><strong>187]</strong></span> 
     </span>
     <span class='ocr_line' id='line_1_15' title="bbox 152 1174 1657 1229; baseline -0.002 -12"><span class='ocrx_word' id='word_1_106' title='bbox 152 1181 412 1217; x_wconf 89' lang='lat' dir='ltr'>annotavere</span> <span class='ocrx_word' id='word_1_107' title='bbox 452 1176 616 1229; x_wconf 87' lang='lat' dir='ltr'>pariter</span> <span class='ocrx_word' id='word_1_108' title='bbox 656 1179 786 1229; x_wconf 90' lang='lat' dir='ltr'>atque</span> <span class='ocrx_word' id='word_1_109' title='bbox 826 1190 895 1226; x_wconf 91' lang='lat' dir='ltr'>ea,</span> <span class='ocrx_word' id='word_1_110' title='bbox 938 1189 1049 1228; x_wconf 88' lang='lat' dir='ltr'>quae</span> <span class='ocrx_word' id='word_1_111' title='bbox 1080 1175 1303 1229; x_wconf 86' lang='lat' dir='ltr'>Philippus</span> <span class='ocrx_word' id='word_1_112' title='bbox 1338 1175 1573 1228; x_wconf 86' lang='lat' dir='ltr'>Wagnerus</span> <span class='ocrx_word' id='word_1_113' title='bbox 1614 1174 1657 1214; x_wconf 92' lang='lat' dir='ltr'>in</span> 
     </span>
     <span class='ocr_line' id='line_1_16' title="bbox 152 1242 1657 1297; baseline -0.002 -12"><span class='ocrx_word' id='word_1_114' title='bbox 152 1245 450 1297; x_wconf 76' lang='lat' dir='ltr'>quaestionum</span> <span class='ocrx_word' id='word_1_115' title='bbox 473 1244 804 1297; x_wconf 84' lang='lat' dir='ltr'>vergilianarum</span> <span class='ocrx_word' id='word_1_116' title='bbox 827 1244 1049 1297; x_wconf 82' lang='lat' dir='ltr'>trigesima</span> <span class='ocrx_word' id='word_1_117' title='bbox 1078 1243 1216 1285; x_wconf 92' lang='lat' dir='ltr'>altera</span> <span class='ocrx_word' id='word_1_118' title='bbox 1248 1244 1456 1296; x_wconf 74' lang='lat' dir='ltr'>exposuit,</span> <span class='ocrx_word' id='word_1_119' title='bbox 1488 1242 1657 1283; x_wconf 89' lang='lat' dir='ltr'>silentio</span> 
     </span>
     <span class='ocr_line' id='line_1_17' title="bbox 150 1310 1657 1366; baseline -0.001 -14"><span class='ocrx_word' id='word_1_120' title='bbox 150 1312 410 1366; x_wconf 81' lang='lat' dir='ltr'>praeteribo,</span> <span class='ocrx_word' id='word_1_121' title='bbox 443 1312 600 1366; x_wconf 89' lang='lat' dir='ltr'>quippe</span> <span class='ocrx_word' id='word_1_122' title='bbox 631 1316 734 1353; x_wconf 90' lang='lat' dir='ltr'>nota</span> <span class='ocrx_word' id='word_1_123' title='bbox 767 1312 981 1365; x_wconf 86' lang='lat' dir='ltr'>plerisque</span> <span class='ocrx_word' id='word_1_124' title='bbox 1014 1315 1056 1352; x_wconf 87' lang='lat' dir='ltr'>et</span> <span class='ocrx_word' id='word_1_125' title='bbox 1087 1312 1274 1364; x_wconf 84' lang='lat' dir='ltr'>vulgata,</span> <span class='ocrx_word' id='word_1_126' title='bbox 1319 1311 1420 1352; x_wconf 87' lang='lat' dir='ltr'>licet</span> <span class='ocrx_word' id='word_1_127' title='bbox 1451 1310 1583 1351; x_wconf 87' lang='lat' dir='ltr'>insint</span> <span class='ocrx_word' id='word_1_128' title='bbox 1614 1310 1657 1350; x_wconf 92' lang='lat' dir='ltr'>in</span> 
     </span>
     <span class='ocr_line' id='line_1_18' title="bbox 152 1379 1657 1433; baseline -0.001 -12"><span class='ocrx_word' id='word_1_129' title='bbox 152 1379 217 1421; x_wconf 89' lang='lat' dir='ltr'>his</span> <span class='ocrx_word' id='word_1_130' title='bbox 242 1394 351 1433; x_wconf 89' lang='lat' dir='ltr'>quae</span> <span class='ocrx_word' id='word_1_131' title='bbox 384 1381 522 1421; x_wconf 89' lang='lat' dir='ltr'>minus</span> <span class='ocrx_word' id='word_1_132' title='bbox 552 1380 764 1433; x_wconf 81' lang='lat' dir='ltr'>placeant.</span> <span class='ocrx_word' id='word_1_133' title='bbox 825 1384 869 1420; x_wconf 87' lang='lat' dir='ltr'>at</span> <span class='ocrx_word' id='word_1_134' title='bbox 898 1394 949 1420; x_wconf 82' lang='lat' dir='ltr'>ex</span> <span class='ocrx_word' id='word_1_135' title='bbox 980 1380 1051 1430; x_wconf 89' lang='lat' dir='ltr'>eis,</span> <span class='ocrx_word' id='word_1_136' title='bbox 1086 1393 1196 1432; x_wconf 88' lang='lat' dir='ltr'>quae</span> <span class='ocrx_word' id='word_1_137' title='bbox 1228 1392 1304 1420; x_wconf 91' lang='lat' dir='ltr'>nos</span> <span class='ocrx_word' id='word_1_138' title='bbox 1337 1379 1657 1420; x_wconf 84' lang='lat' dir='ltr'>observavimus</span> 
     </span>
     <span class='ocr_line' id='line_1_19' title="bbox 152 1446 1657 1501; baseline -0.001 -12"><span class='ocrx_word' id='word_1_139' title='bbox 152 1448 204 1489; x_wconf 92' lang='lat' dir='ltr'>de</span> <span class='ocrx_word' id='word_1_140' title='bbox 237 1448 398 1489; x_wconf 88' lang='lat' dir='ltr'>voculis</span> <span class='ocrx_word' id='word_1_141' title='bbox 428 1448 576 1498; x_wconf 89' lang='lat' dir='ltr'>isdem,</span> <span class='ocrx_word' id='word_1_142' title='bbox 619 1448 723 1489; x_wconf 88' lang='lat' dir='ltr'>illud</span> <span class='ocrx_word' id='word_1_143' title='bbox 756 1448 880 1501; x_wconf 83' lang='lat' dir='ltr'>longe</span> <span class='ocrx_word' id='word_1_144' title='bbox 913 1447 1251 1501; x_wconf 83' lang='lat' dir='ltr'>dignissimumst</span> <span class='ocrx_word' id='word_1_145' title='bbox 1281 1447 1498 1497; x_wconf 89' lang='lat' dir='ltr'>memoria,</span> <span class='ocrx_word' id='word_1_146' title='bbox 1542 1446 1657 1499; x_wconf 88' lang='lat' dir='ltr'>quod</span> 
     </span>
     <span class='ocr_line' id='line_1_20' title="bbox 152 1514 1656 1570; baseline -0.002 -13"><span class='ocrx_word' id='word_1_147' title='bbox 152 1516 205 1557; x_wconf 87' lang='lat' dir='ltr'>ab</span> <span class='ocrx_word' id='word_1_148' title='bbox 229 1517 411 1569; x_wconf 83' lang='lat' dir='ltr'>Augusti</span> <span class='ocrx_word' id='word_1_149' title='bbox 443 1529 546 1557; x_wconf 90' lang='lat' dir='ltr'>aevo</span> <span class='ocrx_word' id='word_1_150' title='bbox 579 1516 693 1570; x_wconf 89' lang='lat' dir='ltr'>apud</span> <span class='ocrx_word' id='word_1_151' title='bbox 725 1520 875 1570; x_wconf 87' lang='lat' dir='ltr'>poetas</span> <span class='ocrx_word' id='word_1_152' title='bbox 906 1516 1155 1569; x_wconf 87' lang='lat' dir='ltr'>permultos,</span> <span class='ocrx_word' id='word_1_153' title='bbox 1188 1529 1282 1556; x_wconf 90' lang='lat' dir='ltr'>cum</span> <span class='ocrx_word' id='word_1_154' title='bbox 1315 1530 1388 1556; x_wconf 73' lang='lat' dir='ltr'>mec</span> <span class='ocrx_word' id='word_1_155' title='bbox 1421 1514 1656 1555; x_wconf 86' lang='lat' dir='ltr'>innumeris</span> 
     </span>
     <span class='ocr_line' id='line_1_21' title="bbox 150 1584 1656 1638; baseline -0.002 -12"><span class='ocrx_word' id='word_1_156' title='bbox 150 1588 317 1638; x_wconf 89' lang='lat' dir='ltr'>prostet</span> <span class='ocrx_word' id='word_1_157' title='bbox 356 1584 578 1638; x_wconf 82' lang='lat' dir='ltr'>exemplis,</span> <span class='ocrx_word' id='word_1_158' title='bbox 623 1598 752 1635; x_wconf 70' lang='lat' dir='ltr'>neque</span> <span class='ocrx_word' id='word_1_159' title='bbox 793 1588 868 1625; x_wconf 88' lang='lat' dir='ltr'>aut</span> <span class='ocrx_word' id='word_1_160' title='bbox 909 1598 1007 1625; x_wconf 89' lang='lat' dir='ltr'>raro</span> <span class='ocrx_word' id='word_1_161' title='bbox 1051 1584 1265 1625; x_wconf 88' lang='lat' dir='ltr'>invenitur</span> <span class='ocrx_word' id='word_1_162' title='bbox 1306 1587 1381 1624; x_wconf 85' lang='lat' dir='ltr'>aut</span> <span class='ocrx_word' id='word_1_163' title='bbox 1411 1596 1656 1635; x_wconf 86' lang='lat' dir='ltr'>numquam.</span> 
     </span>
     <span class='ocr_line' id='line_1_22' title="bbox 150 1651 1657 1706; baseline -0.001 -13"><span class='ocrx_word' id='word_1_164' title='bbox 150 1653 297 1706; x_wconf 90' lang='lat' dir='ltr'>itaque</span> <span class='ocrx_word' id='word_1_165' title='bbox 346 1653 530 1706; x_wconf 89' lang='lat' dir='ltr'>primum</span> <span class='ocrx_word' id='word_1_166' title='bbox 573 1652 758 1693; x_wconf 89' lang='lat' dir='ltr'>omnium</span> <span class='ocrx_word' id='word_1_167' title='bbox 802 1655 952 1693; x_wconf 89' lang='lat' dir='ltr'>auctor</span> <span class='ocrx_word' id='word_1_168' title='bbox 996 1652 1245 1706; x_wconf 80' lang='lat' dir='ltr'>panegyrici</span> <span class='ocrx_word' id='word_1_169' title='bbox 1287 1652 1330 1692; x_wconf 91' lang='lat' dir='ltr'>in</span> <span class='ocrx_word' id='word_1_170' title='bbox 1370 1651 1567 1692; x_wconf 84' lang='lat' dir='ltr'>Pisonem</span> <span class='ocrx_word' id='word_1_171' title='bbox 1615 1654 1657 1692; x_wconf 94' lang='lat' dir='ltr'>et</span> 
     </span>
     <span class='ocr_line' id='line_1_23' title="bbox 151 1719 1652 1775; baseline -0.001 -13"><span class='ocrx_word' id='word_1_172' title='bbox 151 1720 430 1775; x_wconf 63' lang='lat' dir='ltr'>symphosius</span> <span class='ocrx_word' id='word_1_173' title='bbox 462 1734 557 1761; x_wconf 89' lang='lat' dir='ltr'>cum</span> <span class='ocrx_word' id='word_1_174' title='bbox 580 1721 764 1774; x_wconf 85' lang='lat' dir='ltr'>Corippo</span> <span class='ocrx_word' id='word_1_175' title='bbox 797 1721 966 1761; x_wconf 90' lang='lat' dir='ltr'>omnino</span> <span class='ocrx_word' id='word_1_176' title='bbox 997 1720 1197 1761; x_wconf 90' lang='lat' dir='ltr'>videntur</span> <span class='ocrx_word' id='word_1_177' title='bbox 1228 1719 1487 1761; x_wconf 88' lang='lat' dir='ltr'>abstinuisse</span> <span class='ocrx_word' id='word_1_178' title='bbox 1518 1719 1652 1772; x_wconf 85' lang='lat' dir='ltr'>parti-</span> 
     </span>
     <span class='ocr_line' id='line_1_24' title="bbox 152 1787 1655 1842; baseline -0.001 -13"><span class='ocrx_word' id='word_1_179' title='bbox 152 1788 247 1829; x_wconf 91' lang='lat' dir='ltr'>cula</span> <span class='ocrx_word' id='word_1_180' title='bbox 281 1789 502 1842; x_wconf 83' lang='lat' dir='ltr'>disyllaba.</span> <span class='ocrx_word' id='word_1_181' title='bbox 564 1793 653 1829; x_wconf 90' lang='lat' dir='ltr'>tum</span> <span class='ocrx_word' id='word_1_182' title='bbox 687 1788 881 1829; x_wconf 81' lang='lat' dir='ltr'>Tibullus</span> <span class='ocrx_word' id='word_1_183' title='bbox 911 1789 954 1828; x_wconf 90' lang='lat' dir='ltr'>in</span> <span class='ocrx_word' id='word_1_184' title='bbox 986 1788 1179 1829; x_wconf 86' lang='lat' dir='ltr'>distichis</span> <span class='ocrx_word' id='word_1_185' title='bbox 1216 1788 1348 1829; x_wconf 89' lang='lat' dir='ltr'>habet</span> <span class='ocrx_word' id='word_1_186' title='bbox 1388 1787 1518 1828; x_wconf 90' lang='lat' dir='ltr'>semel</span> <span class='ocrx_word' id='word_1_187' title='bbox 1562 1801 1655 1828; x_wconf 89' lang='lat' dir='ltr'>eam</span> 
     </span>
     <span class='ocr_line' id='line_1_25' title="bbox 149 1856 1655 1913; baseline -0.001 -15"><span class='ocrx_word' id='word_1_188' title='bbox 149 1857 212 1898; x_wconf 86' lang='lat' dir='ltr'>ita</span> <span class='ocrx_word' id='word_1_189' title='bbox 243 1856 288 1913; x_wconf 87' lang='lat'>[1,</span> <span class='ocrx_word' id='word_1_190' title='bbox 313 1861 349 1908; x_wconf 87' lang='lat'>2,</span> <span class='ocrx_word' id='word_1_191' title='bbox 374 1857 441 1913; x_wconf 90' lang='grc'>77]</span> <span class='ocrx_word' id='word_1_192' title='bbox 485 1856 596 1898; x_wconf 74' lang='lat' dir='ltr'>‘nam</span> <span class='ocrx_word' id='word_1_193' title='bbox 627 1871 756 1907; x_wconf 69' lang='lat' dir='ltr'>neque</span> <span class='ocrx_word' id='word_1_194' title='bbox 788 1864 867 1897; x_wconf 72' lang='lat' dir='ltr'>lum</span> <span class='ocrx_word' id='word_1_195' title='bbox 892 1861 1057 1907; x_wconf 64' lang='lat' dir='ltr'>plamae</span> <span class='ocrx_word' id='word_1_196' title='bbox 1088 1870 1162 1897; x_wconf 76' lang='lat' dir='ltr'>nec</span> <span class='ocrx_word' id='word_1_197' title='bbox 1191 1860 1379 1907; x_wconf 59' lang='lat' dir='ltr'>strayula.</span> <span class='ocrx_word' id='word_1_198' title='bbox 1403 1859 1520 1906; x_wconf 69' lang='lat' dir='ltr'>picta</span> <span class='ocrx_word' id='word_1_199' title='bbox 1541 1870 1655 1906; x_wconf 72' lang='lat' dir='ltr'>sopo-</span> 
     </span>
     <span class='ocr_line' id='line_1_26' title="bbox 150 1923 1656 1980; baseline -0.001 -14"><span class='ocrx_word' id='word_1_200' title='bbox 150 1923 257 1966; x_wconf 76' lang='lat' dir='ltr'>rem&#39;</span> <span class='ocrx_word' id='word_1_201' title='bbox 301 1951 356 1956; x_wconf 89' lang='lat'>—</span> <span class='ocrx_word' id='word_1_202' title='bbox 396 1939 495 1967; x_wconf 88' lang='lat' dir='ltr'>nam</span> <span class='ocrx_word' id='word_1_203' title='bbox 527 1925 630 1966; x_wconf 89' lang='lat' dir='ltr'>alibi</span> <span class='ocrx_word' id='word_1_204' title='bbox 662 1938 787 1966; x_wconf 93' lang='lat' dir='ltr'>versu</span> <span class='ocrx_word' id='word_1_205' title='bbox 818 1924 890 1966; x_wconf 94' lang='grc'><strong>1110</strong></span> <span class='ocrx_word' id='word_1_206' title='bbox 932 1924 983 1980; x_wconf 83' lang='grc'>[1,</span> <span class='ocrx_word' id='word_1_207' title='bbox 1020 1929 1053 1975; x_wconf 88' lang='lat' dir='ltr'>l,</span> <span class='ocrx_word' id='word_1_208' title='bbox 1087 1924 1155 1979; x_wconf 82' lang='grc'>71]</span> <span class='ocrx_word' id='word_1_209' title='bbox 1199 1923 1296 1965; x_wconf 70' lang='lat' dir='ltr'>‘iam</span> <span class='ocrx_word' id='word_1_210' title='bbox 1326 1926 1517 1974; x_wconf 68' lang='lat' dir='ltr'>subrepet</span> <span class='ocrx_word' id='word_1_211' title='bbox 1545 1927 1656 1964; x_wconf 73' lang='lat' dir='ltr'>iners</span> 
     </span>
     <span class='ocr_line' id='line_1_27' title="bbox 151 1991 1655 2046; baseline -0.001 -12"><span class='ocrx_word' id='word_1_212' title='bbox 151 2000 264 2035; x_wconf 75' lang='lat' dir='ltr'>aetas</span> <span class='ocrx_word' id='word_1_213' title='bbox 293 2008 422 2045; x_wconf 75' lang='lat' dir='ltr'>neque</span> <span class='ocrx_word' id='word_1_214' title='bbox 458 2008 597 2034; x_wconf 75' lang='lat' dir='ltr'>amare</span> <span class='ocrx_word' id='word_1_215' title='bbox 635 1991 811 2034; x_wconf 76' lang='lat' dir='ltr'>decebc&#39;l&#39;</span> <span class='ocrx_word' id='word_1_216' title='bbox 856 1992 1146 2046; x_wconf 87' lang='lat' dir='ltr'>recipiendum</span> <span class='ocrx_word' id='word_1_217' title='bbox 1191 2006 1242 2033; x_wconf 83' lang='lat' dir='ltr'>ex</span> <span class='ocrx_word' id='word_1_218' title='bbox 1283 1995 1407 2046; x_wconf 85' lang='lat' dir='ltr'>parte</span> <span class='ocrx_word' id='word_1_219' title='bbox 1446 1991 1655 2033; x_wconf 91' lang='lat' dir='ltr'>librorum</span> 
     </span>
     <span class='ocr_line' id='line_1_28' title="bbox 152 2058 1657 2116; baseline -0.001 -15"><span class='ocrx_word' id='word_1_220' title='bbox 152 2075 227 2102; x_wconf 76' lang='lat' dir='ltr'>nec</span> <span class='ocrx_word' id='word_1_221' title='bbox 256 2086 324 2112; x_wconf 94' lang='lat'>—,</span> <span class='ocrx_word' id='word_1_222' title='bbox 353 2062 454 2103; x_wconf 88' lang='lat' dir='ltr'>item</span> <span class='ocrx_word' id='word_1_223' title='bbox 487 2061 529 2102; x_wconf 90' lang='lat' dir='ltr'>in</span> <span class='ocrx_word' id='word_1_224' title='bbox 560 2061 733 2102; x_wconf 90' lang='lat' dir='ltr'>heroico</span> <span class='ocrx_word' id='word_1_225' title='bbox 764 2060 965 2102; x_wconf 86' lang='lat' dir='ltr'>laudator</span> <span class='ocrx_word' id='word_1_226' title='bbox 996 2060 1225 2102; x_wconf 88' lang='lat' dir='ltr'>Messallae</span> <span class='ocrx_word' id='word_1_227' title='bbox 1256 2059 1341 2116; x_wconf 85' lang='lat' dir='ltr'>[IV,</span> <span class='ocrx_word' id='word_1_228' title='bbox 1368 2065 1401 2110; x_wconf 87' lang='lat'>1,</span> <span class='ocrx_word' id='word_1_229' title='bbox 1427 2059 1523 2115; x_wconf 84' lang='grc'><strong>162]</strong></span> <span class='ocrx_word' id='word_1_230' title='bbox 1563 2058 1657 2100; x_wconf 80' lang='lat' dir='ltr'>‘nec</span> 
     </span>
     <span class='ocr_line' id='line_1_29' title="bbox 146 2126 1657 2181; baseline -0.001 -11"><span class='ocrx_word' id='word_1_231' title='bbox 146 2134 315 2181; x_wconf 68' lang='lat' dir='ltr'>frugsem</span> <span class='ocrx_word' id='word_1_232' title='bbox 345 2137 501 2181; x_wconf 68' lang='lat' dir='ltr'>seyetes</span> <span class='ocrx_word' id='word_1_233' title='bbox 534 2132 738 2180; x_wconf 61' lang='lat' dir='ltr'>praebend</span> <span class='ocrx_word' id='word_1_234' title='bbox 770 2143 899 2179; x_wconf 73' lang='lat' dir='ltr'>neque</span> <span class='ocrx_word' id='word_1_235' title='bbox 934 2132 1092 2179; x_wconf 67' lang='lat' dir='ltr'>pabula</span> <span class='ocrx_word' id='word_1_236' title='bbox 1124 2126 1303 2177; x_wconf 75' lang='lat' dir='ltr'>lerrae’;</span> <span class='ocrx_word' id='word_1_237' title='bbox 1345 2131 1387 2168; x_wconf 92' lang='lat' dir='ltr'>et</span> <span class='ocrx_word' id='word_1_238' title='bbox 1428 2128 1471 2168; x_wconf 91' lang='lat' dir='ltr'>in</span> <span class='ocrx_word' id='word_1_239' title='bbox 1502 2127 1657 2169; x_wconf 89' lang='lat' dir='ltr'>iambis</span> 
     </span>
     <span class='ocr_line' id='line_1_30' title="bbox 151 2193 1657 2251; baseline -0.002 -13"><span class='ocrx_word' id='word_1_240' title='bbox 151 2197 373 2239; x_wconf 85' lang='lat' dir='ltr'>Phaedrus</span> <span class='ocrx_word' id='word_1_241' title='bbox 417 2197 565 2248; x_wconf 75' lang='lat' dir='ltr'>‘neque</span> <span class='ocrx_word' id='word_1_242' title='bbox 608 2201 710 2238; x_wconf 74' lang='lat' dir='ltr'>enim</span> <span class='ocrx_word' id='word_1_243' title='bbox 753 2204 896 2238; x_wconf 66' lang='lat' dir='ltr'>notare</span> <span class='ocrx_word' id='word_1_244' title='bbox 936 2201 1117 2248; x_wconf 68' lang='lat' dir='ltr'>‚sc&#39;nfflclos</span> <span class='ocrx_word' id='word_1_245' title='bbox 1159 2211 1269 2237; x_wconf 69' lang='lat' dir='ltr'>mens</span> <span class='ocrx_word' id='word_1_246' title='bbox 1313 2205 1370 2237; x_wconf 69' lang='lat' dir='ltr'>est</span> <span class='ocrx_word' id='word_1_247' title='bbox 1411 2199 1506 2236; x_wconf 70' lang='lat' dir='ltr'>mim</span> <span class='ocrx_word' id='word_1_248' title='bbox 1519 2193 1527 2208; x_wconf 85' lang='lat'>⁷</span> <span class='ocrx_word' id='word_1_249' title='bbox 1580 2195 1657 2251; x_wconf 86' lang='grc' dir='ltr'>[ΙΙΙ</span> 
     </span>
     <span class='ocr_line' id='line_1_31' title="bbox 151 2264 1658 2322; baseline -0.001 -16"><span class='ocrx_word' id='word_1_250' title='bbox 151 2266 256 2318; x_wconf 86' lang='lat' dir='ltr'>prol.</span> <span class='ocrx_word' id='word_1_251' title='bbox 288 2266 377 2322; x_wconf 81' lang='lat'>49]‚</span> <span class='ocrx_word' id='word_1_252' title='bbox 416 2279 496 2307; x_wconf 91' lang='lat' dir='ltr'>nec</span> <span class='ocrx_word' id='word_1_253' title='bbox 528 2266 698 2319; x_wconf 89' lang='lat' dir='ltr'>saepius</span> <span class='ocrx_word' id='word_1_254' title='bbox 732 2265 782 2321; x_wconf 83' lang='lat' dir='ltr'>[v.</span> <span class='ocrx_word' id='word_1_255' title='bbox 811 2265 909 2320; x_wconf 76' lang='grc'><strong>282]</strong></span> <span class='ocrx_word' id='word_1_256' title='bbox 939 2265 1053 2319; x_wconf 88' lang='lat' dir='ltr'>apud</span> <span class='ocrx_word' id='word_1_257' title='bbox 1086 2265 1303 2307; x_wconf 86' lang='lat' dir='ltr'>Grattium</span> <span class='ocrx_word' id='word_1_258' title='bbox 1336 2264 1569 2318; x_wconf 86' lang='lat' dir='ltr'>reperitur,</span> <span class='ocrx_word' id='word_1_259' title='bbox 1613 2267 1658 2304; x_wconf 91' lang='lat' dir='ltr'>at</span> 
     </span>
     <span class='ocr_line' id='line_1_32' title="bbox 152 2331 1655 2388; baseline -0.002 -12"><span class='ocrx_word' id='word_1_260' title='bbox 152 2335 266 2388; x_wconf 89' lang='lat' dir='ltr'>apud</span> <span class='ocrx_word' id='word_1_261' title='bbox 289 2335 591 2376; x_wconf 84' lang='lat' dir='ltr'>Terentianum</span> <span class='ocrx_word' id='word_1_262' title='bbox 613 2338 692 2385; x_wconf 87' lang='lat' dir='ltr'>ter,</span> <span class='ocrx_word' id='word_1_263' title='bbox 724 2333 854 2375; x_wconf 88' lang='lat' dir='ltr'>semel</span> <span class='ocrx_word' id='word_1_264' title='bbox 875 2333 1049 2374; x_wconf 88' lang='lat' dir='ltr'>heroico</span> <span class='ocrx_word' id='word_1_265' title='bbox 1070 2337 1221 2384; x_wconf 89' lang='lat' dir='ltr'>metro,</span> <span class='ocrx_word' id='word_1_266' title='bbox 1253 2333 1319 2374; x_wconf 85' lang='lat' dir='ltr'>bis</span> <span class='ocrx_word' id='word_1_267' title='bbox 1340 2333 1478 2373; x_wconf 90' lang='lat' dir='ltr'>ionico</span> <span class='ocrx_word' id='word_1_268' title='bbox 1511 2331 1655 2387; x_wconf 72' lang='lat'>[12943</span> 
     </span>
     <span class='ocr_line' id='line_1_33' title="bbox 156 2399 1656 2458; baseline -0.003 -14"><span class='ocrx_word' id='word_1_269' title='bbox 156 2406 255 2455; x_wconf 77' lang='lat'>1323</span> <span class='ocrx_word' id='word_1_270' title='bbox 288 2402 425 2458; x_wconf 79' lang='grc'><strong>2070]</strong></span> <span class='ocrx_word' id='word_1_271' title='bbox 486 2403 570 2443; x_wconf 91' lang='lat' dir='ltr'>iam</span> <span class='ocrx_word' id='word_1_272' title='bbox 603 2403 775 2443; x_wconf 89' lang='lat' dir='ltr'>Persius</span> <span class='ocrx_word' id='word_1_273' title='bbox 807 2405 849 2443; x_wconf 86' lang='lat' dir='ltr'>et</span> <span class='ocrx_word' id='word_1_274' title='bbox 881 2401 1138 2455; x_wconf 86' lang='lat' dir='ltr'>Calpurnius</span> <span class='ocrx_word' id='word_1_275' title='bbox 1175 2401 1241 2443; x_wconf 90' lang='lat' dir='ltr'>usi</span> <span class='ocrx_word' id='word_1_276' title='bbox 1278 2415 1327 2442; x_wconf 92' lang='grc'>60</span> <span class='ocrx_word' id='word_1_277' title='bbox 1370 2403 1541 2454; x_wconf 83' lang='lat' dir='ltr'>quater,</span> <span class='ocrx_word' id='word_1_278' title='bbox 1583 2399 1656 2440; x_wconf 90' lang='lat' dir='ltr'>illo</span> 
     </span>
     <span class='ocr_line' id='line_1_34' title="bbox 152 2468 1655 2524; baseline -0.002 -12"><span class='ocrx_word' id='word_1_279' title='bbox 152 2485 226 2512; x_wconf 77' lang='lat' dir='ltr'>nec</span> <span class='ocrx_word' id='word_1_280' title='bbox 257 2472 367 2512; x_wconf 89' lang='lat' dir='ltr'>alter</span> <span class='ocrx_word' id='word_1_281' title='bbox 398 2471 686 2524; x_wconf 84' lang='lat' dir='ltr'>quadragiens</span> <span class='ocrx_word' id='word_1_282' title='bbox 718 2473 801 2520; x_wconf 89' lang='lat' dir='ltr'>ter,</span> <span class='ocrx_word' id='word_1_283' title='bbox 845 2469 954 2511; x_wconf 89' lang='lat' dir='ltr'>alter</span> <span class='ocrx_word' id='word_1_284' title='bbox 985 2470 1144 2511; x_wconf 91' lang='lat' dir='ltr'>viciens</span> <span class='ocrx_word' id='word_1_285' title='bbox 1177 2469 1444 2523; x_wconf 90' lang='lat' dir='ltr'>quinquiens.</span> <span class='ocrx_word' id='word_1_286' title='bbox 1503 2468 1655 2510; x_wconf 91' lang='lat' dir='ltr'>Neme-</span> 
     </span>
     <span class='ocr_line' id='line_1_35' title="bbox 152 2536 1656 2592; baseline -0.003 -11"><span class='ocrx_word' id='word_1_287' title='bbox 152 2540 296 2581; x_wconf 89' lang='lat' dir='ltr'>sianus</span> <span class='ocrx_word' id='word_1_288' title='bbox 344 2539 579 2592; x_wconf 79' lang='lat' dir='ltr'>longiorem</span> <span class='ocrx_word' id='word_1_289' title='bbox 623 2538 804 2579; x_wconf 87' lang='lat' dir='ltr'>formam</span> <span class='ocrx_word' id='word_1_290' title='bbox 843 2539 886 2579; x_wconf 92' lang='lat' dir='ltr'>in</span> <span class='ocrx_word' id='word_1_291' title='bbox 927 2538 1084 2592; x_wconf 81' lang='lat' dir='ltr'>eclogis</span> <span class='ocrx_word' id='word_1_292' title='bbox 1127 2542 1169 2579; x_wconf 91' lang='lat' dir='ltr'>et</span> <span class='ocrx_word' id='word_1_293' title='bbox 1214 2537 1426 2579; x_wconf 89' lang='lat' dir='ltr'>didactico</span> <span class='ocrx_word' id='word_1_294' title='bbox 1467 2536 1656 2578; x_wconf 90' lang='lat' dir='ltr'>carmine</span> 
     </span>
     <span class='ocr_line' id='line_1_36' title="bbox 153 2605 1656 2657; baseline -0.001 -9"><span class='ocrx_word' id='word_1_295' title='bbox 153 2608 321 2648; x_wconf 91' lang='lat' dir='ltr'>omnino</span> <span class='ocrx_word' id='word_1_296' title='bbox 353 2607 526 2648; x_wconf 87' lang='lat' dir='ltr'>admisit</span> <span class='ocrx_word' id='word_1_297' title='bbox 568 2606 646 2657; x_wconf 90' lang='lat' dir='ltr'>bis,</span> <span class='ocrx_word' id='word_1_298' title='bbox 687 2606 926 2647; x_wconf 89' lang='lat' dir='ltr'>breviorem</span> <span class='ocrx_word' id='word_1_299' title='bbox 967 2607 1142 2648; x_wconf 89' lang='lat' dir='ltr'>triciens</span> <span class='ocrx_word' id='word_1_300' title='bbox 1176 2606 1350 2647; x_wconf 90' lang='lat' dir='ltr'>octiens.</span> <span class='ocrx_word' id='word_1_301' title='bbox 1412 2608 1502 2646; x_wconf 91' lang='lat' dir='ltr'>tum</span> <span class='ocrx_word' id='word_1_302' title='bbox 1536 2605 1656 2646; x_wconf 90' lang='lat' dir='ltr'>Iuve-</span> 
     </span>
     <span class='ocr_line' id='line_1_37' title="bbox 153 2673 1655 2729; baseline -0.002 -13"><span class='ocrx_word' id='word_1_303' title='bbox 153 2676 261 2717; x_wconf 91' lang='lat' dir='ltr'>nalis</span> <span class='ocrx_word' id='word_1_304' title='bbox 302 2675 399 2729; x_wconf 88' lang='lat' dir='ltr'>plus</span> <span class='ocrx_word' id='word_1_305' title='bbox 447 2675 636 2716; x_wconf 87' lang='lat' dir='ltr'>centiens</span> <span class='ocrx_word' id='word_1_306' title='bbox 677 2675 900 2728; x_wconf 82' lang='lat' dir='ltr'>sexagiens</span> <span class='ocrx_word' id='word_1_307' title='bbox 948 2675 1091 2728; x_wconf 85' lang='lat' dir='ltr'>posuit</span> <span class='ocrx_word' id='word_1_308' title='bbox 1134 2675 1264 2725; x_wconf 89' lang='lat' dir='ltr'>hanc,</span> <span class='ocrx_word' id='word_1_309' title='bbox 1306 2673 1424 2714; x_wconf 89' lang='lat' dir='ltr'>illam</span> <span class='ocrx_word' id='word_1_310' title='bbox 1456 2673 1655 2726; x_wconf 88' lang='lat' dir='ltr'>septiens,</span> 
     </span>
     <span class='ocr_line' id='line_1_38' title="bbox 152 2741 1655 2797; baseline -0.003 -13"><span class='ocrx_word' id='word_1_311' title='bbox 152 2757 236 2785; x_wconf 91' lang='lat' dir='ltr'>non</span> <span class='ocrx_word' id='word_1_312' title='bbox 268 2743 461 2797; x_wconf 87' lang='lat' dir='ltr'>amplius.</span> <span class='ocrx_word' id='word_1_313' title='bbox 523 2743 591 2783; x_wconf 87' lang='lat' dir='ltr'>cui</span> <span class='ocrx_word' id='word_1_314' title='bbox 623 2743 771 2783; x_wconf 89' lang='lat' dir='ltr'>similis</span> <span class='ocrx_word' id='word_1_315' title='bbox 794 2743 994 2784; x_wconf 90' lang='lat' dir='ltr'>Manilius</span> <span class='ocrx_word' id='word_1_316' title='bbox 1024 2756 1160 2796; x_wconf 90' lang='lat' dir='ltr'>paene</span> <span class='ocrx_word' id='word_1_317' title='bbox 1189 2742 1439 2783; x_wconf 87' lang='lat' dir='ltr'>ducentiens</span> <span class='ocrx_word' id='word_1_318' title='bbox 1461 2741 1655 2791; x_wconf 86' lang='lat' dir='ltr'>alteram,</span> 
     </span>
     <span class='ocr_line' id='line_1_39' title="bbox 153 2810 1656 2863; baseline -0.002 -11"><span class='ocrx_word' id='word_1_319' title='bbox 153 2811 332 2852; x_wconf 84' lang='lat' dir='ltr'>alteram</span> <span class='ocrx_word' id='word_1_320' title='bbox 363 2810 495 2851; x_wconf 88' lang='lat' dir='ltr'>habet</span> <span class='ocrx_word' id='word_1_321' title='bbox 526 2810 755 2851; x_wconf 84' lang='lat' dir='ltr'>sedeciens.</span> <span class='ocrx_word' id='word_1_322' title='bbox 817 2814 862 2851; x_wconf 91' lang='lat' dir='ltr'>at</span> <span class='ocrx_word' id='word_1_323' title='bbox 893 2811 1102 2861; x_wconf 86' lang='lat' dir='ltr'>Lucanus,</span> <span class='ocrx_word' id='word_1_324' title='bbox 1149 2814 1354 2863; x_wconf 89' lang='lat' dir='ltr'>quantum</span> <span class='ocrx_word' id='word_1_325' title='bbox 1392 2812 1574 2863; x_wconf 80' lang='lat' dir='ltr'>apparet</span> <span class='ocrx_word' id='word_1_326' title='bbox 1605 2822 1656 2850; x_wconf 85' lang='lat' dir='ltr'>ex</span> 
     </span>
     <span class='ocr_line' id='line_1_40' title="bbox 154 2876 1657 2934; baseline -0.003 -12"><span class='ocrx_word' id='word_1_327' title='bbox 154 2880 275 2922; x_wconf 88' lang='lat' dir='ltr'>Hosii</span> <span class='ocrx_word' id='word_1_328' title='bbox 315 2883 529 2934; x_wconf 87' lang='lat' dir='ltr'>apparatu</span> <span class='ocrx_word' id='word_1_329' title='bbox 573 2881 717 2933; x_wconf 80' lang='lat' dir='ltr'>(quem</span> <span class='ocrx_word' id='word_1_330' title='bbox 753 2883 897 2920; x_wconf 87' lang='lat' dir='ltr'>tamen</span> <span class='ocrx_word' id='word_1_331' title='bbox 927 2880 986 2921; x_wconf 90' lang='lat' dir='ltr'>eis</span> <span class='ocrx_word' id='word_1_332' title='bbox 1017 2883 1184 2920; x_wconf 89' lang='lat' dir='ltr'>tantum</span> <span class='ocrx_word' id='word_1_333' title='bbox 1216 2878 1322 2919; x_wconf 88' lang='lat' dir='ltr'>locis</span> <span class='ocrx_word' id='word_1_334' title='bbox 1353 2878 1541 2928; x_wconf 84' lang='lat' dir='ltr'>excussi,</span> <span class='ocrx_word' id='word_1_335' title='bbox 1582 2876 1657 2918; x_wconf 88' lang='lat' dir='ltr'>ubi</span> 
     </span>
    </p>
   </div>
  </div>
 </body>
</html>
