1898 3292
739 229 858 255 LIBER
876 229 1031 254 PRIMVS.
1562 223 1575 259 ]
1591 222 1634 259 11

133 333 175 374 in
220 332 305 383 his,
346 333 538 386 inquam,
583 332 720 373 ionico
762 345 939 372 numero
979 331 1098 372 locus
1139 331 1293 372 nullus.
1363 332 1436 373 sed
1474 332 1642 373 videtur

133 415 286 443 novum
321 401 479 442 dixisse
502 400 639 442 Varro
671 414 848 450 comma,
882 399 1008 453 quod,
1041 413 1135 440 cum
1164 400 1256 453 ipse
1291 401 1513 441 Anacreon
1547 415 1639 442 cuin

135 469 450 523 antiquioribus
472 469 690 510 rarissime
714 472 826 509 esset
847 483 948 508 usus
972 468 1154 508 dimetro
1171 468 1355 508 iambico
1376 468 1641 513 catalectico.

136 541 371 579 sectatores
416 538 506 579 eius
545 537 823 578 Alexandrini
856 536 1085 590 plurimum
1120 536 1321 577 delectati
1355 541 1453 577 sunt
1482 537 1641 577 eodem.

136 632 190 637 ——
238 609 388 647 contra
433 605 549 647 haud
597 605 725 647 dubie
772 605 1045 645 inveniuntur
1090 605 1334 645 tetrametri
1381 606 1526 655 ionici,
1569 606 1643 646 sed

135 674 299 716 scilicet
330 674 440 715 citra
471 673 741 728 synaphiam,
774 673 887 727 apud
921 672 1183 714 Martianum
1217 673 1258 713 in
1293 674 1481 714 carmine
1512 674 1554 728 [l.
1588 675 1643 715 IV

138 743 227 798 fin]
260 743 375 796 quod
406 743 578 796 incipit:

421 810 648 845 venerandos
674 810 761 844 mihi
787 810 881 844 fatus
908 810 1200 853 reverendosqne
1232 814 1368 844 secuta.

138 880 189 921 (le
223 880 392 921 Horatii
424 893 474 920 ac
505 879 750 920 Terentiani
784 883 825 920 et
857 879 992 932 ignoti
1022 879 1243 919 cuiusdam
1276 879 1464 919 auctoris
1494 880 1645 919 ionicis

136 963 213 1003 per
245 948 497 1003 synaphiam
526 948 683 989 iunctis
716 947 883 988 dicetur
914 947 939 987 l.
972 947 1024 988 ΙΙ.
1394 948 1396 950 ’

253 1019 307 1058 At
339 1031 391 1058 ex
422 1016 572 1057 ionicis
607 1030 632 1057 a
652 1016 817 1066 maiori,
851 1016 923 1069 qui
947 1016 1169 1069 aliquanto
1193 1019 1291 1057 sunt
1313 1016 1645 1069 inelegantiorcs

137 1087 253 1140 (nam
285 1086 408 1127 initia
440 1085 719 1137 claudicant),
761 1085 964 1125 dimetros
1008 1084 1283 1125 catalecticos
1325 1089 1469 1138 potest
1510 1085 1646 1126 videri

138 1155 361 1196 admisisse
392 1154 574 1195 Laevius
605 1153 666 1194 ita
699 1153 823 1208 [Non.
860 1157 950 1203 116,
983 1153 1052 1207 8];

617 1232 821 1278 gracilenti*
849 1233 1022 1266 colorem.

137 1280 271 1321 idem:

620 1338 664 1369 ex
691 1336 762 1370 hoc
789 1336 971 1380 gracilens
998 1336 1050 1369 fit.

139 1409 182 1446 et
211 1404 346 1446 habes
377 1404 487 1446 tales
518 1418 718 1445 numeros
758 1405 801 1445 in
841 1404 1082 1458 fragmento
1113 1405 1313 1458 Sapphus
1346 1405 1460 1458 quod
1494 1406 1554 1445 sic
1585 1406 1648 1446 in-

139 1474 244 1528 cipit
273 1474 341 1529 [51
377 1473 466 1528 B.]:

620 1530 664 1574 κῆ
691 1526 720 1564 δ’
735 1526 941 1574 ἀμβροσίας
966 1528 1032 1573 μὲν

621 1582 758 1630 κράτηρ
786 1585 968 1630 ἐκέκρατο.

140 1656 215 1698 ubi
247 1656 321 1697 alii
353 1670 404 1697 ex
444 1655 555 1698 binis
600 1655 794 1697 versibus
836 1656 976 1697 minus
1020 1656 1128 1698 bene
1170 1656 1405 1697 effecerunt
1447 1657 1648 1710 singulos.

141 1725 292 1766 ultima
323 1728 462 1766 autem
496 1725 539 1765 in
575 1724 723 1766 eodem
759 1724 946 1765 nondum
992 1724 1206 1778 expedita.
1267 1729 1495 1778 praeterea
1536 1726 1651 1779 apud

142 1793 343 1835 Laevium
376 1807 466 1834 rem
496 1806 581 1833 non
613 1793 717 1834 satis
751 1797 913 1834 certam
942 1793 1011 1834 vix
1045 1797 1110 1834 est
1145 1793 1260 1847 quod
1293 1793 1444 1834 dicam.

258 1862 462 1915 Sequitur
501 1865 685 1903 metrum
726 1861 1062 1911 subabsurdum,
1110 1861 1225 1915 quod
1264 1875 1417 1903 nomen
1462 1862 1595 1903 habet
1627 1877 1652 1903 a

145 1930 317 1981 Sotade,
349 1934 479 1984 poeta
514 1930 815 1971 Alexandrino.
867 1930 968 1971 huic
1000 1930 1114 1984 quod
1146 1930 1373 1971 mirificum
1404 1931 1447 1971 in
1480 1931 1651 1971 moduni

144 1999 362 2040 indulsere
404 1998 586 2040 Romani
625 2012 761 2051 usque
809 1998 863 2039 ad
911 1998 1169 2039 Diocletiani
1214 2002 1412 2052 tempora
1458 2003 1501 2040 et
1547 2000 1654 2040 Con-

144 2067 322 2108 stantini
366 2092 409 2095 —
459 2067 618 2120 quippe
657 2080 741 2107 non
781 2066 1006 2107 doctorum
1038 2066 1165 2107 modo
1199 2067 1390 2121 [Lachm.
1425 2081 1569 2122 opusc.
1603 2069 1654 2118 IL

146 2139 197 2177 67
231 2135 364 2189 sqq.]‚
405 2135 534 2176 etiam
566 2134 679 2188 vulgi
710 2149 790 2176 usu
818 2135 1004 2189 optinuit
1036 2134 1236 2189 [Meinek.
1262 2136 1434 2189 specim.
1458 2137 1578 2177 alter.
1611 2137 1654 2177 in

145 2204 298 2246 Athen.
331 2203 609 2257 deipnosoph.
643 2219 680 2258 p.
714 2204 786 2258 24]
831 2229 900 2254 —‚
948 2209 1092 2244 utrum
1137 2203 1422 2245 ludibriorum
1469 2205 1654 2258 quodam

145 2286 291 2314 amore
313 2286 368 2313 an
386 2272 471 2313 alia
492 2272 707 2326 pravitate
726 2272 915 2313 evenisse
934 2272 1138 2323 dicamus,
1169 2272 1287 2313 haud
1315 2272 1442 2314 facile
1461 2273 1652 2314 definias.

146 2341 314 2382 accedit
352 2343 606 2382 tetrameter
645 2340 911 2382 acatalectus
955 2354 1080 2393 quem
1119 2341 1345 2395 usurpavit
1383 2345 1534 2383 auctor
1571 2356 1654 2382 non

146 2410 252 2451 satis
285 2413 428 2452 certus
461 2409 639 2464 [Victor.
671 2412 802 2461 25373
835 2408 932 2449 Atil.
966 2409 1095 2463 2694]
1128 2409 1323 2463 exemplo
1356 2409 1454 2451 tali:

431 2501 518 2523 uvas
539 2488 664 2522 nitidis
689 2488 880 2523 frondibus
905 2487 1036 2522 Euhan
1063 2488 1209 2522 hederis
1234 2488 1373 2533 inligat.

263 2558 444 2599 Restant
474 2571 623 2598 versus
655 2556 933 2598 choriambici
957 2560 1000 2597 et
1022 2557 1170 2598 cretici
1193 2570 1373 2610 qnorum
1396 2557 1656 2610 perexiguus

148 2625 229 2667 fuit
259 2640 362 2667 usus
395 2625 510 2679 apud
541 2625 776 2680 dactylicos
808 2625 997 2666 Latinos.
1057 2625 1120 2665 ita
1162 2625 1334 2666 dimetri
1378 2624 1657 2666 choriambici

147 2694 422 2735 inveniuntur
443 2693 668 2735 Claudiani
689 2693 925 2748 hymenaeo
947 2693 1020 2734 illo
1052 2693 1145 2748 [12]
1175 2691 1273 2745 ‘aye
1305 2700 1451 2733 cuncta
1482 2697 1656 2743 nupliale'

149 2765 338 2803 redimita
369 2775 463 2803 vere
494 2759 649 2810 {ellus’,
692 2765 735 2802 et
765 2761 937 2815 quidem
970 2761 1214 2815 systematis
1246 2761 1433 2813 quinque
1462 2760 1657 2801 versibus

150 2830 386 2871 constantis
417 2829 511 2870 loco
545 2833 721 2882 quart03
755 2833 800 2870 at
831 2829 977 2871 cretici
1007 2829 1049 2869 in
1081 2829 1229 2870 Sereni
1262 2829 1471 2869 carmine:

699 2904 843 2947 pusioni
868 2914 950 2938 meo

699 2961 910 3004 septuennis
937 2960 1058 2994 cadus.
