<?xml version="1.0" encoding="UTF-8"?>
<!DOCTYPE html PUBLIC "-//W3C//DTD XHTML 1.0 Transitional//EN"
    "http://www.w3.org/TR/xhtml1/DTD/xhtml1-transitional.dtd">
<html xmlns="http://www.w3.org/1999/xhtml" xml:lang="en" lang="en">
 <head>
  <title>
</title>
<meta http-equiv="Content-Type" content="text/html;charset=utf-8" />
  <meta name='ocr-system' content='tesseract 3.04.00' />
  <meta name='ocr-capabilities' content='ocr_page ocr_carea ocr_par ocr_line ocrx_word'/>
</head>
<body>
  <div class='ocr_page' id='page_1' title='image "./deremetricapoeta00mluoft_0325.png"; bbox 0 0 1898 3292; ppageno 0'>
   <div class='ocr_carea' id='block_1_1' title="bbox 730 198 1644 238">
    <p class='ocr_par' dir='ltr' id='par_1_1' title="bbox 730 198 1644 238">
     <span class='ocr_line' id='line_1_1' title="bbox 730 198 1644 238; baseline 0.003 -6"><span class='ocrx_word' id='word_1_1' title='bbox 730 206 848 232; x_wconf 73' lang='lat' dir='ltr'><strong>LIBER</strong></span> <span class='ocrx_word' id='word_1_2' title='bbox 867 206 1057 238; x_wconf 68' lang='lat' dir='ltr'>QVARTVS.</span> <span class='ocrx_word' id='word_1_3' title='bbox 1565 198 1644 235; x_wconf 74' lang='lat'>303</span> 
     </span>
    </p>
   </div>
   <div class='ocr_carea' id='block_1_2' title="bbox 140 307 1646 705">
    <p class='ocr_par' dir='ltr' id='par_1_2' title="bbox 140 307 1646 705">
     <span class='ocr_line' id='line_1_2' title="bbox 141 307 1645 364; baseline -0.001 -13"><span class='ocrx_word' id='word_1_4' title='bbox 141 313 295 364; x_wconf 85' lang='lat' dir='ltr'>pareat</span> <span class='ocrx_word' id='word_1_5' title='bbox 325 313 339 350; x_wconf 71' lang='grc' dir='ltr'>τ’</span> <span class='ocrx_word' id='word_1_6' title='bbox 371 309 617 351; x_wconf 81' lang='lat' dir='ltr'>vertendam</span> <span class='ocrx_word' id='word_1_7' title='bbox 651 310 692 350; x_wconf 87' lang='lat' dir='ltr'>in</span> <span class='ocrx_word' id='word_1_8' title='bbox 727 323 967 350; x_wconf 72' lang='lat' dir='ltr'>consonum.</span> <span class='ocrx_word' id='word_1_9' title='bbox 1020 314 1062 348; x_wconf 92' lang='lat' dir='ltr'>et</span> <span class='ocrx_word' id='word_1_10' title='bbox 1092 308 1280 349; x_wconf 83' lang='lat' dir='ltr'>notabile</span> <span class='ocrx_word' id='word_1_11' title='bbox 1303 307 1473 360; x_wconf 87' lang='lat' dir='ltr'>quidem</span> <span class='ocrx_word' id='word_1_12' title='bbox 1499 307 1645 349; x_wconf 85' lang='lat' dir='ltr'>debuit</span> 
     </span>
     <span class='ocr_line' id='line_1_3' title="bbox 140 376 1645 432; baseline -0.003 -12"><span class='ocrx_word' id='word_1_13' title='bbox 140 379 287 429; x_wconf 87' lang='lat' dir='ltr'>videri,</span> <span class='ocrx_word' id='word_1_14' title='bbox 318 382 383 419; x_wconf 86' lang='lat' dir='ltr'>tot</span> <span class='ocrx_word' id='word_1_15' title='bbox 413 377 607 432; x_wconf 82' lang='lat' dir='ltr'>exempla</span> <span class='ocrx_word' id='word_1_16' title='bbox 640 376 893 418; x_wconf 85' lang='lat' dir='ltr'>durissimae</span> <span class='ocrx_word' id='word_1_17' title='bbox 925 376 1125 431; x_wconf 71' lang='lat' dir='ltr'>synizesis</span> <span class='ocrx_word' id='word_1_18' title='bbox 1157 389 1232 416; x_wconf 91' lang='lat' dir='ltr'>cur</span> <span class='ocrx_word' id='word_1_19' title='bbox 1262 376 1477 417; x_wconf 82' lang='lat' dir='ltr'>noluerint</span> <span class='ocrx_word' id='word_1_20' title='bbox 1509 376 1645 417; x_wconf 72' lang='lat' dir='ltr'>vitare</span> 
     </span>
     <span class='ocr_line' id='line_1_4' title="bbox 142 443 1646 501; baseline -0.002 -14"><span class='ocrx_word' id='word_1_21' title='bbox 142 450 293 501; x_wconf 85' lang='lat' dir='ltr'>poetae</span> <span class='ocrx_word' id='word_1_22' title='bbox 314 445 512 500; x_wconf 89' lang='lat' dir='ltr'>ponendo</span> <span class='ocrx_word' id='word_1_23' title='bbox 545 449 773 496; x_wconf 71' lang='lat' dir='ltr'>cone&#39;uffl‘um</span> <span class='ocrx_word' id='word_1_24' title='bbox 805 445 871 486; x_wconf 82' lang='lat' dir='ltr'>vel</span> <span class='ocrx_word' id='word_1_25' title='bbox 902 448 1180 495; x_wconf 72' lang='lat' dir='ltr'>eoniuffl&#39;alem.</span> <span class='ocrx_word' id='word_1_26' title='bbox 1241 443 1446 485; x_wconf 86' lang='lat' dir='ltr'>sedenim</span> <span class='ocrx_word' id='word_1_27' title='bbox 1471 443 1646 497; x_wconf 81' lang='lat' dir='ltr'>augebi-</span> 
     </span>
     <span class='ocr_line' id='line_1_5' title="bbox 140 512 1643 567; baseline -0.003 -11"><span class='ocrx_word' id='word_1_28' title='bbox 140 521 211 556; x_wconf 89' lang='lat' dir='ltr'>tur</span> <span class='ocrx_word' id='word_1_29' title='bbox 242 514 471 555; x_wconf 80' lang='lat' dir='ltr'>admiratio</span> <span class='ocrx_word' id='word_1_30' title='bbox 493 513 793 567; x_wconf 83' lang='lat' dir='ltr'>reputantibus</span> <span class='ocrx_word' id='word_1_31' title='bbox 816 513 977 554; x_wconf 90' lang='lat' dir='ltr'>Lucani</span> <span class='ocrx_word' id='word_1_32' title='bbox 1008 516 1049 553; x_wconf 88' lang='lat' dir='ltr'>et</span> <span class='ocrx_word' id='word_1_33' title='bbox 1083 512 1283 563; x_wconf 80' lang='lat' dir='ltr'>Senecae,</span> <span class='ocrx_word' id='word_1_34' title='bbox 1315 512 1387 565; x_wconf 86' lang='lat' dir='ltr'>qui</span> <span class='ocrx_word' id='word_1_35' title='bbox 1412 526 1643 565; x_wconf 77' lang='lat' dir='ltr'>numquam</span> 
     </span>
     <span class='ocr_line' id='line_1_6' title="bbox 141 580 1644 634; baseline -0.003 -11"><span class='ocrx_word' id='word_1_36' title='bbox 141 587 155 624; x_wconf 87' lang='lat'>2&#39;</span> <span class='ocrx_word' id='word_1_37' title='bbox 184 583 250 624; x_wconf 84' lang='lat' dir='ltr'>vel</span> <span class='ocrx_word' id='word_1_38' title='bbox 281 597 307 623; x_wconf 89' lang='lat' dir='ltr'>u</span> <span class='ocrx_word' id='word_1_39' title='bbox 338 585 561 623; x_wconf 80' lang='lat' dir='ltr'><strong>mutarunt</strong></span> <span class='ocrx_word' id='word_1_40' title='bbox 591 582 635 622; x_wconf 90' lang='lat' dir='ltr'>in</span> <span class='ocrx_word' id='word_1_41' title='bbox 668 595 916 631; x_wconf 86' lang='lat' dir='ltr'>consonam,</span> <span class='ocrx_word' id='word_1_42' title='bbox 957 594 1105 622; x_wconf 77' lang='lat' dir='ltr'>versus</span> <span class='ocrx_word' id='word_1_43' title='bbox 1144 580 1253 621; x_wconf 86' lang='lat' dir='ltr'>tales</span> <span class='ocrx_word' id='word_1_44' title='bbox 1294 580 1368 634; x_wconf 87' lang='lat' dir='ltr'>[II,</span> <span class='ocrx_word' id='word_1_45' title='bbox 1403 583 1506 631; x_wconf 82' lang='lat'>3303</span> <span class='ocrx_word' id='word_1_46' title='bbox 1543 584 1644 631; x_wconf 68' lang='lat'>3433</span> 
     </span>
     <span class='ocr_line' id='line_1_7' title="bbox 141 650 464 705; baseline 0 -14"><span class='ocrx_word' id='word_1_47' title='bbox 141 650 311 705; x_wconf 85' lang='lat' dir='ltr'>Hippol.</span> <span class='ocrx_word' id='word_1_48' title='bbox 343 650 464 704; x_wconf 84' lang='lat'>232]:</span> 
     </span>
    </p>
   </div>
   <div class='ocr_carea' id='block_1_3' title="bbox 415 728 1384 887">
    <p class='ocr_par' dir='ltr' id='par_1_3' title="bbox 415 728 1384 887">
     <span class='ocr_line' id='line_1_8' title="bbox 415 728 1384 773; baseline -0.001 -10"><span class='ocrx_word' id='word_1_49' title='bbox 415 741 501 764; x_wconf 81' lang='lat' dir='ltr'>mox</span> <span class='ocrx_word' id='word_1_50' title='bbox 527 729 588 764; x_wconf 90' lang='lat' dir='ltr'>ubi</span> <span class='ocrx_word' id='word_1_51' title='bbox 615 730 764 764; x_wconf 88' lang='lat' dir='ltr'>conubii</span> <span class='ocrx_word' id='word_1_52' title='bbox 791 729 951 773; x_wconf 87' lang='lat' dir='ltr'>pretium</span> <span class='ocrx_word' id='word_1_53' title='bbox 977 739 1192 772; x_wconf 76' lang='lat' dir='ltr'>mercesque</span> <span class='ocrx_word' id='word_1_54' title='bbox 1219 728 1384 763; x_wconf 79' lang='lat' dir='ltr'>solutast.</span> 
     </span>
     <span class='ocr_line' id='line_1_9' title="bbox 416 784 1322 829; baseline -0.003 -8"><span class='ocrx_word' id='word_1_55' title='bbox 416 787 576 821; x_wconf 85' lang='lat' dir='ltr'>conubii.</span> <span class='ocrx_word' id='word_1_56' title='bbox 623 787 734 820; x_wconf 88' lang='lat' dir='ltr'>liceat</span> <span class='ocrx_word' id='word_1_57' title='bbox 758 786 898 820; x_wconf 85' lang='lat' dir='ltr'>tumulo</span> <span class='ocrx_word' id='word_1_58' title='bbox 925 785 1134 829; x_wconf 80' lang='lat' dir='ltr'>scripsisse:</span> <span class='ocrx_word' id='word_1_59' title='bbox 1163 784 1322 820; x_wconf 81' lang='lat' dir='ltr'>Catonis.</span> 
     </span>
     <span class='ocr_line' id='line_1_10' title="bbox 415 842 1263 887; baseline -0.002 -10"><span class='ocrx_word' id='word_1_60' title='bbox 415 844 572 878; x_wconf 83' lang='lat' dir='ltr'>conubia</span> <span class='ocrx_word' id='word_1_61' title='bbox 597 843 699 877; x_wconf 78' lang='lat' dir='ltr'>vitat.</span> <span class='ocrx_word' id='word_1_62' title='bbox 747 854 862 887; x_wconf 84' lang='lat' dir='ltr'>genus</span> <span class='ocrx_word' id='word_1_63' title='bbox 889 843 1134 876; x_wconf 84' lang='lat' dir='ltr'>Amazonium</span> <span class='ocrx_word' id='word_1_64' title='bbox 1159 842 1263 876; x_wconf 87' lang='lat' dir='ltr'>scias.</span> 
     </span>
    </p>
   </div>
   <div class='ocr_carea' id='block_1_4' title="bbox 136 910 1654 2337">
    <p class='ocr_par' dir='ltr' id='par_1_4' title="bbox 136 910 1653 1926">
     <span class='ocr_line' id='line_1_11' title="bbox 142 910 1647 967; baseline -0.002 -13"><span class='ocrx_word' id='word_1_65' title='bbox 142 926 402 967; x_wconf 82' lang='lat' dir='ltr'>quamquam</span> <span class='ocrx_word' id='word_1_66' title='bbox 426 912 540 967; x_wconf 84' lang='lat' dir='ltr'>apud</span> <span class='ocrx_word' id='word_1_67' title='bbox 563 912 782 953; x_wconf 85' lang='lat' dir='ltr'>Lucanum</span> <span class='ocrx_word' id='word_1_68' title='bbox 803 915 947 965; x_wconf 86' lang='lat' dir='ltr'>potest</span> <span class='ocrx_word' id='word_1_69' title='bbox 974 910 1075 965; x_wconf 92' lang='lat' dir='ltr'>poni</span> <span class='ocrx_word' id='word_1_70' title='bbox 1108 910 1214 952; x_wconf 89' lang='lat' dir='ltr'>illud</span> <span class='ocrx_word' id='word_1_71' title='bbox 1244 913 1400 952; x_wconf 76' lang='lat' dir='ltr'>emmhi.</span> <span class='ocrx_word' id='word_1_72' title='bbox 1437 936 1487 940; x_wconf 44' lang='grc' dir='ltr'><strong>ψ</strong></span> <span class='ocrx_word' id='word_1_73' title='bbox 1520 925 1647 965; x_wconf 82' lang='lat' dir='ltr'>porro</span> 
     </span>
     <span class='ocr_line' id='line_1_12' title="bbox 142 978 1648 1037; baseline -0.001 -14"><span class='ocrx_word' id='word_1_74' title='bbox 142 983 306 1023; x_wconf 79' lang='lat' dir='ltr'>Statius</span> <span class='ocrx_word' id='word_1_75' title='bbox 329 981 535 1037; x_wconf 71' lang='lat' dir='ltr'>synizesin</span> <span class='ocrx_word' id='word_1_76' title='bbox 565 995 659 1022; x_wconf 91' lang='lat' dir='ltr'>cum</span> <span class='ocrx_word' id='word_1_77' title='bbox 683 980 785 1021; x_wconf 88' lang='lat' dir='ltr'>alibi</span> <span class='ocrx_word' id='word_1_78' title='bbox 807 993 891 1021; x_wconf 90' lang='lat' dir='ltr'>non</span> <span class='ocrx_word' id='word_1_79' title='bbox 913 979 1009 1034; x_wconf 90' lang='lat' dir='ltr'>plus</span> <span class='ocrx_word' id='word_1_80' title='bbox 1032 979 1190 1033; x_wconf 84' lang='lat' dir='ltr'>septies</span> <span class='ocrx_word' id='word_1_81' title='bbox 1212 978 1434 1020; x_wconf 77' lang='lat' dir='ltr'>admiserit</span> <span class='ocrx_word' id='word_1_82' title='bbox 1456 979 1648 1022; x_wconf 77' lang='lat' dir='ltr'>similem.</span> 
     </span>
     <span class='ocr_line' id='line_1_13' title="bbox 141 1047 1650 1102; baseline -0.003 -10"><span class='ocrx_word' id='word_1_83' title='bbox 141 1052 184 1092; x_wconf 90' lang='lat' dir='ltr'>in</span> <span class='ocrx_word' id='word_1_84' title='bbox 222 1064 307 1092; x_wconf 92' lang='lat' dir='ltr'>uno</span> <span class='ocrx_word' id='word_1_85' title='bbox 349 1049 558 1091; x_wconf 86' lang='lat' dir='ltr'>vocabulo</span> <span class='ocrx_word' id='word_1_86' title='bbox 600 1052 782 1098; x_wconf 69' lang='lat' dir='ltr'>conubii,</span> <span class='ocrx_word' id='word_1_87' title='bbox 826 1049 861 1090; x_wconf 89' lang='lat' dir='ltr'>si</span> <span class='ocrx_word' id='word_1_88' title='bbox 903 1048 1159 1102; x_wconf 88' lang='lat' dir='ltr'>productam</span> <span class='ocrx_word' id='word_1_89' title='bbox 1200 1047 1333 1089; x_wconf 85' lang='lat' dir='ltr'>habet</span> <span class='ocrx_word' id='word_1_90' title='bbox 1377 1061 1546 1101; x_wconf 80' lang='lat' dir='ltr'>semper</span> <span class='ocrx_word' id='word_1_91' title='bbox 1586 1062 1650 1089; x_wconf 89' lang='lat' dir='ltr'>se-</span> 
     </span>
     <span class='ocr_line' id='line_1_14' title="bbox 143 1115 1648 1169; baseline -0.002 -9"><span class='ocrx_word' id='word_1_92' title='bbox 143 1119 345 1169; x_wconf 86' lang='lat' dir='ltr'>cundam,</span> <span class='ocrx_word' id='word_1_93' title='bbox 390 1118 560 1160; x_wconf 82' lang='lat' dir='ltr'>deciens</span> <span class='ocrx_word' id='word_1_94' title='bbox 604 1118 766 1159; x_wconf 88' lang='lat' dir='ltr'>octiens</span> <span class='ocrx_word' id='word_1_95' title='bbox 803 1131 896 1159; x_wconf 86' lang='lat' dir='ltr'>eam</span> <span class='ocrx_word' id='word_1_96' title='bbox 928 1116 1175 1158; x_wconf 82' lang='lat' dir='ltr'>adhibuisse</span> <span class='ocrx_word' id='word_1_97' title='bbox 1209 1116 1290 1158; x_wconf 87' lang='lat' dir='ltr'>erit</span> <span class='ocrx_word' id='word_1_98' title='bbox 1316 1115 1566 1158; x_wconf 89' lang='lat' dir='ltr'>credendus.</span> <span class='ocrx_word' id='word_1_99' title='bbox 1598 1142 1648 1147; x_wconf 82' lang='lat'>—</span> 
     </span>
     <span class='ocr_line' id='line_1_15' title="bbox 142 1184 1651 1241; baseline -0.003 -12"><span class='ocrx_word' id='word_1_100' title='bbox 142 1188 217 1229; x_wconf 88' lang='lat' dir='ltr'>sed</span> <span class='ocrx_word' id='word_1_101' title='bbox 240 1187 342 1241; x_wconf 87' lang='lat' dir='ltr'>quid</span> <span class='ocrx_word' id='word_1_102' title='bbox 363 1186 499 1228; x_wconf 87' lang='lat' dir='ltr'>multa</span> <span class='ocrx_word' id='word_1_103' title='bbox 510 1187 529 1227; x_wconf 66' lang='lat'>‘3</span> <span class='ocrx_word' id='word_1_104' title='bbox 560 1189 768 1228; x_wconf 76' lang='lat' dir='ltr'>conubium</span> <span class='ocrx_word' id='word_1_105' title='bbox 793 1186 1009 1240; x_wconf 87' lang='lat' dir='ltr'>corripere</span> <span class='ocrx_word' id='word_1_106' title='bbox 1033 1184 1442 1239; x_wconf 84' lang='lat' dir='ltr'>antepaenultimam</span> <span class='ocrx_word' id='word_1_107' title='bbox 1465 1188 1651 1226; x_wconf 86' lang='lat' dir='ltr'>testatur</span> 
     </span>
     <span class='ocr_line' id='line_1_16' title="bbox 143 1254 1651 1310; baseline -0.003 -12"><span class='ocrx_word' id='word_1_108' title='bbox 143 1256 395 1298; x_wconf 76' lang='lat' dir='ltr'>Consentius</span> <span class='ocrx_word' id='word_1_109' title='bbox 425 1255 487 1296; x_wconf 84' lang='lat' dir='ltr'>ita</span> <span class='ocrx_word' id='word_1_110' title='bbox 518 1255 597 1310; x_wconf 84' lang='lat' dir='ltr'>[gr.</span> <span class='ocrx_word' id='word_1_111' title='bbox 628 1255 654 1295; x_wconf 94' lang='grc'>1.</span> <span class='ocrx_word' id='word_1_112' title='bbox 687 1255 735 1306; x_wconf 76' lang='lat' dir='ltr'>V,</span> <span class='ocrx_word' id='word_1_113' title='bbox 769 1254 892 1308; x_wconf 71' lang='lat'>388]:</span> <span class='ocrx_word' id='word_1_114' title='bbox 933 1256 1080 1295; x_wconf 74' lang='lat' dir='ltr'>ectasis</span> <span class='ocrx_word' id='word_1_115' title='bbox 1113 1261 1189 1303; x_wconf 73' lang='lat' dir='ltr'>est,</span> <span class='ocrx_word' id='word_1_116' title='bbox 1233 1267 1319 1294; x_wconf 83' lang='lat' dir='ltr'>cum</span> <span class='ocrx_word' id='word_1_117' title='bbox 1352 1261 1543 1304; x_wconf 74' lang='lat' dir='ltr'>correpto</span> <span class='ocrx_word' id='word_1_118' title='bbox 1573 1257 1651 1305; x_wconf 68' lang='lat' dir='ltr'>syl-</span> 
     </span>
     <span class='ocr_line' id='line_1_17' title="bbox 143 1325 1651 1375; baseline -0.003 -9"><span class='ocrx_word' id='word_1_119' title='bbox 143 1328 236 1366; x_wconf 77' lang='lat' dir='ltr'>laba</span> <span class='ocrx_word' id='word_1_120' title='bbox 276 1331 402 1375; x_wconf 77' lang='lat' dir='ltr'>poeta</span> <span class='ocrx_word' id='word_1_121' title='bbox 441 1326 502 1364; x_wconf 73' lang='lat' dir='ltr'>sic</span> <span class='ocrx_word' id='word_1_122' title='bbox 546 1326 790 1364; x_wconf 70' lang='lat' dir='ltr'>auctoritate</span> <span class='ocrx_word' id='word_1_123' title='bbox 826 1337 902 1364; x_wconf 77' lang='lat' dir='ltr'>sua</span> <span class='ocrx_word' id='word_1_124' title='bbox 943 1326 1083 1371; x_wconf 74' lang='lat' dir='ltr'>utitur,</span> <span class='ocrx_word' id='word_1_125' title='bbox 1127 1329 1329 1372; x_wconf 72' lang='lat' dir='ltr'>{umquam</span> <span class='ocrx_word' id='word_1_126' title='bbox 1368 1325 1421 1362; x_wconf 73' lang='lat' dir='ltr'>sit</span> <span class='ocrx_word' id='word_1_127' title='bbox 1463 1325 1651 1372; x_wconf 73' lang='lat' dir='ltr'>temporis</span> 
     </span>
     <span class='ocr_line' id='line_1_18' title="bbox 143 1387 1650 1444; baseline -0.003 -10"><span class='ocrx_word' id='word_1_128' title='bbox 143 1396 360 1444; x_wconf 55' lang='lat' dir='ltr'>longioris,</span> <span class='ocrx_word' id='word_1_129' title='bbox 403 1399 448 1433; x_wconf 83' lang='lat' dir='ltr'>ut</span> <span class='ocrx_word' id='word_1_130' title='bbox 479 1398 538 1433; x_wconf 75' lang='lat' dir='ltr'>est</span> <span class='ocrx_word' id='word_1_131' title='bbox 579 1391 758 1433; x_wconf 68' lang='lat' dir='ltr'>‘Italiam</span> <span class='ocrx_word' id='word_1_132' title='bbox 794 1396 886 1443; x_wconf 76' lang='lat' dir='ltr'>fato</span> <span class='ocrx_word' id='word_1_133' title='bbox 922 1387 1153 1442; x_wconf 67' lang='lat' dir='ltr'>proficyus&#39;</span> <span class='ocrx_word' id='word_1_134' title='bbox 1201 1396 1239 1431; x_wconf 80' lang='lat' dir='ltr'>et</span> <span class='ocrx_word' id='word_1_135' title='bbox 1277 1388 1469 1431; x_wconf 67' lang='lat' dir='ltr'>‘conubio</span> <span class='ocrx_word' id='word_1_136' title='bbox 1511 1397 1650 1431; x_wconf 72' lang='lat' dir='ltr'>nostra</span> 
     </span>
     <span class='ocr_line' id='line_1_19' title="bbox 142 1456 1651 1512; baseline -0.003 -10"><span class='ocrx_word' id='word_1_137' title='bbox 142 1464 322 1512; x_wconf 75' lang='lat' dir='ltr'>reppulit</span> <span class='ocrx_word' id='word_1_138' title='bbox 334 1458 362 1510; x_wconf 85' lang='lat'>²,</span> <span class='ocrx_word' id='word_1_139' title='bbox 406 1474 492 1502; x_wconf 82' lang='lat' dir='ltr'>cum</span> <span class='ocrx_word' id='word_1_140' title='bbox 526 1464 540 1501; x_wconf 66' lang='grc' dir='ltr'><em>ἱ</em></span> <span class='ocrx_word' id='word_1_141' title='bbox 572 1467 609 1501; x_wconf 77' lang='lat' dir='ltr'>et</span> <span class='ocrx_word' id='word_1_142' title='bbox 639 1475 666 1501; x_wconf 86' lang='lat' dir='ltr'>u</span> <span class='ocrx_word' id='word_1_143' title='bbox 697 1467 841 1511; x_wconf 75' lang='lat' dir='ltr'>operte</span> <span class='ocrx_word' id='word_1_144' title='bbox 871 1462 1012 1500; x_wconf 71' lang='lat' dir='ltr'>breves</span> <span class='ocrx_word' id='word_1_145' title='bbox 1042 1463 1144 1508; x_wconf 75' lang='lat' dir='ltr'>sint,</span> <span class='ocrx_word' id='word_1_146' title='bbox 1185 1465 1230 1499; x_wconf 83' lang='lat' dir='ltr'>ut</span> <span class='ocrx_word' id='word_1_147' title='bbox 1270 1461 1366 1499; x_wconf 72' lang='lat' dir='ltr'>alibi</span> <span class='ocrx_word' id='word_1_148' title='bbox 1410 1456 1598 1509; x_wconf 71' lang='lat' dir='ltr'>‘antiqua</span> <span class='ocrx_word' id='word_1_149' title='bbox 1631 1471 1651 1498; x_wconf 87' lang='lat' dir='ltr'>e</span> 
     </span>
     <span class='ocr_line' id='line_1_20' title="bbox 143 1525 1653 1581; baseline -0.003 -10"><span class='ocrx_word' id='word_1_150' title='bbox 143 1533 267 1571; x_wconf 82' lang='lat' dir='ltr'>cedro</span> <span class='ocrx_word' id='word_1_151' title='bbox 298 1532 509 1581; x_wconf 78' lang='lat' dir='ltr'>Italusque</span> <span class='ocrx_word' id='word_1_152' title='bbox 543 1537 750 1580; x_wconf 77' lang='lat' dir='ltr'>paterque</span> <span class='ocrx_word' id='word_1_153' title='bbox 780 1525 978 1569; x_wconf 66' lang='lat' dir='ltr'>Sobe‘mw’</span> <span class='ocrx_word' id='word_1_154' title='bbox 1016 1535 1054 1568; x_wconf 76' lang='lat' dir='ltr'>et</span> <span class='ocrx_word' id='word_1_155' title='bbox 1094 1526 1283 1568; x_wconf 77' lang='lat' dir='ltr'>‘conubio</span> <span class='ocrx_word' id='word_1_156' title='bbox 1323 1529 1488 1577; x_wconf 67' lang='lat' dir='ltr'>iunyam</span> <span class='ocrx_word' id='word_1_157' title='bbox 1518 1529 1653 1567; x_wconf 74' lang='lat' dir='ltr'>stabili</span> 
     </span>
     <span class='ocr_line' id='line_1_21' title="bbox 136 1593 1650 1650; baseline -0.003 -12"><span class='ocrx_word' id='word_1_158' title='bbox 136 1601 434 1649; x_wconf 75' lang='lat' dir='ltr'>propriamque</span> <span class='ocrx_word' id='word_1_159' title='bbox 466 1594 648 1639; x_wconf 70' lang='lat' dir='ltr'>dicabo&#39;.</span> <span class='ocrx_word' id='word_1_160' title='bbox 701 1596 857 1650; x_wconf 89' lang='lat' dir='ltr'>quibus</span> <span class='ocrx_word' id='word_1_161' title='bbox 889 1596 1086 1638; x_wconf 81' lang='lat' dir='ltr'>convenit</span> <span class='ocrx_word' id='word_1_162' title='bbox 1118 1595 1233 1649; x_wconf 87' lang='lat' dir='ltr'>quod</span> <span class='ocrx_word' id='word_1_163' title='bbox 1255 1594 1430 1636; x_wconf 78' lang='lat' dir='ltr'>Servius</span> <span class='ocrx_word' id='word_1_164' title='bbox 1462 1593 1536 1649; x_wconf 86' lang='lat' dir='ltr'>[ad</span> <span class='ocrx_word' id='word_1_165' title='bbox 1559 1607 1650 1635; x_wconf 85' lang='lat' dir='ltr'>aen.</span> 
     </span>
     <span class='ocr_line' id='line_1_22' title="bbox 142 1662 1651 1721; baseline -0.003 -14"><span class='ocrx_word' id='word_1_166' title='bbox 142 1666 212 1717; x_wconf 93' lang='lat' dir='ltr'>IV,</span> <span class='ocrx_word' id='word_1_167' title='bbox 245 1666 347 1721; x_wconf 85' lang='lat'>213]</span> <span class='ocrx_word' id='word_1_168' title='bbox 380 1665 539 1707; x_wconf 88' lang='lat' dir='ltr'>eisdem</span> <span class='ocrx_word' id='word_1_169' title='bbox 579 1665 784 1719; x_wconf 87' lang='lat' dir='ltr'>exemplis</span> <span class='ocrx_word' id='word_1_170' title='bbox 824 1678 926 1706; x_wconf 88' lang='lat' dir='ltr'>usus</span> <span class='ocrx_word' id='word_1_171' title='bbox 971 1664 1075 1705; x_wconf 87' lang='lat' dir='ltr'>dicit</span> <span class='ocrx_word' id='word_1_172' title='bbox 1115 1663 1241 1705; x_wconf 89' lang='lat' dir='ltr'>modo</span> <span class='ocrx_word' id='word_1_173' title='bbox 1283 1662 1481 1717; x_wconf 91' lang='lat' dir='ltr'>produci,</span> <span class='ocrx_word' id='word_1_174' title='bbox 1526 1662 1651 1703; x_wconf 91' lang='lat' dir='ltr'>modo</span> 
     </span>
     <span class='ocr_line' id='line_1_23' title="bbox 145 1731 1652 1789; baseline -0.003 -14"><span class='ocrx_word' id='word_1_175' title='bbox 145 1734 303 1789; x_wconf 89' lang='lat' dir='ltr'>corripi</span> <span class='ocrx_word' id='word_1_176' title='bbox 334 1747 360 1775; x_wconf 83' lang='lat' dir='ltr'>a</span> <span class='ocrx_word' id='word_1_177' title='bbox 381 1733 569 1788; x_wconf 85' lang='lat' dir='ltr'>Vergilio</span> <span class='ocrx_word' id='word_1_178' title='bbox 599 1734 644 1774; x_wconf 89' lang='lat' dir='ltr'>in</span> <span class='ocrx_word' id='word_1_179' title='bbox 674 1732 884 1775; x_wconf 86' lang='lat' dir='ltr'>vocabulo</span> <span class='ocrx_word' id='word_1_180' title='bbox 916 1732 999 1774; x_wconf 87' lang='lat' dir='ltr'>isto</span> <span class='ocrx_word' id='word_1_181' title='bbox 1032 1731 1455 1787; x_wconf 84' lang='lat' dir='ltr'>antepaenultimam.</span> <span class='ocrx_word' id='word_1_182' title='bbox 1518 1744 1652 1784; x_wconf 84' lang='lat' dir='ltr'>quare</span> 
     </span>
     <span class='ocr_line' id='line_1_24' title="bbox 143 1799 1651 1852; baseline -0.003 -8"><span class='ocrx_word' id='word_1_183' title='bbox 143 1806 261 1845; x_wconf 87' lang='lat' dir='ltr'>recte</span> <span class='ocrx_word' id='word_1_184' title='bbox 295 1806 382 1844; x_wconf 87' lang='lat' dir='ltr'>stat</span> <span class='ocrx_word' id='word_1_185' title='bbox 418 1804 642 1852; x_wconf 74' lang='lat' dir='ltr'>conubium,</span> <span class='ocrx_word' id='word_1_186' title='bbox 673 1801 749 1843; x_wconf 88' lang='lat' dir='ltr'>ubi</span> <span class='ocrx_word' id='word_1_187' title='bbox 779 1802 946 1843; x_wconf 89' lang='lat' dir='ltr'>ratione</span> <span class='ocrx_word' id='word_1_188' title='bbox 976 1801 1142 1843; x_wconf 91' lang='lat' dir='ltr'>musica</span> <span class='ocrx_word' id='word_1_189' title='bbox 1171 1814 1256 1842; x_wconf 88' lang='lat' dir='ltr'>non</span> <span class='ocrx_word' id='word_1_190' title='bbox 1285 1800 1387 1842; x_wconf 89' lang='lat' dir='ltr'>licet</span> <span class='ocrx_word' id='word_1_191' title='bbox 1421 1799 1651 1841; x_wconf 88' lang='lat' dir='ltr'>molossum</span> 
     </span>
     <span class='ocr_line' id='line_1_25' title="bbox 145 1869 1561 1926; baseline -0.001 -14"><span class='ocrx_word' id='word_1_192' title='bbox 145 1871 245 1926; x_wconf 91' lang='lat' dir='ltr'>poni</span> <span class='ocrx_word' id='word_1_193' title='bbox 277 1884 356 1925; x_wconf 89' lang='lat' dir='ltr'>pro</span> <span class='ocrx_word' id='word_1_194' title='bbox 389 1870 637 1912; x_wconf 83' lang='lat' dir='ltr'>choriambo</span> <span class='ocrx_word' id='word_1_195' title='bbox 668 1870 800 1912; x_wconf 83' lang='lat' dir='ltr'>veluti</span> <span class='ocrx_word' id='word_1_196' title='bbox 830 1884 956 1911; x_wconf 87' lang='lat' dir='ltr'>versu</span> <span class='ocrx_word' id='word_1_197' title='bbox 985 1870 1067 1911; x_wconf 92' lang='lat' dir='ltr'>hoc</span> <span class='ocrx_word' id='word_1_198' title='bbox 1098 1869 1321 1911; x_wconf 86' lang='lat' dir='ltr'>Claudiani</span> <span class='ocrx_word' id='word_1_199' title='bbox 1351 1869 1436 1923; x_wconf 82' lang='lat'>[40,</span> <span class='ocrx_word' id='word_1_200' title='bbox 1470 1869 1561 1922; x_wconf 73' lang='lat'>18]:</span> 
     </span>
    </p>

    <p class='ocr_par' dir='ltr' id='par_1_5' title="bbox 145 1944 1237 2062">
     <span class='ocr_line' id='line_1_26' title="bbox 556 1944 1237 1989; baseline -0.001 -11"><span class='ocrx_word' id='word_1_201' title='bbox 556 1944 714 1989; x_wconf 84' lang='lat' dir='ltr'>vectigal</span> <span class='ocrx_word' id='word_1_202' title='bbox 739 1944 892 1978; x_wconf 81' lang='lat' dir='ltr'>meritae</span> <span class='ocrx_word' id='word_1_203' title='bbox 921 1944 1113 1978; x_wconf 84' lang='lat' dir='ltr'>conubiale</span> <span class='ocrx_word' id='word_1_204' title='bbox 1138 1944 1237 1988; x_wconf 77' lang='lat' dir='ltr'>lyrae</span> 
     </span>
     <span class='ocr_line' id='line_1_27' title="bbox 145 2007 941 2062; baseline -0.005 -11"><span class='ocrx_word' id='word_1_205' title='bbox 145 2013 221 2051; x_wconf 85' lang='lat' dir='ltr'>aut</span> <span class='ocrx_word' id='word_1_206' title='bbox 250 2007 472 2050; x_wconf 86' lang='lat' dir='ltr'>Prudentii</span> <span class='ocrx_word' id='word_1_207' title='bbox 502 2007 580 2049; x_wconf 88' lang='lat' dir='ltr'>tali</span> <span class='ocrx_word' id='word_1_208' title='bbox 611 2007 742 2062; x_wconf 88' lang='lat' dir='ltr'>[cath.</span> <span class='ocrx_word' id='word_1_209' title='bbox 776 2010 813 2058; x_wconf 86' lang='lat'>3,</span> <span class='ocrx_word' id='word_1_210' title='bbox 848 2007 941 2061; x_wconf 76' lang='lat'>75]:</span> 
     </span>
    </p>

    <p class='ocr_par' dir='ltr' id='par_1_6' title="bbox 145 2081 998 2201">
     <span class='ocr_line' id='line_1_28' title="bbox 556 2081 998 2116; baseline -0.002 -1"><span class='ocrx_word' id='word_1_211' title='bbox 556 2081 686 2116; x_wconf 80' lang='lat' dir='ltr'>nexilis</span> <span class='ocrx_word' id='word_1_212' title='bbox 709 2081 823 2115; x_wconf 85' lang='lat' dir='ltr'>inscia</span> <span class='ocrx_word' id='word_1_213' title='bbox 849 2081 998 2116; x_wconf 87' lang='lat' dir='ltr'>conubii</span> 
     </span>
     <span class='ocr_line' id='line_1_29' title="bbox 145 2143 938 2201; baseline -0.001 -14"><span class='ocrx_word' id='word_1_214' title='bbox 145 2146 233 2187; x_wconf 91' lang='lat' dir='ltr'>sive</span> <span class='ocrx_word' id='word_1_215' title='bbox 264 2145 397 2187; x_wconf 85' lang='lat' dir='ltr'>males</span> <span class='ocrx_word' id='word_1_216' title='bbox 429 2145 632 2187; x_wconf 87' lang='lat' dir='ltr'>Martiani</span> <span class='ocrx_word' id='word_1_217' title='bbox 665 2144 712 2201; x_wconf 84' lang='lat'>[1,</span> <span class='ocrx_word' id='word_1_218' title='bbox 746 2148 812 2196; x_wconf 85' lang='lat'>92,</span> <span class='ocrx_word' id='word_1_219' title='bbox 845 2143 938 2200; x_wconf 83' lang='lat'>39]:</span> 
     </span>
    </p>

    <p class='ocr_par' dir='ltr' id='par_1_7' title="bbox 146 2218 1654 2337">
     <span class='ocr_line' id='line_1_30' title="bbox 556 2218 1137 2262; baseline 0 -10"><span class='ocrx_word' id='word_1_220' title='bbox 556 2219 659 2252; x_wconf 85' lang='lat' dir='ltr'>illum</span> <span class='ocrx_word' id='word_1_221' title='bbox 685 2218 844 2253; x_wconf 87' lang='lat' dir='ltr'>conubio</span> <span class='ocrx_word' id='word_1_222' title='bbox 872 2218 941 2252; x_wconf 86' lang='lat' dir='ltr'>rite</span> <span class='ocrx_word' id='word_1_223' title='bbox 966 2218 1137 2262; x_wconf 85' lang='lat' dir='ltr'>iugarier.</span> 
     </span>
     <span class='ocr_line' id='line_1_31' title="bbox 146 2277 1654 2337; baseline -0.003 -13"><span class='ocrx_word' id='word_1_224' title='bbox 146 2282 302 2336; x_wconf 89' lang='lat' dir='ltr'>quibus</span> <span class='ocrx_word' id='word_1_225' title='bbox 325 2281 460 2324; x_wconf 84' lang='lat' dir='ltr'>addas</span> <span class='ocrx_word' id='word_1_226' title='bbox 482 2281 646 2323; x_wconf 84' lang='lat' dir='ltr'>Sidonii</span> <span class='ocrx_word' id='word_1_227' title='bbox 665 2280 1072 2336; x_wconf 81' lang='lat' dir='ltr'>hendecasyllabum</span> <span class='ocrx_word' id='word_1_228' title='bbox 1098 2279 1248 2337; x_wconf 88' lang='lat' dir='ltr'>[praef.</span> <span class='ocrx_word' id='word_1_229' title='bbox 1268 2293 1332 2334; x_wconf 90' lang='lat' dir='ltr'>ep.</span> <span class='ocrx_word' id='word_1_230' title='bbox 1348 2279 1434 2321; x_wconf 84' lang='lat' dir='ltr'>Pol.</span> <span class='ocrx_word' id='word_1_231' title='bbox 1454 2283 1496 2321; x_wconf 87' lang='lat' dir='ltr'>et</span> <span class='ocrx_word' id='word_1_232' title='bbox 1510 2281 1580 2321; x_wconf 84' lang='lat' dir='ltr'>Ar.</span> <span class='ocrx_word' id='word_1_233' title='bbox 1596 2277 1654 2335; x_wconf 86' lang='lat' dir='ltr'>l]:</span> 
     </span>
    </p>
   </div>
   <div class='ocr_carea' id='block_1_5' title="bbox 558 2361 1213 2406">
    <p class='ocr_par' dir='ltr' id='par_1_8' title="bbox 558 2361 1213 2406">
     <span class='ocr_line' id='line_1_32' title="bbox 558 2361 1213 2406; baseline -0.002 -11"><span class='ocrx_word' id='word_1_234' title='bbox 558 2372 713 2406; x_wconf 86' lang='lat' dir='ltr'>prosper</span> <span class='ocrx_word' id='word_1_235' title='bbox 739 2361 900 2395; x_wconf 91' lang='lat' dir='ltr'>conubio</span> <span class='ocrx_word' id='word_1_236' title='bbox 927 2361 1005 2394; x_wconf 87' lang='lat' dir='ltr'>dies</span> <span class='ocrx_word' id='word_1_237' title='bbox 1031 2363 1213 2394; x_wconf 73' lang='lat' dir='ltr'>coruscat.</span> 
     </span>
    </p>
   </div>
   <div class='ocr_carea' id='block_1_6' title="bbox 138 2427 1654 2962">
    <p class='ocr_par' dir='ltr' id='par_1_9' title="bbox 138 2427 1653 2540">
     <span class='ocr_line' id='line_1_33' title="bbox 147 2427 1653 2484; baseline -0.003 -12"><span class='ocrx_word' id='word_1_238' title='bbox 147 2430 400 2484; x_wconf 87' lang='lat' dir='ltr'>quodsiquis</span> <span class='ocrx_word' id='word_1_239' title='bbox 436 2429 768 2471; x_wconf 82' lang='lat' dir='ltr'>christianorum</span> <span class='ocrx_word' id='word_1_240' title='bbox 789 2432 1016 2483; x_wconf 88' lang='lat' dir='ltr'>poetarum</span> <span class='ocrx_word' id='word_1_241' title='bbox 1039 2428 1245 2483; x_wconf 86' lang='lat' dir='ltr'>exemplis</span> <span class='ocrx_word' id='word_1_242' title='bbox 1267 2428 1394 2470; x_wconf 87' lang='lat' dir='ltr'>fidem</span> <span class='ocrx_word' id='word_1_243' title='bbox 1418 2427 1653 2481; x_wconf 84' lang='lat' dir='ltr'>abrogarit,</span> 
     </span>
     <span class='ocr_line' id='line_1_34' title="bbox 138 2497 1510 2540; baseline -0.001 0"><span class='ocrx_word' id='word_1_244' title='bbox 138 2503 194 2540; x_wconf 78' lang='lat' dir='ltr'>at</span> <span class='ocrx_word' id='word_1_245' title='bbox 227 2503 343 2540; x_wconf 84' lang='lat' dir='ltr'>certe</span> <span class='ocrx_word' id='word_1_246' title='bbox 375 2497 600 2540; x_wconf 88' lang='lat' dir='ltr'>Claudiani</span> <span class='ocrx_word' id='word_1_247' title='bbox 629 2497 920 2539; x_wconf 87' lang='lat' dir='ltr'>testimonium</span> <span class='ocrx_word' id='word_1_248' title='bbox 963 2497 1088 2539; x_wconf 85' lang='lat' dir='ltr'>firma</span> <span class='ocrx_word' id='word_1_249' title='bbox 1119 2501 1207 2539; x_wconf 83' lang='lat' dir='ltr'>stat</span> <span class='ocrx_word' id='word_1_250' title='bbox 1239 2497 1510 2539; x_wconf 83' lang='lat' dir='ltr'>auctoritate.</span> 
     </span>
    </p>

    <p class='ocr_par' dir='ltr' id='par_1_10' title="bbox 144 2565 1654 2962">
     <span class='ocr_line' id='line_1_35' title="bbox 260 2565 1653 2620; baseline -0.004 -11"><span class='ocrx_word' id='word_1_251' title='bbox 260 2568 443 2609; x_wconf 76' lang='lat' dir='ltr'>Restant</span> <span class='ocrx_word' id='word_1_252' title='bbox 481 2570 629 2620; x_wconf 84' lang='lat' dir='ltr'>partes</span> <span class='ocrx_word' id='word_1_253' title='bbox 673 2566 880 2607; x_wconf 87' lang='lat' dir='ltr'>orationis</span> <span class='ocrx_word' id='word_1_254' title='bbox 910 2580 1009 2618; x_wconf 90' lang='lat' dir='ltr'>eae,</span> <span class='ocrx_word' id='word_1_255' title='bbox 1053 2579 1235 2620; x_wconf 86' lang='lat' dir='ltr'>quarum</span> <span class='ocrx_word' id='word_1_256' title='bbox 1263 2565 1384 2619; x_wconf 87' lang='lat' dir='ltr'>prius</span> <span class='ocrx_word' id='word_1_257' title='bbox 1428 2568 1492 2605; x_wconf 88' lang='lat' dir='ltr'>est</span> <span class='ocrx_word' id='word_1_258' title='bbox 1524 2577 1653 2605; x_wconf 80' lang='lat' dir='ltr'>meni·</span> 
     </span>
     <span class='ocr_line' id='line_1_36' title="bbox 146 2633 1654 2688; baseline -0.004 -10"><span class='ocrx_word' id='word_1_259' title='bbox 146 2635 272 2678; x_wconf 90' lang='lat' dir='ltr'>brum</span> <span class='ocrx_word' id='word_1_260' title='bbox 312 2639 421 2677; x_wconf 72' lang='lat' dir='ltr'>semi.</span> <span class='ocrx_word' id='word_1_261' title='bbox 492 2634 607 2688; x_wconf 88' lang='lat' dir='ltr'>quod</span> <span class='ocrx_word' id='word_1_262' title='bbox 651 2633 726 2675; x_wconf 89' lang='lat' dir='ltr'>ubi</span> <span class='ocrx_word' id='word_1_263' title='bbox 771 2635 984 2688; x_wconf 82' lang='lat' dir='ltr'>excipitur</span> <span class='ocrx_word' id='word_1_264' title='bbox 1026 2635 1279 2688; x_wconf 87' lang='lat' dir='ltr'>insequente</span> <span class='ocrx_word' id='word_1_265' title='bbox 1323 2633 1460 2674; x_wconf 80' lang='lat' dir='ltr'>vocali</span> <span class='ocrx_word' id='word_1_266' title='bbox 1507 2636 1549 2673; x_wconf 89' lang='lat' dir='ltr'>et</span> <span class='ocrx_word' id='word_1_267' title='bbox 1588 2645 1654 2673; x_wconf 90' lang='lat' dir='ltr'>re-</span> 
     </span>
     <span class='ocr_line' id='line_1_37' title="bbox 144 2700 1654 2757; baseline -0.003 -12"><span class='ocrx_word' id='word_1_268' title='bbox 144 2704 283 2745; x_wconf 89' lang='lat' dir='ltr'>tinere</span> <span class='ocrx_word' id='word_1_269' title='bbox 313 2706 458 2757; x_wconf 85' lang='lat' dir='ltr'>pot-est</span> <span class='ocrx_word' id='word_1_270' title='bbox 487 2706 751 2756; x_wconf 84' lang='lat' dir='ltr'>postremam</span> <span class='ocrx_word' id='word_1_271' title='bbox 779 2706 821 2744; x_wconf 92' lang='lat' dir='ltr'>et</span> <span class='ocrx_word' id='word_1_272' title='bbox 860 2703 1054 2754; x_wconf 87' lang='lat' dir='ltr'>abicere,</span> <span class='ocrx_word' id='word_1_273' title='bbox 1095 2702 1275 2756; x_wconf 88' lang='lat' dir='ltr'>perinde</span> <span class='ocrx_word' id='word_1_274' title='bbox 1316 2705 1365 2742; x_wconf 92' lang='lat' dir='ltr'>ut</span> <span class='ocrx_word' id='word_1_275' title='bbox 1403 2700 1654 2741; x_wconf 86' lang='lat' dir='ltr'>confirmen-</span> 
     </span>
     <span class='ocr_line' id='line_1_38' title="bbox 148 2770 1652 2824; baseline -0.002 -11"><span class='ocrx_word' id='word_1_276' title='bbox 148 2776 218 2813; x_wconf 88' lang='lat' dir='ltr'>tur</span> <span class='ocrx_word' id='word_1_277' title='bbox 249 2771 510 2813; x_wconf 78' lang='lat' dir='ltr'>auctoritate</span> <span class='ocrx_word' id='word_1_278' title='bbox 541 2770 749 2811; x_wconf 85' lang='lat' dir='ltr'>librorum</span> <span class='ocrx_word' id='word_1_279' title='bbox 771 2774 820 2812; x_wconf 92' lang='lat' dir='ltr'>ut</span> <span class='ocrx_word' id='word_1_280' title='bbox 840 2774 946 2824; x_wconf 89' lang='lat' dir='ltr'>puta</span> <span class='ocrx_word' id='word_1_281' title='bbox 977 2775 1020 2812; x_wconf 91' lang='lat' dir='ltr'>et</span> <span class='ocrx_word' id='word_1_282' title='bbox 1050 2774 1295 2812; x_wconf 74' lang='lat' dir='ltr'>semianimis</span> <span class='ocrx_word' id='word_1_283' title='bbox 1327 2773 1369 2810; x_wconf 91' lang='lat' dir='ltr'>et</span> <span class='ocrx_word' id='word_1_284' title='bbox 1399 2772 1652 2810; x_wconf 68' lang='lat' dir='ltr'>semacm&#39;muS.</span> 
     </span>
     <span class='ocr_line' id='line_1_39' title="bbox 147 2835 1652 2894; baseline -0.003 -13"><span class='ocrx_word' id='word_1_285' title='bbox 147 2840 339 2894; x_wconf 88' lang='lat' dir='ltr'>pleniore</span> <span class='ocrx_word' id='word_1_286' title='bbox 371 2843 513 2880; x_wconf 84' lang='lat' dir='ltr'>autem</span> <span class='ocrx_word' id='word_1_287' title='bbox 548 2839 687 2879; x_wconf 79' lang='lat' dir='ltr'>forma</span> <span class='ocrx_word' id='word_1_288' title='bbox 718 2842 890 2880; x_wconf 80' lang='lat' dir='ltr'>servata</span> <span class='ocrx_word' id='word_1_289' title='bbox 933 2840 1010 2880; x_wconf 87' lang='lat' dir='ltr'>etsi</span> <span class='ocrx_word' id='word_1_290' title='bbox 1044 2839 1216 2879; x_wconf 88' lang='lat' dir='ltr'>minime</span> <span class='ocrx_word' id='word_1_291' title='bbox 1244 2837 1453 2892; x_wconf 86' lang='lat' dir='ltr'>synizesin</span> <span class='ocrx_word' id='word_1_292' title='bbox 1485 2835 1652 2877; x_wconf 85' lang='lat' dir='ltr'>admitti</span> 
     </span>
     <span class='ocr_line' id='line_1_40' title="bbox 147 2905 1473 2962; baseline -0.003 -13"><span class='ocrx_word' id='word_1_293' title='bbox 147 2922 272 2962; x_wconf 84' lang='lat' dir='ltr'>posse</span> <span class='ocrx_word' id='word_1_294' title='bbox 303 2921 435 2961; x_wconf 81' lang='lat' dir='ltr'>supra</span> <span class='ocrx_word' id='word_1_295' title='bbox 466 2907 663 2956; x_wconf 84' lang='lat' dir='ltr'>indicavi,</span> <span class='ocrx_word' id='word_1_296' title='bbox 695 2912 837 2948; x_wconf 86' lang='lat' dir='ltr'>tamen</span> <span class='ocrx_word' id='word_1_297' title='bbox 869 2907 1011 2961; x_wconf 81' lang='lat' dir='ltr'>placet</span> <span class='ocrx_word' id='word_1_298' title='bbox 1044 2921 1131 2948; x_wconf 83' lang='lat' dir='ltr'>rem</span> <span class='ocrx_word' id='word_1_299' title='bbox 1167 2907 1294 2947; x_wconf 74' lang='lat' dir='ltr'>altius</span> <span class='ocrx_word' id='word_1_300' title='bbox 1326 2905 1473 2959; x_wconf 85' lang='lat' dir='ltr'>repeti.</span> 
     </span>
    </p>
   </div>
  </div>
 </body>
</html>
