1898 3292
733 186 969 213 OPVSCVLVM
988 188 1009 212 1.
1544 177 1566 214 ἴ)
1573 176 1620 214 31

235 288 466 332 Praeterea
498 289 723 343 quinquies
754 289 886 330 thesis
914 289 1051 342 primo
1074 289 1166 329 loco
1189 289 1229 328 in
1252 288 1355 329 bina
1377 287 1625 328 distractast

120 358 264 409 verba,
296 359 354 399 ΙΙΙ
385 358 491 412 prol.
526 362 597 409 493
633 361 667 405 7,
703 360 777 408 253
814 357 882 403 IV,
918 362 953 403 5,
986 361 1060 407 343
1098 357 1168 405 VI,
1202 360 1238 405 2,
1272 361 1319 408 83
1353 360 1389 406 8,
1423 359 1488 396 21.
1551 355 1625 396 sed

119 427 226 467 haec
249 426 445 480 exempla
466 429 639 479 praeter
664 425 843 478 primum
868 439 1049 465 versum.
1082 424 1154 464 ubi
1181 424 1338 476 legitur
1360 423 1464 464 illud
1497 437 1626 473 neque

121 498 243 543 enim,
276 494 390 547 quod
420 493 672 534 formulaest
701 494 856 542 instar,
890 496 931 533 et
963 492 1145 533 alterum
1180 506 1275 543 aye,
1309 495 1441 539 abire,
1474 495 1627 541 siquos!

123 566 300 611 (mimus,
335 570 394 603 est
426 565 614 603 licente‘a?
644 561 717 602 ubi
750 561 925 602 elisione
956 561 1175 601 lenissima
1202 560 1437 612 iunguntur
1466 564 1624 612 partes,

121 629 235 670 facili
266 630 437 683 negotio
469 633 648 683 possunt
679 629 782 670 tolli.

236 699 369 739 Porro
412 712 591 739 caesura
633 698 675 738 in
715 698 891 738 tertium
935 697 1091 738 senarii
1125 696 1297 737 iambici
1330 696 1394 736 vel
1426 698 1626 749 quartum

122 767 353 820 septenarii
385 766 646 807 octonariive
677 766 711 807 si
743 765 895 806 incidit
925 765 1095 819 pedem,
1141 779 1309 818 semper
1349 764 1518 805 iambus
1554 777 1627 816 po-

120 836 236 875 nitur
279 834 450 875 excluso
493 833 700 887 spondeo,
740 838 785 874 ut
827 833 976 888 [Lucil.
1010 833 1169 883 XXIX,
1212 836 1284 884 123
1327 833 1463 874 Varro
1507 832 1627 872 Sard.

120 902 254 943 venal.
292 907 335 954 13
367 902 542 943 Eumen.
575 902 640 956 2]:

281 982 473 1015 favitorem
500 981 566 1015 tibi
592 993 660 1024 me,
688 982 855 1024 amicum,
881 984 1082 1015 amatorem
1107 986 1234 1025 putes:

279 1050 351 1072 non
378 1041 413 1072 te
440 1039 491 1072 tui
520 1038 647 1072 saltem
669 1038 795 1081 pudet,
823 1039 851 1072 si
881 1039 929 1071 nil
955 1039 1024 1072 mei
1052 1040 1288 1072 revereatur?

282 1099 411 1129 contra
437 1106 519 1129 cum
545 1095 661 1139 psalte
688 1094 791 1128 Pisia
819 1098 850 1128 et
877 1106 958 1129 cum
986 1095 1093 1128 Flora
1119 1095 1262 1128 lurcare
1290 1106 1330 1127 ae
1358 1094 1501 1138 strepis.

238 1164 431 1217 Denique
470 1164 608 1204 Varro
646 1164 688 1204 in
732 1164 976 1217 septenario
1017 1163 1202 1203 iambico
1245 1177 1326 1203 non
1366 1166 1430 1203 est
1469 1162 1629 1202 veritus

125 1233 285 1273 imitari
335 1232 542 1281 comicos,
593 1233 664 1284 qui
712 1231 943 1284 aliquando
988 1235 1125 1272 totum
1172 1230 1488 1271 hemistichium
1533 1233 1630 1283 post

128 1314 349 1341 caesuram
381 1300 580 1352 positum,
612 1314 663 1340 ne
697 1300 877 1353 septimo
907 1299 1077 1352 quidem
1100 1300 1193 1340 loco
1217 1299 1401 1345 excluse,
1434 1302 1632 1338 constare

122 1368 350 1409 voluerunt
385 1369 493 1409 citra
523 1368 725 1409 iambum.
786 1368 847 1408 ita
879 1369 922 1409 in
960 1372 1090 1424 Ταφῇ
1121 1370 1366 1410 Μενίππου
1397 1367 1483 1421 [9];

285 1441 382 1486 quod
409 1452 584 1486 coeperas
610 1441 718 1475 modo
746 1441 781 1474 in
807 1442 873 1484 via,
901 1452 1028 1484 narra,
1055 1444 1094 1474 ut
1120 1441 1170 1474 ad
1197 1440 1363 1473 exodium
1391 1440 1516 1473 (lucas.

239 1511 357 1552 Arsis
379 1524 508 1563 saepe
532 1510 710 1551 solvitur
742 1510 856 1564 apud
887 1509 1143 1558 Phaedrum,
1177 1509 1251 1549 sed
1282 1509 1354 1559 ita,
1385 1513 1433 1549 ut
1462 1508 1632 1562 dactylo

122 1580 165 1620 in
197 1579 337 1633 prima
365 1579 634 1632 potissimum
667 1579 882 1631 tertiaque
916 1582 958 1619 et
980 1582 1137 1631 quarta
1173 1577 1272 1618 sede
1305 1577 1424 1618 locus
1457 1577 1523 1627 sit,
1556 1576 1631 1616 ali-

124 1651 285 1701 quanto
318 1647 458 1688 rarius
491 1646 594 1687 alibi
625 1647 887 1690 inveniatur„
929 1646 1175 1687 tribrachus
1222 1650 1264 1686 et
1305 1660 1329 1686 a
1366 1646 1502 1699 primo
1536 1648 1576 1685 et
1609 1659 1633 1684 a

124 1716 272 1769 quinto
303 1715 412 1769 pede
446 1716 503 1756 sit
532 1715 707 1756 alienus.
769 1714 884 1755 haud
927 1715 990 1755 ita
1020 1714 1314 1767 infrequenter
1346 1713 1504 1767 dactyli
1535 1726 1631 1753 con-

122 1784 278 1825 tinuati
309 1783 413 1835 duo3
452 1787 497 1825 at
528 1797 627 1824 raro
661 1783 784 1824 valde
812 1796 890 1823 1100
922 1783 1011 1823 sine
1045 1783 1166 1823 venia
1196 1782 1285 1823 fere
1314 1782 1498 1835 quadam
1533 1785 1633 1827 tres,

123 1856 171 1893 ut
215 1852 250 1902 Ι,
285 1856 320 1902 5,
352 1855 398 1903 8;
444 1852 484 1892 II
516 1851 610 1905 epil.
648 1855 690 1902 13
731 1851 800 1901 IV,
833 1855 870 1901 4,
904 1856 949 1902 43
999 1850 1083 1892 fab.
1125 1851 1290 1891 Perott.
1333 1854 1369 1895 3,
1405 1854 1449 1901 13
1493 1853 1565 1899 26,
1599 1853 1631 1889 l.

123 1920 365 1975 pyrrichius
397 1923 538 1961 autem
572 1933 649 1973 pro
689 1920 774 1960 arsi
813 1919 1032 1960 adhibitus
1075 1919 1288 1969 similiter,
1331 1922 1461 1971 atquc
1502 1917 1549 1958 fit
1592 1918 1634 1957 in

123 1988 255 2039 thesi,
297 1988 549 2041 plerumque
578 1987 798 2029 vocabulis
839 1987 1066 2041 plusquam
1114 1986 1335 2041 disyllabis
1377 1987 1632 2034 continetur,

129 2070 178 2097 ea
207 2060 351 2097 tamen
385 2056 651 2106 condicione,
693 2069 745 2097 ne
776 2057 895 2109 prior
926 2055 1092 2110 syllaba
1122 2055 1165 2095 in
1196 2054 1504 2109 paenultimam
1536 2054 1634 2094 ulti-

125 2139 290 2166 mamve
320 2124 451 2166 cadat
479 2129 660 2178 partem,
692 2124 734 2165 id
768 2124 881 2177 quod
914 2127 956 2164 et
990 2138 1014 2164 a
1046 2124 1252 2165 scaenicis
1281 2124 1453 2173 vitatur,
1487 2136 1634 2175 quam-

126 2207 255 2246 quam
295 2193 339 2234 hi
381 2192 612 2246 aliquando
655 2192 868 2247 dactylica
900 2192 1031 2233 verba
1067 2193 1109 2232 in
1140 2193 1279 2246 primo
1311 2191 1495 2233 trimetri
1527 2190 1635 2244 pede

126 2265 290 2315 ponunt
321 2275 400 2315 pro
432 2261 688 2315 spondiacis.
740 2265 805 2302 est
834 2260 908 2302 ubi
931 2260 1140 2315 disyllabo
1164 2260 1304 2301 soluta
1326 2263 1492 2301 constet
1514 2259 1635 2309 arsis,

125 2330 310 2370 maxime
341 2329 511 2382 quidem
534 2330 577 2370 in
599 2329 736 2383 primo
760 2329 864 2370 loco.
915 2330 1056 2370 rarius
1078 2328 1213 2370 multo
1237 2329 1388 2373 evenit,
1419 2332 1467 2368 ut
1488 2341 1633 2368 mono-

127 2397 291 2452 syllabo
314 2411 407 2439 cum
432 2401 637 2451 sequente
659 2397 887 2451 plusquam
915 2397 1209 2450 monosyllabo
1233 2397 1381 2438 eadem
1415 2409 1635 2448 compren-

127 2466 267 2516 datur,
299 2469 367 2507 ut:

206 2534 213 2540 ’
288 2540 529 2573 calumniator
554 2538 600 2573 ab
625 2548 686 2572 ove
713 2551 796 2573 cum
824 2542 969 2584 peteret
997 2540 1107 2573 canis.

289 2600 325 2631 et
350 2596 469 2640 rapiet
496 2595 541 2629 ad
571 2607 609 2630 se
636 2595 733 2639 quod
761 2597 829 2629 erit
855 2607 1048 2630 commune
1076 2596 1248 2629 omnium.

129 2669 359 2719 praeterea
388 2663 592 2705 notabilis
620 2664 661 2703 in
696 2664 931 2718 appendice
962 2678 1111 2706 versus
1138 2668 1203 2705 est.
1233 2664 1333 2704 talis
1366 2664 1450 2718 [10‚
1490 2664 1577 2717 lo]:

291 2755 363 2778 non
390 2746 432 2777 ut
455 2743 600 2777 labores
627 2743 731 2786 facio,
760 2743 823 2776 sed
847 2746 887 2777 ut
911 2744 1020 2777 istum
1047 2744 1192 2786 domes3

131 2812 205 2854 ubi
234 2812 474 2866 pyrrichius
504 2811 670 2852 duobus
702 2812 945 2852 cont-inetur
981 2810 1308 2865 monosyllabiS,
1350 2810 1392 2850 id
1424 2810 1537 2863 quod
1571 2825 1636 2851 re-

129 2881 264 2935 petito
293 2881 516 2933 mitigatur
550 2888 601 2920 ul.
664 2894 924 2933 quamquam
957 2880 1115 2934 poterit
1157 2879 1287 2919 scribi
1319 2883 1394 2919 secl
1425 2883 1481 2920 uti
1512 2883 1635 2920 stum..

1294 2946 1363 2980 34*
