<?xml version="1.0" encoding="UTF-8"?>
<!DOCTYPE html PUBLIC "-//W3C//DTD XHTML 1.0 Transitional//EN"
    "http://www.w3.org/TR/xhtml1/DTD/xhtml1-transitional.dtd">
<html xmlns="http://www.w3.org/1999/xhtml" xml:lang="en" lang="en">
 <head>
  <title>
</title>
<meta http-equiv="Content-Type" content="text/html;charset=utf-8" />
  <meta name='ocr-system' content='tesseract 3.04.00' />
  <meta name='ocr-capabilities' content='ocr_page ocr_carea ocr_par ocr_line ocrx_word'/>
</head>
<body>
  <div class='ocr_page' id='page_1' title='image "./deremetricapoeta00mluoft_0501.png"; bbox 0 0 1898 3292; ppageno 0'>
   <div class='ocr_carea' id='block_1_1' title="bbox 666 221 1581 261">
    <p class='ocr_par' dir='ltr' id='par_1_1' title="bbox 666 221 1581 261">
     <span class='ocr_line' id='line_1_1' title="bbox 666 221 1581 261; baseline 0.008 -7"><span class='ocrx_word' id='word_1_1' title='bbox 666 229 784 254; x_wconf 76' lang='lat' dir='ltr'><strong>LIBER</strong></span> <span class='ocrx_word' id='word_1_2' title='bbox 804 230 1005 255; x_wconf 64' lang='lat' dir='ltr'>snprnxrvs.</span> <span class='ocrx_word' id='word_1_3' title='bbox 1503 221 1581 261; x_wconf 66' lang='grc'>’477</span> 
     </span>
    </p>
   </div>
   <div class='ocr_carea' id='block_1_2' title="bbox 77 329 1584 576">
    <p class='ocr_par' dir='ltr' id='par_1_2' title="bbox 77 329 1584 576">
     <span class='ocr_line' id='line_1_2' title="bbox 80 329 1582 387; baseline 0.003 -16"><span class='ocrx_word' id='word_1_4' title='bbox 80 330 275 381; x_wconf 78' lang='lat' dir='ltr'>V1,339;</span> <span class='ocrx_word' id='word_1_5' title='bbox 307 329 513 371; x_wconf 84' lang='lat' dir='ltr'>Iuvencus</span> <span class='ocrx_word' id='word_1_6' title='bbox 544 330 595 373; x_wconf 92' lang='lat' dir='ltr'>II.</span> <span class='ocrx_word' id='word_1_7' title='bbox 629 335 702 382; x_wconf 79' lang='grc'>23;</span> <span class='ocrx_word' id='word_1_8' title='bbox 737 332 767 381; x_wconf 76' lang='lat'>1,</span> <span class='ocrx_word' id='word_1_9' title='bbox 801 336 901 383; x_wconf 72' lang='lat'>2783</span> <span class='ocrx_word' id='word_1_10' title='bbox 937 337 1037 384; x_wconf 73' lang='lat'>3253</span> <span class='ocrx_word' id='word_1_11' title='bbox 1071 334 1183 387; x_wconf 58' lang='lat'>5:35}</span> <span class='ocrx_word' id='word_1_12' title='bbox 1236 335 1296 374; x_wconf 79' lang='lat' dir='ltr'>ita</span> <span class='ocrx_word' id='word_1_13' title='bbox 1319 342 1359 374; x_wconf 85' lang='lat' dir='ltr'>et</span> <span class='ocrx_word' id='word_1_14' title='bbox 1384 334 1582 376; x_wconf 79' lang='lat' dir='ltr'>Manilius</span> 
     </span>
     <span class='ocr_line' id='line_1_3' title="bbox 78 398 1584 456; baseline 0.003 -18"><span class='ocrx_word' id='word_1_15' title='bbox 78 398 325 439; x_wconf 87' lang='lat' dir='ltr'>Lucretium</span> <span class='ocrx_word' id='word_1_16' title='bbox 357 403 528 440; x_wconf 89' lang='lat' dir='ltr'>secutus</span> <span class='ocrx_word' id='word_1_17' title='bbox 559 400 584 439; x_wconf 91' lang='lat' dir='ltr'>l.</span> <span class='ocrx_word' id='word_1_18' title='bbox 616 401 635 440; x_wconf 93' lang='lat' dir='ltr'>I</span> <span class='ocrx_word' id='word_1_19' title='bbox 666 400 757 454; x_wconf 69' lang='grc' dir='ltr'>[ὃὸ]</span> <span class='ocrx_word' id='word_1_20' title='bbox 795 400 903 441; x_wconf 79' lang='lat' dir='ltr'>dixit</span> <span class='ocrx_word' id='word_1_21' title='bbox 933 404 1067 442; x_wconf 70' lang='lat' dir='ltr'>itiner.</span> <span class='ocrx_word' id='word_1_22' title='bbox 1129 407 1355 454; x_wconf 88' lang='lat' dir='ltr'>praeterea</span> <span class='ocrx_word' id='word_1_23' title='bbox 1396 403 1468 453; x_wconf 78' lang='lat' dir='ltr'>illi,</span> <span class='ocrx_word' id='word_1_24' title='bbox 1510 404 1584 456; x_wconf 89' lang='lat' dir='ltr'>qui</span> 
     </span>
     <span class='ocr_line' id='line_1_4' title="bbox 78 468 1581 520; baseline 0.003 -13"><span class='ocrx_word' id='word_1_25' title='bbox 78 470 243 507; x_wconf 78' lang='lat' dir='ltr'>laterem</span> <span class='ocrx_word' id='word_1_26' title='bbox 285 469 326 507; x_wconf 89' lang='lat' dir='ltr'>et</span> <span class='ocrx_word' id='word_1_27' title='bbox 367 470 472 507; x_wconf 71' lang='lat' dir='ltr'>latus</span> <span class='ocrx_word' id='word_1_28' title='bbox 511 471 807 520; x_wconf 74' lang='lat' dir='ltr'>permutarent</span> <span class='ocrx_word' id='word_1_29' title='bbox 845 482 936 518; x_wconf 80' lang='lat' dir='ltr'>usu,</span> <span class='ocrx_word' id='word_1_30' title='bbox 976 469 1091 509; x_wconf 87' lang='lat' dir='ltr'>irrisi</span> <span class='ocrx_word' id='word_1_31' title='bbox 1133 468 1186 509; x_wconf 88' lang='lat' dir='ltr'>ab</span> <span class='ocrx_word' id='word_1_32' title='bbox 1225 469 1386 510; x_wconf 88' lang='lat' dir='ltr'>Lucilio</span> <span class='ocrx_word' id='word_1_33' title='bbox 1418 470 1488 511; x_wconf 87' lang='lat' dir='ltr'>lib.</span> <span class='ocrx_word' id='word_1_34' title='bbox 1522 471 1581 512; x_wconf 82' lang='lat' dir='ltr'>IX</span> 
     </span>
     <span class='ocr_line' id='line_1_5' title="bbox 77 534 388 576; baseline -0.003 0"><span class='ocrx_word' id='word_1_35' title='bbox 77 534 271 576; x_wconf 87' lang='lat' dir='ltr'>versibus</span> <span class='ocrx_word' id='word_1_36' title='bbox 302 534 388 576; x_wconf 91' lang='lat' dir='ltr'>his:</span> 
     </span>
    </p>
   </div>
   <div class='ocr_carea' id='block_1_3' title="bbox 280 614 1419 717">
    <p class='ocr_par' dir='ltr' id='par_1_3' title="bbox 280 614 1419 717">
     <span class='ocr_line' id='line_1_6' title="bbox 280 614 1304 660; baseline 0.003 -13"><span class='ocrx_word' id='word_1_37' title='bbox 280 644 310 651; x_wconf 74' lang='grc'><strong>-</strong></span> <span class='ocrx_word' id='word_1_38' title='bbox 338 614 491 649; x_wconf 87' lang='lat' dir='ltr'>laterem</span> <span class='ocrx_word' id='word_1_39' title='bbox 518 616 577 658; x_wconf 85' lang='lat' dir='ltr'>qui</span> <span class='ocrx_word' id='word_1_40' title='bbox 603 615 714 658; x_wconf 85' lang='lat' dir='ltr'>ducit,</span> <span class='ocrx_word' id='word_1_41' title='bbox 740 615 853 650; x_wconf 85' lang='lat' dir='ltr'>habet</span> <span class='ocrx_word' id='word_1_42' title='bbox 878 616 924 649; x_wconf 90' lang='lat' dir='ltr'>nil</span> <span class='ocrx_word' id='word_1_43' title='bbox 953 616 1106 660; x_wconf 83' lang='lat' dir='ltr'>amplius</span> <span class='ocrx_word' id='word_1_44' title='bbox 1132 628 1304 660; x_wconf 83' lang='lat' dir='ltr'>umquam</span> 
     </span>
     <span class='ocr_line' id='line_1_7' title="bbox 283 672 1419 717; baseline 0 -10"><span class='ocrx_word' id='word_1_45' title='bbox 283 684 390 717; x_wconf 82' lang='lat' dir='ltr'>quam</span> <span class='ocrx_word' id='word_1_46' title='bbox 417 683 609 706; x_wconf 85' lang='lat' dir='ltr'>commune</span> <span class='ocrx_word' id='word_1_47' title='bbox 635 672 751 706; x_wconf 87' lang='lat' dir='ltr'>lutum</span> <span class='ocrx_word' id='word_1_48' title='bbox 780 684 797 705; x_wconf 88' lang='lat' dir='ltr'>e</span> <span class='ocrx_word' id='word_1_49' title='bbox 823 672 936 716; x_wconf 81' lang='lat' dir='ltr'>paleis</span> <span class='ocrx_word' id='word_1_50' title='bbox 965 684 1191 717; x_wconf 83' lang='lat' dir='ltr'>caenumque</span> <span class='ocrx_word' id='word_1_51' title='bbox 1219 685 1419 708; x_wconf 61' lang='grc' dir='ltr'>ποθι-0511111,</span> 
     </span>
    </p>
   </div>
   <div class='ocr_carea' id='block_1_4' title="bbox 74 740 1580 1067">
    <p class='ocr_par' dir='ltr' id='par_1_4' title="bbox 74 740 1580 1067">
     <span class='ocr_line' id='line_1_8' title="bbox 76 740 1579 795; baseline 0.002 -14"><span class='ocrx_word' id='word_1_52' title='bbox 76 741 190 794; x_wconf 88' lang='lat' dir='ltr'>quod</span> <span class='ocrx_word' id='word_1_53' title='bbox 222 755 324 782; x_wconf 89' lang='lat' dir='ltr'>sane</span> <span class='ocrx_word' id='word_1_54' title='bbox 354 741 549 781; x_wconf 79' lang='lat' dir='ltr'>mirumst</span> <span class='ocrx_word' id='word_1_55' title='bbox 572 740 774 782; x_wconf 76' lang='lat' dir='ltr'>fefellisse</span> <span class='ocrx_word' id='word_1_56' title='bbox 797 741 1091 790; x_wconf 79' lang='lat' dir='ltr'>Schmidtium,</span> <span class='ocrx_word' id='word_1_57' title='bbox 1122 741 1236 782; x_wconf 87' lang='lat' dir='ltr'>illius</span> <span class='ocrx_word' id='word_1_58' title='bbox 1261 743 1332 795; x_wconf 91' lang='lat' dir='ltr'>qui</span> <span class='ocrx_word' id='word_1_59' title='bbox 1356 743 1579 784; x_wconf 83' lang='lat' dir='ltr'>voluminis</span> 
     </span>
     <span class='ocr_line' id='line_1_9' title="bbox 75 809 1580 864; baseline 0.002 -15"><span class='ocrx_word' id='word_1_60' title='bbox 75 809 318 862; x_wconf 79' lang='lat' dir='ltr'>fragmenta</span> <span class='ocrx_word' id='word_1_61' title='bbox 350 809 405 849; x_wconf 85' lang='lat' dir='ltr'>ad</span> <span class='ocrx_word' id='word_1_62' title='bbox 438 822 505 849; x_wconf 90' lang='lat' dir='ltr'>res</span> <span class='ocrx_word' id='word_1_63' title='bbox 537 810 841 862; x_wconf 84' lang='lat' dir='ltr'>grammaticas</span> <span class='ocrx_word' id='word_1_64' title='bbox 864 810 1124 862; x_wconf 72' lang='lat' dir='ltr'>pertinentia</span> <span class='ocrx_word' id='word_1_65' title='bbox 1154 810 1341 850; x_wconf 82' lang='lat' dir='ltr'>scholico</span> <span class='ocrx_word' id='word_1_66' title='bbox 1375 812 1580 864; x_wconf 84' lang='lat' dir='ltr'>opusculo</span> 
     </span>
     <span class='ocr_line' id='line_1_10' title="bbox 75 877 1580 934; baseline 0.002 -17"><span class='ocrx_word' id='word_1_67' title='bbox 75 878 304 918; x_wconf 81' lang='lat' dir='ltr'>enarravit.</span> <span class='ocrx_word' id='word_1_68' title='bbox 375 890 503 930; x_wconf 91' lang='lat' dir='ltr'>porro</span> <span class='ocrx_word' id='word_1_69' title='bbox 548 877 658 918; x_wconf 90' lang='lat' dir='ltr'>sicut</span> <span class='ocrx_word' id='word_1_70' title='bbox 700 877 860 918; x_wconf 88' lang='lat' dir='ltr'>Ennius</span> <span class='ocrx_word' id='word_1_71' title='bbox 906 881 990 928; x_wconf 73' lang='lat' dir='ltr'>lasti</span> <span class='ocrx_word' id='word_1_72' title='bbox 1036 877 1176 934; x_wconf 69' lang='lat'>[421]‚</span> <span class='ocrx_word' id='word_1_73' title='bbox 1223 878 1428 919; x_wconf 80' lang='lat' dir='ltr'>Paulinus</span> <span class='ocrx_word' id='word_1_74' title='bbox 1474 880 1580 920; x_wconf 86' lang='lat' dir='ltr'>dixit</span> 
     </span>
     <span class='ocr_line' id='line_1_11' title="bbox 75 944 1580 999; baseline 0.002 -14"><span class='ocrx_word' id='word_1_75' title='bbox 75 945 160 999; x_wconf 87' lang='lat'>[21‚</span> <span class='ocrx_word' id='word_1_76' title='bbox 193 945 293 999; x_wconf 78' lang='lat'><strong>376]</strong></span> <span class='ocrx_word' id='word_1_77' title='bbox 332 944 532 998; x_wconf 82' lang='lat' dir='ltr'>gignendi</span> <span class='ocrx_word' id='word_1_78' title='bbox 573 959 675 986; x_wconf 88' lang='lat' dir='ltr'>casu</span> <span class='ocrx_word' id='word_1_79' title='bbox 717 949 887 997; x_wconf 66' lang='lat' dir='ltr'>sanquis</span> <span class='ocrx_word' id='word_1_80' title='bbox 927 959 1004 987; x_wconf 91' lang='lat' dir='ltr'>nec</span> <span class='ocrx_word' id='word_1_81' title='bbox 1042 946 1168 987; x_wconf 84' lang='lat' dir='ltr'>aliter</span> <span class='ocrx_word' id='word_1_82' title='bbox 1209 947 1496 988; x_wconf 85' lang='lat' dir='ltr'>auctorlibri</span> <span class='ocrx_word' id='word_1_83' title='bbox 1538 949 1580 988; x_wconf 91' lang='lat' dir='ltr'>in</span> 
     </span>
     <span class='ocr_line' id='line_1_12' title="bbox 74 1013 737 1067; baseline 0.002 -14"><span class='ocrx_word' id='word_1_84' title='bbox 74 1013 249 1065; x_wconf 85' lang='lat' dir='ltr'>genesin</span> <span class='ocrx_word' id='word_1_85' title='bbox 280 1027 474 1065; x_wconf 69' lang='lat' dir='ltr'>sanyuem</span> <span class='ocrx_word' id='word_1_86' title='bbox 504 1013 563 1054; x_wconf 84' lang='lat' dir='ltr'>ita</span> <span class='ocrx_word' id='word_1_87' title='bbox 597 1013 737 1067; x_wconf 68' lang='lat'>[638]:</span> 
     </span>
    </p>
   </div>
   <div class='ocr_carea' id='block_1_5' title="bbox 279 1093 1190 1196">
    <p class='ocr_par' dir='ltr' id='par_1_5' title="bbox 279 1093 1190 1196">
     <span class='ocr_line' id='line_1_13' title="bbox 643 1093 1190 1138; baseline 0.005 -12"><span class='ocrx_word' id='word_1_88' title='bbox 643 1093 765 1127; x_wconf 84' lang='lat' dir='ltr'>fratris</span> <span class='ocrx_word' id='word_1_89' title='bbox 792 1105 873 1126; x_wconf 84' lang='lat' dir='ltr'>nam</span> <span class='ocrx_word' id='word_1_90' title='bbox 899 1095 1062 1138; x_wconf 82' lang='lat' dir='ltr'>germine</span> <span class='ocrx_word' id='word_1_91' title='bbox 1091 1100 1190 1129; x_wconf 82' lang='lat' dir='ltr'>creta</span> 
     </span>
     <span class='ocr_line' id='line_1_14' title="bbox 279 1148 1172 1196; baseline 0.003 -14"><span class='ocrx_word' id='word_1_92' title='bbox 279 1148 388 1183; x_wconf 83' lang='lat' dir='ltr'>Sarra</span> <span class='ocrx_word' id='word_1_93' title='bbox 411 1149 480 1183; x_wconf 89' lang='lat' dir='ltr'>fuit</span> <span class='ocrx_word' id='word_1_94' title='bbox 506 1149 629 1183; x_wconf 82' lang='lat' dir='ltr'>iuncta</span> <span class='ocrx_word' id='word_1_95' title='bbox 656 1150 841 1184; x_wconf 84' lang='lat' dir='ltr'>deducens</span> <span class='ocrx_word' id='word_1_96' title='bbox 866 1151 961 1185; x_wconf 85' lang='lat' dir='ltr'>linea</span> <span class='ocrx_word' id='word_1_97' title='bbox 987 1162 1172 1196; x_wconf 80' lang='lat' dir='ltr'>sanguem.</span> 
     </span>
    </p>
   </div>
   <div class='ocr_carea' id='block_1_6' title="bbox 38 1216 1581 2977">
    <p class='ocr_par' dir='ltr' id='par_1_6' title="bbox 68 1216 1581 1819">
     <span class='ocr_line' id='line_1_15' title="bbox 72 1216 1579 1274; baseline 0.004 -17"><span class='ocrx_word' id='word_1_98' title='bbox 72 1218 182 1258; x_wconf 87' lang='lat' dir='ltr'>mira</span> <span class='ocrx_word' id='word_1_99' title='bbox 219 1216 293 1258; x_wconf 92' lang='lat' dir='ltr'>illa</span> <span class='ocrx_word' id='word_1_100' title='bbox 329 1217 481 1259; x_wconf 84' lang='lat' dir='ltr'>Lucilii</span> <span class='ocrx_word' id='word_1_101' title='bbox 519 1223 747 1269; x_wconf 73' lang='lat' dir='ltr'>acceptoris</span> <span class='ocrx_word' id='word_1_102' title='bbox 790 1219 883 1273; x_wconf 88' lang='lat' dir='ltr'>[lib.</span> <span class='ocrx_word' id='word_1_103' title='bbox 924 1220 1002 1260; x_wconf 89' lang='lat' dir='ltr'>inc.</span> <span class='ocrx_word' id='word_1_104' title='bbox 1047 1220 1124 1274; x_wconf 87' lang='grc'>92]</span> <span class='ocrx_word' id='word_1_105' title='bbox 1166 1234 1244 1273; x_wconf 91' lang='lat' dir='ltr'>pro</span> <span class='ocrx_word' id='word_1_106' title='bbox 1287 1224 1497 1271; x_wconf 57' lang='lat' dir='ltr'>accipistis</span> <span class='ocrx_word' id='word_1_107' title='bbox 1538 1226 1579 1263; x_wconf 87' lang='lat' dir='ltr'>et</span> 
     </span>
     <span class='ocr_line' id='line_1_16' title="bbox 74 1285 1581 1341; baseline 0.003 -15"><span class='ocrx_word' id='word_1_108' title='bbox 74 1285 289 1326; x_wconf 79' lang='lat' dir='ltr'>Martialis</span> <span class='ocrx_word' id='word_1_109' title='bbox 331 1285 465 1340; x_wconf 81' lang='lat' dir='ltr'>[XIIL</span> <span class='ocrx_word' id='word_1_110' title='bbox 502 1289 568 1328; x_wconf 82' lang='lat'>91.</span> <span class='ocrx_word' id='word_1_111' title='bbox 604 1286 644 1340; x_wconf 88' lang='lat'>1]</span> <span class='ocrx_word' id='word_1_112' title='bbox 689 1290 930 1338; x_wconf 73' lang='lat' dir='ltr'>acipensem.</span> <span class='ocrx_word' id='word_1_113' title='bbox 998 1292 1085 1328; x_wconf 88' lang='lat' dir='ltr'>tum</span> <span class='ocrx_word' id='word_1_114' title='bbox 1130 1292 1304 1341; x_wconf 86' lang='lat' dir='ltr'>praeter</span> <span class='ocrx_word' id='word_1_115' title='bbox 1348 1302 1495 1330; x_wconf 85' lang='lat' dir='ltr'>cascos</span> <span class='ocrx_word' id='word_1_116' title='bbox 1538 1294 1581 1330; x_wconf 89' lang='lat' dir='ltr'>et-</span> 
     </span>
     <span class='ocr_line' id='line_1_17' title="bbox 73 1354 1578 1409; baseline 0.003 -15"><span class='ocrx_word' id='word_1_117' title='bbox 73 1354 261 1395; x_wconf 91' lang='lat' dir='ltr'>novellos</span> <span class='ocrx_word' id='word_1_118' title='bbox 284 1354 327 1394; x_wconf 92' lang='lat' dir='ltr'>in</span> <span class='ocrx_word' id='word_1_119' title='bbox 357 1357 480 1395; x_wconf 87' lang='lat' dir='ltr'>usust</span> <span class='ocrx_word' id='word_1_120' title='bbox 512 1368 717 1406; x_wconf 72' lang='lat' dir='ltr'>propayo,</span> <span class='ocrx_word' id='word_1_121' title='bbox 749 1369 832 1396; x_wconf 92' lang='lat' dir='ltr'>non</span> <span class='ocrx_word' id='word_1_122' title='bbox 868 1369 1090 1407; x_wconf 61' lang='lat' dir='ltr'>propasses.</span> <span class='ocrx_word' id='word_1_123' title='bbox 1144 1356 1249 1397; x_wconf 88' lang='lat' dir='ltr'>illud</span> <span class='ocrx_word' id='word_1_124' title='bbox 1273 1356 1578 1409; x_wconf 88' lang='lat' dir='ltr'>adnotandum,</span> 
     </span>
     <span class='ocr_line' id='line_1_18' title="bbox 71 1421 1578 1479; baseline 0.002 -16"><span class='ocrx_word' id='word_1_125' title='bbox 71 1422 185 1475; x_wconf 89' lang='lat' dir='ltr'>quod</span> <span class='ocrx_word' id='word_1_126' title='bbox 217 1421 272 1463; x_wconf 89' lang='lat' dir='ltr'>ab</span> <span class='ocrx_word' id='word_1_127' title='bbox 306 1422 441 1463; x_wconf 89' lang='lat' dir='ltr'>Ennio</span> <span class='ocrx_word' id='word_1_128' title='bbox 478 1423 590 1477; x_wconf 89' lang='lat' dir='ltr'>[ann.</span> <span class='ocrx_word' id='word_1_129' title='bbox 625 1424 724 1477; x_wconf 66' lang='lat'><em>1387]</em></span> <span class='ocrx_word' id='word_1_130' title='bbox 755 1423 915 1465; x_wconf 88' lang='lat' dir='ltr'>dictum</span> <span class='ocrx_word' id='word_1_131' title='bbox 949 1438 1181 1475; x_wconf 67' lang='lat' dir='ltr'>prolmqen.</span> <span class='ocrx_word' id='word_1_132' title='bbox 1245 1428 1396 1466; x_wconf 89' lang='lat' dir='ltr'>contra</span> <span class='ocrx_word' id='word_1_133' title='bbox 1429 1426 1578 1479; x_wconf 90' lang='lat' dir='ltr'>optimi</span> 
     </span>
     <span class='ocr_line' id='line_1_19' title="bbox 71 1490 1575 1546; baseline 0.003 -15"><span class='ocrx_word' id='word_1_134' title='bbox 71 1494 270 1532; x_wconf 81' lang='lat' dir='ltr'>auctores</span> <span class='ocrx_word' id='word_1_135' title='bbox 292 1490 380 1532; x_wconf 87' lang='lat' dir='ltr'>fere</span> <span class='ocrx_word' id='word_1_136' title='bbox 402 1495 638 1544; x_wconf 88' lang='lat' dir='ltr'>posuerunt</span> <span class='ocrx_word' id='word_1_137' title='bbox 659 1505 903 1543; x_wconf 67' lang='lat' dir='ltr'>compaqem,</span> <span class='ocrx_word' id='word_1_138' title='bbox 922 1506 1127 1544; x_wconf 63' lang='lat' dir='ltr'>compaye.</span> <span class='ocrx_word' id='word_1_139' title='bbox 1147 1496 1349 1545; x_wconf 67' lang='lat' dir='ltr'>ambayes,</span> <span class='ocrx_word' id='word_1_140' title='bbox 1368 1497 1575 1546; x_wconf 69' lang='lat' dir='ltr'>induye&#39;ne.</span> 
     </span>
     <span class='ocr_line' id='line_1_20' title="bbox 68 1558 1577 1616; baseline 0.003 -17"><span class='ocrx_word' id='word_1_141' title='bbox 68 1562 214 1600; x_wconf 89' lang='lat' dir='ltr'>tamen</span> <span class='ocrx_word' id='word_1_142' title='bbox 236 1558 351 1613; x_wconf 87' lang='lat' dir='ltr'>apud</span> <span class='ocrx_word' id='word_1_143' title='bbox 374 1558 594 1600; x_wconf 83' lang='lat' dir='ltr'>Manilium</span> <span class='ocrx_word' id='word_1_144' title='bbox 626 1560 842 1613; x_wconf 86' lang='lat' dir='ltr'>reperitur</span> <span class='ocrx_word' id='word_1_145' title='bbox 873 1561 961 1615; x_wconf 83' lang='lat' dir='ltr'>[1V‚</span> <span class='ocrx_word' id='word_1_146' title='bbox 986 1562 1084 1615; x_wconf 73' lang='lat'>304]</span> <span class='ocrx_word' id='word_1_147' title='bbox 1117 1564 1342 1613; x_wconf 62' lang='lat' dir='ltr'>aznbayhoe,</span> <span class='ocrx_word' id='word_1_148' title='bbox 1373 1562 1499 1616; x_wconf 89' lang='lat' dir='ltr'>plane</span> <span class='ocrx_word' id='word_1_149' title='bbox 1531 1566 1577 1604; x_wconf 90' lang='lat' dir='ltr'>ut</span> 
     </span>
     <span class='ocr_line' id='line_1_21' title="bbox 69 1626 1575 1684; baseline 0.002 -17"><span class='ocrx_word' id='word_1_150' title='bbox 69 1626 184 1680; x_wconf 90' lang='lat' dir='ltr'>apud</span> <span class='ocrx_word' id='word_1_151' title='bbox 216 1626 495 1668; x_wconf 78' lang='lat' dir='ltr'>Prudentiun]</span> <span class='ocrx_word' id='word_1_152' title='bbox 527 1630 695 1679; x_wconf 71' lang='lat' dir='ltr'>amhayo</span> <span class='ocrx_word' id='word_1_153' title='bbox 727 1632 769 1669; x_wconf 90' lang='lat' dir='ltr'>et</span> <span class='ocrx_word' id='word_1_154' title='bbox 800 1632 950 1680; x_wconf 70' lang='lat' dir='ltr'>indaye</span> <span class='ocrx_word' id='word_1_155' title='bbox 982 1629 1033 1683; x_wconf 87' lang='lat' dir='ltr'>[c.</span> <span class='ocrx_word' id='word_1_156' title='bbox 1064 1629 1218 1683; x_wconf 68' lang='lat' dir='ltr'>Symm.</span> <span class='ocrx_word' id='word_1_157' title='bbox 1241 1630 1293 1672; x_wconf 75' lang='grc' dir='ltr'>ΙΙ,</span> <span class='ocrx_word' id='word_1_158' title='bbox 1323 1634 1427 1682; x_wconf 82' lang='grc'>847;</span> <span class='ocrx_word' id='word_1_159' title='bbox 1461 1631 1575 1684; x_wconf 64' lang='lat'>846}</span> 
     </span>
     <span class='ocr_line' id='line_1_22' title="bbox 69 1695 1575 1748; baseline 0.003 -13"><span class='ocrx_word' id='word_1_160' title='bbox 69 1695 252 1748; x_wconf 89' lang='lat' dir='ltr'>denique</span> <span class='ocrx_word' id='word_1_161' title='bbox 295 1695 537 1736; x_wconf 87' lang='lat' dir='ltr'>crebrumst</span> <span class='ocrx_word' id='word_1_162' title='bbox 576 1696 681 1737; x_wconf 91' lang='lat' dir='ltr'>satis</span> <span class='ocrx_word' id='word_1_163' title='bbox 722 1710 802 1738; x_wconf 90' lang='lat' dir='ltr'>usu</span> <span class='ocrx_word' id='word_1_164' title='bbox 842 1696 948 1738; x_wconf 88' lang='lat' dir='ltr'>illud</span> <span class='ocrx_word' id='word_1_165' title='bbox 992 1701 1146 1748; x_wconf 74' lang='lat' dir='ltr'>impete,</span> <span class='ocrx_word' id='word_1_166' title='bbox 1198 1712 1292 1739; x_wconf 88' lang='lat' dir='ltr'>cum</span> <span class='ocrx_word' id='word_1_167' title='bbox 1339 1699 1471 1740; x_wconf 87' lang='lat' dir='ltr'>semel</span> <span class='ocrx_word' id='word_1_168' title='bbox 1512 1699 1575 1739; x_wconf 89' lang='lat' dir='ltr'>in—</span> 
     </span>
     <span class='ocr_line' id='line_1_23' title="bbox 68 1763 859 1819; baseline 0.001 -15"><span class='ocrx_word' id='word_1_169' title='bbox 68 1763 266 1804; x_wconf 87' lang='lat' dir='ltr'>veniatur</span> <span class='ocrx_word' id='word_1_170' title='bbox 295 1766 452 1814; x_wconf 77' lang='lat' dir='ltr'>impetis</span> <span class='ocrx_word' id='word_1_171' title='bbox 483 1763 605 1805; x_wconf 90' lang='lat' dir='ltr'>Lucr.</span> <span class='ocrx_word' id='word_1_172' title='bbox 639 1764 696 1805; x_wconf 90' lang='lat' dir='ltr'>VI</span> <span class='ocrx_word' id='word_1_173' title='bbox 726 1765 859 1819; x_wconf 62' lang='lat'><strong>[327]</strong></span> 
     </span>
    </p>

    <p class='ocr_par' dir='ltr' id='par_1_7' title="bbox 64 1832 1574 2232">
     <span class='ocr_line' id='line_1_24' title="bbox 182 1832 1572 1886; baseline 0.003 -14"><span class='ocrx_word' id='word_1_174' title='bbox 182 1832 237 1873; x_wconf 92' lang='lat' dir='ltr'>At</span> <span class='ocrx_word' id='word_1_175' title='bbox 267 1832 479 1873; x_wconf 88' lang='lat' dir='ltr'>soloecum</span> <span class='ocrx_word' id='word_1_176' title='bbox 511 1832 648 1886; x_wconf 86' lang='lat' dir='ltr'>plane,</span> <span class='ocrx_word' id='word_1_177' title='bbox 685 1833 799 1886; x_wconf 89' lang='lat' dir='ltr'>quod</span> <span class='ocrx_word' id='word_1_178' title='bbox 832 1833 1005 1883; x_wconf 89' lang='lat' dir='ltr'>Ennius,</span> <span class='ocrx_word' id='word_1_179' title='bbox 1048 1834 1273 1876; x_wconf 80' lang='lat' dir='ltr'>duodecim</span> <span class='ocrx_word' id='word_1_180' title='bbox 1303 1834 1475 1876; x_wconf 87' lang='lat' dir='ltr'>tabulas</span> <span class='ocrx_word' id='word_1_181' title='bbox 1508 1849 1572 1876; x_wconf 92' lang='lat' dir='ltr'>se-</span> 
     </span>
     <span class='ocr_line' id='line_1_25' title="bbox 67 1899 1572 1957; baseline 0.003 -16"><span class='ocrx_word' id='word_1_182' title='bbox 67 1903 204 1950; x_wconf 79' lang='lat' dir='ltr'>cutus,</span> <span class='ocrx_word' id='word_1_183' title='bbox 235 1899 457 1941; x_wconf 84' lang='lat' dir='ltr'>auferendi</span> <span class='ocrx_word' id='word_1_184' title='bbox 491 1914 592 1942; x_wconf 90' lang='lat' dir='ltr'>casu</span> <span class='ocrx_word' id='word_1_185' title='bbox 622 1902 794 1954; x_wconf 84' lang='lat' dir='ltr'>scripsit</span> <span class='ocrx_word' id='word_1_186' title='bbox 825 1916 907 1942; x_wconf 62' lang='lat' dir='ltr'>noar</span> <span class='ocrx_word' id='word_1_187' title='bbox 940 1903 1052 1956; x_wconf 84' lang='lat' dir='ltr'>[ann.</span> <span class='ocrx_word' id='word_1_188' title='bbox 1087 1903 1209 1957; x_wconf 68' lang='lat'>4:39]‚</span> <span class='ocrx_word' id='word_1_189' title='bbox 1243 1903 1353 1944; x_wconf 87' lang='lat' dir='ltr'>sicut</span> <span class='ocrx_word' id='word_1_190' title='bbox 1384 1903 1572 1945; x_wconf 89' lang='lat' dir='ltr'>Lucilius</span> 
     </span>
     <span class='ocr_line' id='line_1_26' title="bbox 66 1967 1572 2025; baseline 0.003 -17"><span class='ocrx_word' id='word_1_191' title='bbox 66 1968 158 2023; x_wconf 88' lang='lat'>[111‚</span> <span class='ocrx_word' id='word_1_192' title='bbox 192 1967 259 2024; x_wconf 80' lang='lat'>15]</span> <span class='ocrx_word' id='word_1_193' title='bbox 292 1972 424 2009; x_wconf 74' lang='lat' dir='ltr'>media</span> <span class='ocrx_word' id='word_1_194' title='bbox 456 1983 556 2017; x_wconf 59' lang='grc' dir='ltr'>ηοω,</span> <span class='ocrx_word' id='word_1_195' title='bbox 590 1969 662 2022; x_wconf 90' lang='lat' dir='ltr'>qui</span> <span class='ocrx_word' id='word_1_196' title='bbox 694 1983 778 2010; x_wconf 89' lang='lat' dir='ltr'>non</span> <span class='ocrx_word' id='word_1_197' title='bbox 810 1970 944 2011; x_wconf 86' lang='lat' dir='ltr'>multo</span> <span class='ocrx_word' id='word_1_198' title='bbox 977 1971 1126 2011; x_wconf 90' lang='lat' dir='ltr'>melius</span> <span class='ocrx_word' id='word_1_199' title='bbox 1158 1974 1255 2012; x_wconf 78' lang='lat' dir='ltr'>milli</span> <span class='ocrx_word' id='word_1_200' title='bbox 1287 1971 1458 2012; x_wconf 80' lang='lat' dir='ltr'>admisit</span> <span class='ocrx_word' id='word_1_201' title='bbox 1494 1985 1572 2025; x_wconf 89' lang='lat' dir='ltr'>pro</span> 
     </span>
     <span class='ocr_line' id='line_1_27' title="bbox 64 2035 1574 2094; baseline 0.003 -18"><span class='ocrx_word' id='word_1_202' title='bbox 64 2039 169 2076; x_wconf 79' lang='lat' dir='ltr'>mille</span> <span class='ocrx_word' id='word_1_203' title='bbox 214 2035 310 2090; x_wconf 89' lang='lat' dir='ltr'>[IX,</span> <span class='ocrx_word' id='word_1_204' title='bbox 344 2038 418 2087; x_wconf 79' lang='lat'>393</span> <span class='ocrx_word' id='word_1_205' title='bbox 461 2035 549 2087; x_wconf 81' lang='lat' dir='ltr'>XV,</span> <span class='ocrx_word' id='word_1_206' title='bbox 591 2037 645 2091; x_wconf 81' lang='lat'>5].</span> <span class='ocrx_word' id='word_1_207' title='bbox 715 2041 943 2090; x_wconf 87' lang='lat' dir='ltr'>praeterea</span> <span class='ocrx_word' id='word_1_208' title='bbox 988 2038 1137 2079; x_wconf 88' lang='lat' dir='ltr'>eodem</span> <span class='ocrx_word' id='word_1_209' title='bbox 1183 2052 1285 2080; x_wconf 88' lang='lat' dir='ltr'>casu</span> <span class='ocrx_word' id='word_1_210' title='bbox 1332 2040 1574 2094; x_wconf 82' lang='lat' dir='ltr'>complures</span> 
     </span>
     <span class='ocr_line' id='line_1_28' title="bbox 65 2103 1570 2165; baseline 0.003 -20"><span class='ocrx_word' id='word_1_211' title='bbox 65 2103 180 2157; x_wconf 89' lang='lat' dir='ltr'>apud</span> <span class='ocrx_word' id='word_1_212' title='bbox 222 2108 422 2146; x_wconf 85' lang='lat' dir='ltr'>auctores</span> <span class='ocrx_word' id='word_1_213' title='bbox 458 2108 627 2159; x_wconf 83' lang='lat' dir='ltr'>prostat</span> <span class='ocrx_word' id='word_1_214' title='bbox 666 2120 791 2156; x_wconf 81' lang='lat' dir='ltr'>mare,</span> <span class='ocrx_word' id='word_1_215' title='bbox 832 2107 946 2161; x_wconf 86' lang='lat' dir='ltr'>apud</span> <span class='ocrx_word' id='word_1_216' title='bbox 979 2107 1209 2162; x_wconf 86' lang='lat' dir='ltr'>Corippum</span> <span class='ocrx_word' id='word_1_217' title='bbox 1251 2108 1353 2163; x_wconf 86' lang='lat' dir='ltr'>[ioh.</span> <span class='ocrx_word' id='word_1_218' title='bbox 1389 2109 1434 2159; x_wconf 83' lang='lat' dir='ltr'>V,</span> <span class='ocrx_word' id='word_1_219' title='bbox 1472 2108 1570 2165; x_wconf 84' lang='grc'>671]</span> 
     </span>
     <span class='ocr_line' id='line_1_29' title="bbox 64 2172 1073 2232; baseline 0.005 -20"><span class='ocrx_word' id='word_1_220' title='bbox 64 2175 225 2221; x_wconf 74' lang='lat' dir='ltr'>missile,</span> <span class='ocrx_word' id='word_1_221' title='bbox 256 2172 370 2226; x_wconf 88' lang='lat' dir='ltr'>apud</span> <span class='ocrx_word' id='word_1_222' title='bbox 399 2172 626 2215; x_wconf 86' lang='lat' dir='ltr'>Boethium</span> <span class='ocrx_word' id='word_1_223' title='bbox 661 2175 753 2229; x_wconf 67' lang='lat' dir='ltr'>[HL</span> <span class='ocrx_word' id='word_1_224' title='bbox 789 2179 852 2226; x_wconf 78' lang='lat'>12,</span> <span class='ocrx_word' id='word_1_225' title='bbox 885 2175 953 2232; x_wconf 78' lang='lat'>36]</span> <span class='ocrx_word' id='word_1_226' title='bbox 987 2179 1073 2217; x_wconf 72' lang='lat' dir='ltr'>sile.</span> 
     </span>
    </p>

    <p class='ocr_par' dir='ltr' id='par_1_8' title="bbox 38 2240 1572 2843">
     <span class='ocr_line' id='line_1_30' title="bbox 178 2240 1572 2296; baseline 0.004 -16"><span class='ocrx_word' id='word_1_227' title='bbox 178 2240 344 2281; x_wconf 89' lang='lat' dir='ltr'>Deinde</span> <span class='ocrx_word' id='word_1_228' title='bbox 385 2240 428 2281; x_wconf 89' lang='lat' dir='ltr'>in</span> <span class='ocrx_word' id='word_1_229' title='bbox 468 2241 529 2282; x_wconf 89' lang='lat' dir='ltr'>eis</span> <span class='ocrx_word' id='word_1_230' title='bbox 571 2241 725 2291; x_wconf 89' lang='lat' dir='ltr'>verbis,</span> <span class='ocrx_word' id='word_1_231' title='bbox 769 2257 897 2296; x_wconf 88' lang='lat' dir='ltr'>quae,</span> <span class='ocrx_word' id='word_1_232' title='bbox 945 2257 1039 2285; x_wconf 85' lang='lat' dir='ltr'>cum</span> <span class='ocrx_word' id='word_1_233' title='bbox 1082 2248 1202 2285; x_wconf 89' lang='lat' dir='ltr'>recto</span> <span class='ocrx_word' id='word_1_234' title='bbox 1239 2257 1342 2286; x_wconf 86' lang='lat' dir='ltr'>casu</span> <span class='ocrx_word' id='word_1_235' title='bbox 1382 2244 1572 2286; x_wconf 82' lang='lat' dir='ltr'>habeant</span> 
     </span>
     <span class='ocr_line' id='line_1_31' title="bbox 65 2308 1571 2366; baseline 0.003 -18"><span class='ocrx_word' id='word_1_236' title='bbox 65 2311 111 2356; x_wconf 78' lang='lat' dir='ltr'>is,</span> <span class='ocrx_word' id='word_1_237' title='bbox 153 2308 319 2361; x_wconf 88' lang='lat' dir='ltr'>pariter</span> <span class='ocrx_word' id='word_1_238' title='bbox 350 2308 582 2350; x_wconf 88' lang='lat' dir='ltr'>admittunt</span> <span class='ocrx_word' id='word_1_239' title='bbox 612 2324 669 2351; x_wconf 86' lang='lat' dir='ltr'>em</span> <span class='ocrx_word' id='word_1_240' title='bbox 702 2313 743 2351; x_wconf 87' lang='lat' dir='ltr'>et</span> <span class='ocrx_word' id='word_1_241' title='bbox 776 2314 838 2360; x_wconf 71' lang='lat' dir='ltr'>im,</span> <span class='ocrx_word' id='word_1_242' title='bbox 881 2325 902 2352; x_wconf 84' lang='lat' dir='ltr'>e</span> <span class='ocrx_word' id='word_1_243' title='bbox 934 2315 976 2353; x_wconf 93' lang='lat' dir='ltr'>et</span> <span class='ocrx_word' id='word_1_244' title='bbox 1006 2316 1032 2361; x_wconf 78' lang='grc' dir='ltr'>ἱ,</span> <span class='ocrx_word' id='word_1_245' title='bbox 1075 2326 1116 2352; x_wconf 75' lang='lat' dir='ltr'>es</span> <span class='ocrx_word' id='word_1_246' title='bbox 1148 2315 1191 2353; x_wconf 92' lang='lat' dir='ltr'>et</span> <span class='ocrx_word' id='word_1_247' title='bbox 1221 2315 1268 2361; x_wconf 60' lang='grc' dir='ltr'>εἰς,</span> <span class='ocrx_word' id='word_1_248' title='bbox 1305 2315 1461 2366; x_wconf 87' lang='lat' dir='ltr'>poetae</span> <span class='ocrx_word' id='word_1_249' title='bbox 1493 2327 1571 2366; x_wconf 88' lang='lat' dir='ltr'>pro</span> 
     </span>
     <span class='ocr_line' id='line_1_32' title="bbox 63 2376 1568 2435; baseline 0.003 -19"><span class='ocrx_word' id='word_1_250' title='bbox 63 2376 319 2417; x_wconf 85' lang='lat' dir='ltr'>necessitate</span> <span class='ocrx_word' id='word_1_251' title='bbox 358 2390 506 2418; x_wconf 87' lang='lat' dir='ltr'>versus</span> <span class='ocrx_word' id='word_1_252' title='bbox 547 2380 589 2418; x_wconf 90' lang='lat' dir='ltr'>et</span> <span class='ocrx_word' id='word_1_253' title='bbox 632 2378 723 2418; x_wconf 88' lang='lat' dir='ltr'>soni</span> <span class='ocrx_word' id='word_1_254' title='bbox 765 2379 984 2420; x_wconf 90' lang='lat' dir='ltr'>commodo</span> <span class='ocrx_word' id='word_1_255' title='bbox 1026 2379 1186 2421; x_wconf 87' lang='lat' dir='ltr'>formas</span> <span class='ocrx_word' id='word_1_256' title='bbox 1228 2380 1450 2421; x_wconf 87' lang='lat' dir='ltr'>variarunt</span> <span class='ocrx_word' id='word_1_257' title='bbox 1498 2381 1568 2435; x_wconf 89' lang='lat' dir='ltr'>[cf.</span> 
     </span>
     <span class='ocr_line' id='line_1_33' title="bbox 64 2443 1568 2501; baseline 0.003 -17"><span class='ocrx_word' id='word_1_258' title='bbox 64 2443 170 2484; x_wconf 87' lang='lat' dir='ltr'>Gell.</span> <span class='ocrx_word' id='word_1_259' title='bbox 194 2443 307 2494; x_wconf 86' lang='lat' dir='ltr'>XIII,</span> <span class='ocrx_word' id='word_1_260' title='bbox 330 2447 396 2495; x_wconf 84' lang='lat'>21,</span> <span class='ocrx_word' id='word_1_261' title='bbox 419 2449 444 2485; x_wconf 87' lang='lat'>4</span> <span class='ocrx_word' id='word_1_262' title='bbox 467 2444 590 2501; x_wconf 85' lang='lat' dir='ltr'>sqq.],</span> <span class='ocrx_word' id='word_1_263' title='bbox 623 2459 803 2499; x_wconf 88' lang='lat' dir='ltr'>quorum</span> <span class='ocrx_word' id='word_1_264' title='bbox 834 2461 1011 2488; x_wconf 88' lang='lat' dir='ltr'>numero</span> <span class='ocrx_word' id='word_1_265' title='bbox 1044 2448 1332 2501; x_wconf 86' lang='lat' dir='ltr'>antiquissimi</span> <span class='ocrx_word' id='word_1_266' title='bbox 1363 2449 1568 2489; x_wconf 86' lang='lat' dir='ltr'>accedere</span> 
     </span>
     <span class='ocr_line' id='line_1_34' title="bbox 38 2511 1569 2569; baseline 0.003 -17"><span class='ocrx_word' id='word_1_267' title='bbox 38 2511 288 2553; x_wconf 25' lang='lat' dir='ltr'>*voluerant</span> <span class='ocrx_word' id='word_1_268' title='bbox 324 2512 537 2565; x_wconf 89' lang='lat' dir='ltr'>quaedam</span> <span class='ocrx_word' id='word_1_269' title='bbox 577 2527 602 2554; x_wconf 88' lang='lat' dir='ltr'>a</span> <span class='ocrx_word' id='word_1_270' title='bbox 630 2514 935 2568; x_wconf 76' lang='lat' dir='ltr'>monosyllabis</span> <span class='ocrx_word' id='word_1_271' title='bbox 963 2516 1233 2569; x_wconf 87' lang='lat' dir='ltr'>potissimum</span> <span class='ocrx_word' id='word_1_272' title='bbox 1263 2516 1569 2557; x_wconf 85' lang='lat' dir='ltr'>descendentia</span> 
     </span>
     <span class='ocr_line' id='line_1_35' title="bbox 61 2577 1568 2636; baseline 0.004 -17"><span class='ocrx_word' id='word_1_273' title='bbox 61 2584 168 2633; x_wconf 86' lang='lat' dir='ltr'>puta</span> <span class='ocrx_word' id='word_1_274' title='bbox 209 2577 395 2630; x_wconf 65' lang='lat' dir='ltr'>‘pm-tim,</span> <span class='ocrx_word' id='word_1_275' title='bbox 430 2584 564 2631; x_wconf 73' lang='lat' dir='ltr'>parti,</span> <span class='ocrx_word' id='word_1_276' title='bbox 606 2585 706 2630; x_wconf 75' lang='lat' dir='ltr'>luci,</span> <span class='ocrx_word' id='word_1_277' title='bbox 747 2581 909 2624; x_wconf 68' lang='lat' dir='ltr'>monsi’.</span> <span class='ocrx_word' id='word_1_278' title='bbox 982 2584 1044 2625; x_wconf 88' lang='lat' dir='ltr'>ita</span> <span class='ocrx_word' id='word_1_279' title='bbox 1084 2584 1189 2625; x_wconf 87' lang='lat' dir='ltr'>nihil</span> <span class='ocrx_word' id='word_1_280' title='bbox 1228 2584 1427 2635; x_wconf 83' lang='lat' dir='ltr'>interest,</span> <span class='ocrx_word' id='word_1_281' title='bbox 1469 2588 1568 2636; x_wconf 69' lang='lat' dir='ltr'>iqui,</span> 
     </span>
     <span class='ocr_line' id='line_1_36' title="bbox 61 2650 1565 2706; baseline 0.004 -19"><span class='ocrx_word' id='word_1_282' title='bbox 61 2650 192 2696; x_wconf 74' lang='lat' dir='ltr'>imbri,</span> <span class='ocrx_word' id='word_1_283' title='bbox 231 2651 360 2699; x_wconf 55' lang='lat' dir='ltr'>‘unque&#39;</span> <span class='ocrx_word' id='word_1_284' title='bbox 399 2661 453 2688; x_wconf 91' lang='lat' dir='ltr'>an</span> <span class='ocrx_word' id='word_1_285' title='bbox 493 2652 600 2699; x_wconf 68' lang='lat' dir='ltr'>ique,</span> <span class='ocrx_word' id='word_1_286' title='bbox 644 2653 782 2699; x_wconf 56' lang='lat' dir='ltr'>nubre,</span> <span class='ocrx_word' id='word_1_287' title='bbox 825 2665 962 2703; x_wconf 65' lang='lat' dir='ltr'>unque</span> <span class='ocrx_word' id='word_1_288' title='bbox 1001 2652 1043 2692; x_wconf 92' lang='lat' dir='ltr'>in</span> <span class='ocrx_word' id='word_1_289' title='bbox 1075 2666 1201 2694; x_wconf 89' lang='lat' dir='ltr'>versu</span> <span class='ocrx_word' id='word_1_290' title='bbox 1230 2665 1383 2706; x_wconf 85' lang='lat' dir='ltr'>ponas,</span> <span class='ocrx_word' id='word_1_291' title='bbox 1417 2666 1565 2705; x_wconf 87' lang='lat' dir='ltr'>quam-</span> 
     </span>
     <span class='ocr_line' id='line_1_37' title="bbox 62 2715 1566 2773; baseline 0.005 -19"><span class='ocrx_word' id='word_1_292' title='bbox 62 2729 188 2767; x_wconf 88' lang='lat' dir='ltr'>quam</span> <span class='ocrx_word' id='word_1_293' title='bbox 213 2715 418 2756; x_wconf 89' lang='lat' dir='ltr'>Horatius</span> <span class='ocrx_word' id='word_1_294' title='bbox 441 2720 606 2757; x_wconf 88' lang='lat' dir='ltr'>tantum</span> <span class='ocrx_word' id='word_1_295' title='bbox 634 2717 743 2758; x_wconf 83' lang='lat' dir='ltr'>dixit</span> <span class='ocrx_word' id='word_1_296' title='bbox 771 2721 869 2769; x_wconf 69' lang='lat' dir='ltr'>iqui,</span> <span class='ocrx_word' id='word_1_297' title='bbox 904 2723 1043 2771; x_wconf 71' lang='lat' dir='ltr'>unqui,</span> <span class='ocrx_word' id='word_1_298' title='bbox 1075 2724 1204 2773; x_wconf 87' lang='lat' dir='ltr'>atque</span> <span class='ocrx_word' id='word_1_299' title='bbox 1232 2721 1293 2760; x_wconf 81' lang='lat' dir='ltr'>ita</span> <span class='ocrx_word' id='word_1_300' title='bbox 1317 2724 1403 2771; x_wconf 67' lang='lat' dir='ltr'>e&#39;ym’</span> <span class='ocrx_word' id='word_1_301' title='bbox 1431 2721 1566 2762; x_wconf 82' lang='lat' dir='ltr'>Varro</span> 
     </span>
     <span class='ocr_line' id='line_1_38' title="bbox 61 2783 1116 2843; baseline 0.005 -20"><span class='ocrx_word' id='word_1_302' title='bbox 61 2783 126 2824; x_wconf 90' lang='lat' dir='ltr'>bis</span> <span class='ocrx_word' id='word_1_303' title='bbox 158 2783 200 2823; x_wconf 91' lang='lat' dir='ltr'>in</span> <span class='ocrx_word' id='word_1_304' title='bbox 236 2783 402 2824; x_wconf 85' lang='lat' dir='ltr'>Saturis</span> <span class='ocrx_word' id='word_1_305' title='bbox 434 2783 636 2838; x_wconf 84' lang='lat' dir='ltr'>[Bimarc.</span> <span class='ocrx_word' id='word_1_306' title='bbox 672 2789 742 2837; x_wconf 90' lang='grc'>1];</span> <span class='ocrx_word' id='word_1_307' title='bbox 775 2800 870 2828; x_wconf 88' lang='lat' dir='ltr'>cras</span> <span class='ocrx_word' id='word_1_308' title='bbox 904 2788 1032 2828; x_wconf 91' lang='lat' dir='ltr'>credo</span> <span class='ocrx_word' id='word_1_309' title='bbox 1065 2787 1116 2843; x_wconf 83' lang='grc'>2].</span> 
     </span>
    </p>

    <p class='ocr_par' dir='ltr' id='par_1_9' title="bbox 60 2850 1565 2977">
     <span class='ocr_line' id='line_1_39' title="bbox 174 2850 1565 2909; baseline 0.006 -19"><span class='ocrx_word' id='word_1_310' title='bbox 174 2850 406 2892; x_wconf 84' lang='lat' dir='ltr'>Praeterea</span> <span class='ocrx_word' id='word_1_311' title='bbox 446 2865 541 2893; x_wconf 89' lang='lat' dir='ltr'>cum</span> <span class='ocrx_word' id='word_1_312' title='bbox 584 2853 706 2895; x_wconf 89' lang='lat' dir='ltr'>multi</span> <span class='ocrx_word' id='word_1_313' title='bbox 749 2859 947 2896; x_wconf 85' lang='lat' dir='ltr'>auctores</span> <span class='ocrx_word' id='word_1_314' title='bbox 988 2855 1199 2909; x_wconf 80' lang='lat' dir='ltr'>pluralem</span> <span class='ocrx_word' id='word_1_315' title='bbox 1231 2856 1321 2896; x_wconf 86' lang='lat' dir='ltr'>eius</span> <span class='ocrx_word' id='word_1_316' title='bbox 1353 2856 1467 2909; x_wconf 91' lang='lat' dir='ltr'>quod</span> <span class='ocrx_word' id='word_1_317' title='bbox 1500 2861 1565 2898; x_wconf 91' lang='lat' dir='ltr'>est</span> 
     </span>
     <span class='ocr_line' id='line_1_40' title="bbox 60 2919 1563 2977; baseline 0.005 -19"><span class='ocrx_word' id='word_1_318' title='bbox 60 2932 152 2969; x_wconf 77' lang='lat' dir='ltr'>spes</span> <span class='ocrx_word' id='word_1_319' title='bbox 184 2919 565 2973; x_wconf 81' lang='lat' dir='ltr'>adspernarentur,</span> <span class='ocrx_word' id='word_1_320' title='bbox 595 2925 761 2963; x_wconf 86' lang='lat' dir='ltr'>mutata</span> <span class='ocrx_word' id='word_1_321' title='bbox 794 2923 1078 2964; x_wconf 82' lang='lat' dir='ltr'>declinatione</span> <span class='ocrx_word' id='word_1_322' title='bbox 1111 2924 1396 2976; x_wconf 84' lang='lat' dir='ltr'>antiquissimi</span> <span class='ocrx_word' id='word_1_323' title='bbox 1429 2939 1563 2977; x_wconf 88' lang='lat' dir='ltr'>usque</span> 
     </span>
    </p>
   </div>
  </div>
 </body>
</html>
