1898 3292
698 270 817 294 LIBER
837 270 1025 302 QVARTVS.
1534 262 1613 300 309

117 375 196 432 13],
230 379 413 423 (le'ssolvo,
447 378 632 422 evolvam,
661 378 896 424 pet-volvem
930 372 1012 428 1116,
1037 376 1109 423 ὃὸς
1135 375 1208 422 743
1231 377 1295 421 95,
1320 371 1375 427 15],
1409 371 1614 413 Horatius

110 447 236 484 silvae
269 442 317 499 [c.
350 442 380 493 Ι,
414 446 479 493 23,
508 446 555 493 43
589 456 650 495 ep.
678 445 740 491 13,
763 441 803 497 2]
844 444 886 481 et
915 447 1055 481 suetae
1089 439 1134 496 [s.
1168 440 1199 491 Ι,
1232 444 1269 490 8,
1306 439 1392 495 17],
1424 444 1513 480 tum
1546 439 1613 480 Ti-

111 511 252 553 bullus
284 514 325 552 et
357 510 532 552 Ovidius
564 509 800 563 composita
831 508 1057 550 verborum
1089 513 1196 549 solvo
1229 511 1271 549 et
1302 512 1423 556 volvo,
1456 511 1501 548 at
1530 522 1614 549 non

110 579 359 633 Propertius
394 578 461 635 [cf.
497 581 719 619 comment.
752 577 847 628 inl,
872 581 908 626 7,
935 575 1016 632 16].
1078 580 1208 629 atque
1239 576 1300 616 ita
1332 579 1483 616 auctor
1516 590 1612 616 0011-

111 647 331 689 solationis
372 647 426 688 ad
467 646 630 687 Liviam
670 646 789 700 [370]
827 649 1104 695 persolvenda
1143 644 1265 697 ponit
1304 644 1492 697 quinque
1532 643 1614 697 syl-

109 716 230 757 labis.
292 715 475 768 denique
507 714 655 755 eodem
688 713 777 755 fere
809 717 1002 767 tempore
1034 712 1268 763 Phaedrus,
1300 714 1472 753 secutus
1506 712 1613 752 anti-

112 774 300 837 quiores,
341 784 384 824 in
426 783 674 836 compositis
706 781 841 832 verbi,
889 781 1003 834 quod
1041 784 1104 822 est
1143 794 1303 829 suesce,
1346 780 1612 834 plerumque,

110 867 192 894 non
224 865 392 905 semper
422 850 491 906 [cf.
520 851 550 901 I,
586 853 648 901 16,
680 851 721 905 5]
755 865 779 891 u
811 849 945 891 voluit
977 863 1069 890 esse
1102 849 1304 890 vocalem.

223 920 305 961 Sed
337 934 389 961 ex
419 919 485 960 his
519 919 729 972 quaedam
764 932 847 959 non
880 918 985 959 satis
1018 921 1186 959 constat
1217 917 1383 970 vulgari
1419 931 1613 958 sermone

108 1003 208 1029 num
254 1002 422 1041 semper
473 987 704 1029 habuerint
744 1002 770 1028 u
811 1000 1053 1028 consonam.
1126 989 1169 1026 et
1209 979 1393 1026 maxime
1441 985 1612 1039 quidem

110 1056 393 1098 dubitandum
426 1056 477 1096 de
508 1055 580 1096 illo
613 1069 822 1104 conseclce,
865 1070 959 1096 cum
1003 1055 1131 1095 etiam
1177 1054 1293 1108 apud
1321 1053 1519 1095 Plautum
1552 1054 1613 1094 111-

110 1125 243 1166 veniri
269 1123 467 1165 videatur
496 1124 539 1164 in
569 1124 723 1165 iambis
753 1128 929 1165 adsecue
969 1123 1039 1178 [cf.
1074 1123 1195 1164 Varr.
1229 1122 1267 1163 d.
1299 1122 1325 1162 1.
1358 1122 1402 1163 L.
1436 1123 1505 1174 VI,
1539 1126 1613 1174 733

110 1193 280 1234 Lachm.
312 1206 379 1246 pg.
412 1194 523 1248 304]
592 1193 750 1246 quippe
789 1192 1025 1233 dihaeresis
1068 1191 1333 1232 Graecorum
1374 1190 1613 1231 imitatione

110 1265 205 1303 orta
226 1275 309 1302 non
330 1261 598 1315 permanavit
619 1261 674 1302 ad
696 1261 926 1302 scaenicos.
979 1259 1131 1301 deinde
1161 1259 1268 1300 illud
1299 1273 1408 1309 aqua
1438 1259 1615 1312 propria

111 1330 297 1383 quadam
328 1333 485 1370 natura
515 1329 759 1383 praeditum
791 1328 952 1369 habere
984 1343 1035 1379 qu
1067 1341 1117 1368 ea
1148 1341 1193 1368 re
1229 1327 1457 1381 probatur,
1499 1326 1614 1380 quod

111 1398 316 1439 theotisce
360 1397 614 1452 disyllabum
659 1401 784 1438 sonat
820 1401 935 1438 alma.
1009 1396 1061 1436 de
1103 1395 1311 1437 vocabulo
1351 1399 1530 1436 relicuus
1573 1398 1615 1435 et

109 1480 240 1520 supra
283 1466 442 1507 dictum
485 1470 527 1507 et
570 1480 719 1507 rursus
751 1465 775 1506 l.
810 1466 877 1516 VI,
909 1464 983 1506 ubi
1016 1464 1067 1505 de
1099 1468 1177 1505 red
1215 1463 1429 1518 particula
1459 1464 1613 1517 agitur,

109 1535 191 1575 erit
221 1535 340 1576 locus
373 1533 632 1588 disputandi.
683 1547 812 1588 porro
835 1534 877 1574 in
910 1534 982 1584 eis,
1015 1546 1126 1586 quae
1158 1536 1257 1573 sunt
1280 1537 1387 1573 solvo
1419 1536 1461 1573 et
1492 1537 1613 1580 volvo,

108 1603 295 1644 medium
326 1603 457 1644 fuisse
489 1618 509 1644 υ
541 1603 712 1644 litterae
747 1616 895 1643 sonum
939 1601 1050 1642 inter
1082 1600 1272 1642 vocalem
1309 1604 1351 1641 et
1384 1614 1614 1641 consonam

109 1686 160 1713 ea
191 1685 236 1712 re
268 1671 436 1712 videtur
469 1671 629 1721 adseri,
668 1670 781 1724 quod
812 1674 1010 1711 auctores
1050 1669 1247 1722 elegiaci,
1288 1672 1337 1710 ut
1368 1668 1613 1719 memoravi,

109 1740 181 1793 qui
221 1754 273 1781 ne
311 1753 453 1781 suesco
498 1739 670 1793 quidem
713 1743 788 1780 aut
826 1753 1009 1785 suavem,
1058 1741 1202 1779 tamen
1249 1736 1332 1778 duo
1378 1736 1453 1777 illa
1483 1736 1615 1778 verba

108 1811 374 1863 usurparunt
403 1807 639 1863 trisyllaba.
700 1821 838 1861 neque
869 1810 1014 1848 tamen
1045 1806 1195 1859 ignoro
1232 1808 1374 1847 aetate
1406 1805 1559 1846 ultima
1590 1818 1615 1845 a

109 1877 336 1919 Consentio
367 1876 492 1931 prodi
525 1877 603 1931 [gr.
635 1876 707 1917 lat.
738 1876 786 1926 V,
820 1876 920 1930 392]
962 1888 1193 1916 consonam
1232 1888 1324 1916 esse
1357 1888 1383 1915 u
1411 1873 1454 1914 in
1483 1873 1613 1915 verbo

107 1949 299 1987 solvendi.

222 2013 381 2055 Verum
401 2017 500 2068 post
528 2013 734 2067 exempla,
769 2026 880 2066 quae
908 2012 1100 2065 adposui,
1124 2011 1192 2052 vix
1213 2011 1405 2052 invenias
1428 2010 1614 2052 diductis

110 2082 284 2136 syllabis
315 2082 398 2123 nisi
436 2081 551 2135 apud
592 2081 847 2123 christianos
888 2084 1038 2134 poetas
1081 2093 1132 2121 ac
1171 2093 1325 2133 parum
1366 2079 1615 2133 frequenter

110 2164 180 2201 ea,
213 2164 324 2204 quae
354 2165 403 2191 su
433 2149 616 2200 habent,
649 2149 795 2203 qualia
826 2152 925 2190 sunt
952 2152 1105 2197 suavis,
1139 2151 1306 2197 suadeo,
1338 2161 1493 2189 suesco.
1553 2148 1615 2189 ita

110 2222 262 2260 auctor
307 2218 359 2260 de
397 2217 545 2272 figuris
587 2218 793 2259 orationis
831 2232 864 2258 V.
897 2221 948 2259 65
993 2215 1101 2258 ‘cum
1134 2219 1240 2265 ᾱιζτί,
1285 2220 1432 2258 deinde
1462 2213 1614 2257 «παιδί’.

111 2290 400 2340 excerpuntur
429 2290 574 2328 tamen
606 2287 783 2340 propria
813 2286 1006 2336 1101111110,
1048 2298 1158 2338 quae
1194 2288 1237 2325 et
1266 2284 1382 2339 apud
1414 2284 1615 2326 classicos

111 2369 240 2409 saepe
271 2355 485 2408 integram
517 2358 690 2396 servant
721 2369 759 2403 u,
790 2354 921 2395 veluti
955 2356 1124 2395 Suerius
1156 2352 1294 2408 [Paul.
1320 2352 1413 2394 Nol.
1441 2356 1507 2403 21,
1531 2353 1615 2408 62],

111 2427 270 2472 Suessa,
302 2426 467 2465 Saevus.
528 2426 756 2477 praeterea
798 2422 873 2463 illa
921 2424 1219 2463 Gelesuinlham
1263 2424 1305 2462 et
1340 2423 1616 2462 Goz‘suz'mlzam

113 2492 346 2532 Venantius
385 2491 570 2532 diductis
610 2491 764 2532 extulit
793 2490 1013 2532 vocalibus
1055 2489 1143 2544 [VL
1178 2492 1213 2540 7,
1247 2492 1320 2540 243
1353 2492 1406 2531 28
1438 2489 1531 2543 al.],
1571 2492 1617 2530 at

111 2560 320 2613 Corippus
353 2573 422 2610 ea,
456 2573 566 2613 quae
604 2563 703 2600 sunt
738 2562 976 2610 Guense'e'us,
1008 2560 1197 2609 [laques.
1230 2560 1458 2609 Laqzcatas,
1490 2561 1615 2598 Suar-

112 2631 221 2679 le'fas,
262 2627 417 2668 similia
455 2627 615 2668 coactis
662 2627 850 2682 [iohann.
883 2627 913 2678 Ι,
946 2629 1050 2677 468;
1083 2629 1187 2678 4783
1223 2628 1325 2677 1443
1357 2625 1404 2676 V,
1438 2628 1517 2666 217
1551 2624 1614 2666 ed.

110 2696 363 2750 Petschen.].

227 2764 351 2818 Apud
401 2764 696 2815 Consentium,
751 2763 943 2804 incertae
994 2766 1215 2804 auctorem
1267 2762 1444 2811 aetatis,
1496 2761 1616 2802 cuius

112 2832 193 2873 1100
224 2832 439 2873 saeculost
465 2833 662 2873 inventus
695 2831 746 2872 de
778 2831 1060 2873 barbarismis
1098 2834 1140 2871 et
1169 2828 1463 2882 metaplasmis
1493 2829 1615 2880 liber,

111 2900 217 2939 haec
250 2900 451 2953 leguntur
484 2900 562 2954 [gr.
595 2899 668 2940 lat.
706 2899 750 2949 V,
784 2900 906 2953 4oo]:
949 2902 1088 2939 similis
1129 2901 1236 2939 ratio
1269 2901 1309 2937 in
1343 2900 1549 2938 (lilla-eresi
1580 2904 1617 2937 et

112 2971 436 3020 episynaloephe.
497 2982 588 3009 nam
631 2972 738 3019 quod
778 2970 972 3008 Hei-alias
1012 2970 1068 3007 all
1111 2965 1328 3017 ‘seraeque
1367 2962 1528 3006 suetae'
1579 2972 1618 3006 ec
