1898 3292
688 259 806 285 mmm
825 260 1036 286 SECVNDVS.
1537 249 1550 288 1
1563 249 1613 288 77

111 362 386 417 aequalitate,
419 363 588 404 videtur
615 363 676 404 ita
708 377 796 403 rem
826 363 1076 413 instituisse,
1104 365 1152 402 ut
1178 362 1443 403 tetrametris
1464 361 1615 402 ionicis

109 432 235 473 modo
266 431 461 485 pluribus
494 431 617 473 modo
650 430 927 484 paucioribus
958 444 1134 471 numero
1166 429 1444 482 subiungeret
1465 433 1612 482 penta-

111 504 293 541 metrum
332 499 450 540 nulla
491 514 586 540 eum
628 498 906 552 sequentibus
945 498 1179 552 synaphiae
1220 497 1313 550 lege
1356 498 1614 551 copulatum.

111 572 239 622 atque
269 568 351 609 hoc
382 568 511 609 etiam
543 567 725 608 Bentleii
758 566 1082 608 commendatur
1115 566 1274 620 opinio,
1314 565 1428 619 quod
1462 566 1522 607 sic
1549 569 1616 606 ter

109 637 152 676 in
182 636 266 677 fine
298 637 424 677 metri
456 650 604 677 sensus
634 635 683 676 fit
712 636 1002 677 interstitium.

226 704 309 746 Sed
343 704 397 745 ad
425 704 586 745 ionicos
610 718 634 745 a
657 704 808 745 maiori
832 707 878 745 ut
898 717 1088 757 pergam,
1120 703 1306 756 primum
1328 702 1541 756 agendum
1564 702 1615 743 de

111 773 310 815 Sotadeis.
371 774 413 813 in
456 773 611 826 quibus
643 772 952 826 persequendis
982 772 1166 813 Ennium
1200 772 1459 825 Acciumque
1491 785 1615 825 prae-

110 846 240 893 tereo,
264 842 315 883 de
338 855 518 895 quorum
540 841 711 895 placitis
732 841 775 882 in
798 840 1003 895 opusculo
1027 841 1045 881 Ι
1068 840 1314 881 disseretur.
1355 854 1614 893 quamquam

111 911 316 952 Varronis
343 924 445 964 pars
478 910 753 951 sotadeorum
780 909 930 950 eadem
960 923 1138 963 prorsus
1171 913 1264 950 arte
1299 912 1487 958 constat,
1531 922 1617 961 qua

108 979 426 1033 insequentium
457 982 698 1032 temporum
730 981 929 1019 auctores
962 981 1062 1018 sunt
1092 978 1170 1019 usi.
1233 977 1285 1018 de
1317 977 1471 1030 quibus
1505 991 1616 1030 quae

111 1048 314 1089 disseruit
354 1047 653 1100 Lachmannus
697 1046 858 1103 [opusc.
891 1047 947 1097 ΙΙ,
982 1045 1076 1102 68],
1122 1046 1192 1087 hic
1230 1050 1424 1100 repetam
1466 1046 1617 1099 paucis

111 1117 279 1158 additis.

224 1186 376 1239 Itaque
415 1184 725 1226 demonstravit
762 1184 833 1225 ille
877 1184 1106 1225 admittere
1150 1197 1221 1226 eos
1256 1187 1431 1237 praeter
1463 1197 1617 1237 puram

110 1255 291 1296 formam
321 1254 449 1295 ionici
480 1253 601 1307 pedis
633 1253 775 1303 talem,
805 1267 891 1306 qua
919 1256 995 1293 aut
1025 1253 1142 1306 prior
1175 1256 1250 1293 aut
1271 1252 1485 1306 posterior
1507 1252 1616 1292 arsis

110 1322 371 1373 resolvatur,
414 1325 456 1363 et
485 1335 614 1375 porro
648 1321 837 1362 admissa
869 1321 1060 1362 anaclasi
1101 1321 1414 1371 ditrochaeum,
1452 1324 1618 1361 ceteras

111 1405 211 1433 vero
244 1391 439 1432 exclusas
478 1404 569 1432 esse
611 1391 792 1444 species,
832 1389 933 1430 licet
964 1390 1094 1430 semel
1126 1390 1350 1430 Petronius
1390 1392 1617 1441 utramque

110 1460 279 1513 longam
312 1459 562 1500 distraxerit
589 1458 698 1512 pede
728 1457 1113 1512 proceleusmatico
1143 1458 1205 1499 ita
1235 1458 1288 1512 [c.
1313 1458 1384 1512 23]
1428 1454 1616 1509 ‘femore'-

111 1542 188 1580 que
218 1525 377 1580 facili',
416 1527 631 1580 semelque
653 1527 935 1568 Terentianus
968 1527 1010 1567 in
1043 1527 1238 1581 exemplo
1270 1526 1413 1580 quarti
1442 1526 1618 1579 paeonis

112 1601 154 1638 et
189 1597 358 1638 nomine
399 1596 573 1650 proprio
617 1595 856 1637 ditrochaei
886 1596 1068 1650 primam
1101 1596 1270 1649 longam
1301 1594 1528 1636 resciderit
1558 1594 1618 1635 sic

111 1666 261 1720 [1545]
306 1663 546 1716 ‘Pelopidae'
577 1661 815 1705 Sonabunt'.
876 1664 920 1705 id
952 1665 1081 1706 etiam
1114 1664 1295 1705 Laevius
1328 1663 1501 1704 admisit
1543 1677 1617 1703 nu-

111 1735 239 1775 meris
278 1734 428 1775 ionicis
473 1747 603 1787 supra
644 1747 669 1773 a
705 1747 771 1774 me
814 1733 1158 1774 commonstratis
1204 1733 1246 1773 in
1291 1731 1515 1786 principio.
1577 1734 1620 1771 et

111 1803 295 1844 maxime
326 1802 496 1855 quidem
527 1802 689 1843 usitata
719 1801 901 1843 formast
932 1815 993 1852 ea,
1026 1815 1111 1854 qua
1133 1801 1184 1842 de
1207 1801 1344 1855 primo
1367 1804 1410 1841 et
1432 1800 1618 1841 seeundo

110 1872 219 1926 pede
252 1885 399 1912 versus
432 1870 708 1911 ditrochaeus
738 1874 950 1921 arceatur,
984 1870 1229 1923 optineatur
1258 1869 1371 1910 idem
1402 1869 1444 1910 in
1476 1869 1617 1917 tertio,

111 1945 160 1982 ut
189 1944 253 1982 est
282 1940 353 1981 ille
384 1939 562 1994 [Victor.
599 1939 751 1993 2523]:

385 2012 562 2058 rumpunt
586 2016 731 2047 teneras
756 2012 917 2046 uviferae
944 2016 1067 2046 comas
1091 2012 1197 2056 lagei.

112 2077 420 2132 paenultimam
451 2089 551 2117 vero
594 2075 804 2130 syllabam
844 2089 929 2116 non
958 2075 1088 2116 licere
1118 2075 1278 2116 mutari
1309 2088 1361 2116 ex
1392 2075 1465 2124 eis,
1508 2087 1618 2127 quae

115 2146 293 2201 exposui
313 2145 435 2186 initio
465 2144 592 2185 huius
623 2144 735 2195 libri,
767 2143 1005 2198 apparebit.
1066 2144 1196 2184 talem
1225 2157 1321 2184 oum
1342 2143 1425 2184 fide
1447 2146 1621 2184 servant

113 2228 306 2256 normam
339 2213 564 2255 Petronius
600 2216 643 2255 et
675 2213 899 2264 Martialis,
930 2226 1013 2254 non
1048 2212 1226 2266 perinde
1248 2212 1542 2260 Terentianus,
1574 2215 1622 2252 ut

115 2284 188 2336 qui
219 2282 476 2336 aliquotiens
506 2281 573 2322 vel
604 2282 646 2322 in
687 2282 925 2335 principem
962 2281 1107 2322 sedem
1148 2280 1351 2321 admittat
1388 2280 1618 2321 anaclasin.

116 2351 190 2392 sed
220 2351 326 2392 illud
358 2363 449 2392 esse
487 2349 639 2391 durum
681 2350 786 2391 satis
824 2353 994 2391 constat
1034 2350 1105 2404 [of.
1138 2350 1273 2391 Diom.
1309 2349 1430 2403 515]‚
1472 2362 1619 2402 quam-

116 2433 242 2472 quam
274 2432 358 2460 non
390 2418 620 2460 defuerunt
652 2417 800 2459 eodem
831 2421 942 2459 teste
973 2417 1231 2459 Terentiano
1263 2417 1436 2472 [2040],
1475 2417 1548 2470 qui
1580 2420 1622 2457 et·

116 2487 302 2529 secundo
347 2487 441 2528 loco
486 2486 730 2540 reciperent
779 2486 1088 2527 ditrochaeum.
1162 2490 1207 2527 at
1252 2485 1449 2527 omnibus
1496 2485 1621 2526 simul

116 2555 298 2609 pedibus
338 2555 567 2596 admissam
609 2554 844 2596 anaclasim
887 2568 971 2596 non
1012 2555 1180 2596 invenio
1224 2555 1353 2596 certis
1394 2558 1620 2608 poetarum

117 2623 333 2678 exemplis.
363 2648 420 2653 ——
451 2626 680 2676 praeterea
711 2623 902 2664 solvendi
931 2623 1083 2676 longas
1113 2623 1344 2664 maximam
1376 2622 1497 2663 initio
1529 2636 1620 2663 ver-

117 2706 188 2733 sus
220 2692 371 2733 adesse
400 2691 647 2733 libertatem
679 2695 917 2744 aequumst.

230 2759 393 2800 Deinde
424 2763 572 2813 aptum
603 2760 834 2800 memoriae
867 2760 909 2800 in
951 2759 1213 2813 logaoedicis
1248 2760 1435 2800 numeris
1474 2773 1621 2799 versus

118 2828 218 2869 talis
260 2825 411 2879 ‘Lydia
449 2831 532 2876 dic,
568 2841 647 2879 per
686 2825 845 2868 omnes'
899 2842 1129 2881 numquam
1173 2828 1278 2869 solvi
1319 2828 1458 2880 arsin;
1507 2827 1620 2881 quod

119 2900 269 2938 contra
300 2896 390 2936 eius
421 2896 566 2946 metri,
609 2895 728 2937 ouius
758 2899 823 2937 est
852 2909 973 2949 pars,
1018 2894 1139 2937 ‘Iane
1175 2902 1320 2946 pater,
1359 2898 1461 2936 Iane
1492 2902 1621 2943 tuens,

122 2969 210 3006 dive
242 2967 390 3013 biceps,
423 2961 626 3014 biformis’
671 2964 853 3018 primam
891 2964 1152 3016 tertiamque
1193 2967 1236 3003 et
1274 2967 1472 3016 quartam
1507 2964 1621 3004 arsin

190 3044 221 3069 L.
240 3043 429 3073 M11e110r13
453 3043 498 3067 De
517 3051 538 3067 r.
557 3051 593 3067 m.
613 3051 639 3073 p.
659 3043 689 3067 L.
1308 3033 1348 3064 12
