1898 3292
232 153 309 189 184
807 159 926 182 LIBER
945 158 1156 183 sEcvnnvs.

229 266 359 314 atque
383 262 511 302 etiam
534 261 614 301 hoc
638 265 777 301 movet
800 260 1096 313 suspicionem,
1129 260 1243 312 quod
1271 259 1498 300 secundam
1525 259 1733 313 syllabam

228 331 271 371 in
305 330 491 371 carmine
523 329 576 370 ad
610 329 868 379 Camerium,
917 329 951 369 si
995 328 1208 382 spondeus
1251 331 1525 381 sequeretur,
1568 342 1736 381 semper

229 398 363 440 voluit
404 412 497 439 esse
539 398 733 450 longam,
774 398 815 438 in
862 397 1097 451 hymenaeo
1140 396 1314 437 admisit
1344 396 1528 437 brevem.
1588 397 1735 449 itaque

230 467 401 519 gravior
428 465 597 507 videtur
628 466 763 506 latere
796 465 1052 519 corruptela.
1103 465 1237 506 inulto
1270 465 1400 506 etiam
1431 465 1570 505 minus
1600 464 1735 505 credi-

229 535 369 585 bilest,
403 534 518 588 quod
550 534 703 575 statuit
734 534 1018 584 Hermannus,
1050 534 1162 574 idem
1195 547 1289 574 cum
1313 533 1480 574 Catullo
1513 532 1736 574 admisisse

230 604 437 644 Senecam
480 603 523 643 in
568 602 740 643 chorico
779 602 929 655 Oedipi
970 601 1043 642 illo
1084 602 1348 656 [882—914]
1393 600 1501 652 ‘fata
1543 605 1578 641 si
1618 605 1738 642 liceat

229 669 364 720 miles,
409 671 524 724 quod
565 670 648 723 ipsi
690 670 931 724 glyconium
969 684 1190 711 numerum
1223 670 1384 711 habere
1415 670 1609 719 visumst,
1643 684 1737 710 cum

229 741 373 794 potius
405 754 453 781 eo
484 739 689 780 dimetros
721 739 964 779 trochaicos
996 739 1315 792 repraesentari
1347 752 1478 792 supra
1498 738 1737 778 iudicarim.

230 823 328 849 nain
360 807 425 849 vel
457 807 539 849 hoc
571 807 783 848 refellitur
815 807 957 861 opinio
991 808 1101 858 eius,
1144 807 1258 860 quod
1298 821 1466 860 semper
1505 806 1739 860 spondiaca

229 877 323 918 basi
351 876 544 930 glyconei
576 890 725 917 versus
758 876 895 916 utitur
928 875 1091 916 Seneca
1123 879 1297 928 praeter
1338 876 1507 916 cantica
1537 874 1739 915 liberiore

231 949 368 986 metro
410 944 663 985 constantia.
728 948 917 985 ceterum
952 943 1066 997 quod
1097 944 1255 997 legitur
1286 944 1328 984 in
1361 944 1549 984 carmine
1581 943 1653 983 illo
1688 943 1739 984 de

230 1014 354 1055 Icaro
410 1012 559 1054 ‘donec
600 1017 641 1054 in
689 1022 816 1064 ponto
858 1027 1000 1054 manus
1042 1016 1158 1053 movit
1205 1016 1410 1063 inplicitas
1455 1026 1565 1063 puer
1611 1026 1738 1053 comes

231 1086 403 1124 audac&
435 1081 563 1131 vaus,
594 1082 727 1123 habet
757 1082 933 1123 undans
965 1095 1113 1123 versus
1145 1081 1737 1135 nequelogaoednnuninen-

231 1166 374 1192 sura-m
407 1165 545 1204 neque
583 1151 868 1201 trochaicam,
908 1150 983 1191 sed
1024 1150 1198 1192 nullam.
1260 1150 1533 1192 scribendum
1570 1150 1739 1191 omnino

231 1220 427 1261 existimo
471 1218 649 1271 ‘compos
682 1223 853 1261 audacis
886 1216 1013 1260 viae'.

346 1288 553 1342 Superest
605 1292 653 1329 ut
704 1288 861 1329 addam
906 1288 1133 1329 Horatium
1186 1288 1352 1342 epodon
1400 1287 1511 1328 libro
1564 1288 1607 1328 in
1658 1287 1740 1328 fine

231 1357 386 1411 prioris
417 1357 555 1410 partis
586 1360 949 1411 asynartetorum,
989 1370 1099 1410 quae
1129 1357 1189 1398 ibi
1219 1370 1387 1410 semper
1418 1357 1506 1397 exit
1536 1357 1579 1397 in
1613 1357 1740 1407 arsin,

232 1430 274 1467 et
306 1425 479 1467 brevem
512 1426 736 1467 admisisse
769 1425 979 1480 syllabam
1012 1440 1091 1467 nec
1121 1426 1286 1467 hiatum
1330 1425 1538 1479 refugisse
1579 1427 1664 1481 [11,
1697 1430 1740 1477 63

236 1499 307 1546 103
343 1498 417 1546 263
453 1498 515 1544 13,
549 1498 594 1546 83
630 1498 701 1546 103
738 1498 900 1546 11,14;
934 1495 1025 1549 24].
1089 1497 1289 1535 neutrum
1321 1494 1536 1535 invenitur
1567 1494 1609 1535 in
1641 1494 1741 1548 lyri-

233 1564 313 1615 cis,
358 1563 432 1604 ubi
475 1563 606 1604 semel
649 1563 697 1618 [I,
730 1564 774 1618 4]
815 1563 1000 1604 habetur
1042 1577 1188 1604 versus
1230 1563 1451 1616 quaternis
1484 1563 1666 1617 dactylis
1699 1566 1741 1603 et

232 1632 365 1672 ternis
418 1635 618 1673 constans
669 1632 907 1682 trochaeis,
960 1645 1221 1685 quamquam
1273 1631 1388 1685 apud
1437 1631 1741 1672 Archilochum

233 1701 333 1755 [115
369 1700 433 1755 R]
467 1699 627 1741 fertur:

447 1768 507 1802 καὶ
533 1764 670 1813 βήσσας
698 1764 815 1810 ὁρέων
844 1764 1133 1812 δυςπαιπάλους,
1160 1766 1239 1808 οἶος
1266 1760 1311 1813 ἦν
1337 1765 1389 1802 ἐπ’
1418 1763 1519 1814 ἥβης.

233 1840 317 1879 quo
353 1830 498 1867 taJnen
538 1826 633 1867 loco
675 1826 748 1867 essii
786 1825 852 1866 vel
888 1826 1202 1878 &ugnaiaam09‚
1236 1830 1284 1867 ut
1314 1827 1535 1880 anthquani
1567 1840 1743 1868 accusa-

232 1895 308 1935 uvi
339 1894 543 1946 finffnani,
583 1898 739 1948 putant
778 1894 1091 1936 resffituendurn
1124 1895 1190 1936 vel
1220 1898 1318 1949 post
1348 1895 1430 1936 hoc
1461 1895 1638 1936 verbuni
1670 1909 1743 1936 no-

232 1978 329 2004 vum
361 1963 593 2004 instituunt
623 1977 805 2004 versum.

347 2031 488 2085 Supra
520 2032 847 2073 emendaveram
869 2046 1039 2073 versum
1064 2031 1263 2074 Senecae.
1311 2032 1536 2086 quodsicui
1567 2031 1745 2073 videbor

231 2101 274 2141 in
306 2114 435 2154 opere
465 2101 816 2154 nosmx)saepius
848 2115 986 2154 aequo
1017 2104 1251 2155 tenqstasse
1288 2105 1460 2155 poetani
1501 2101 1632 2152 hunc,
1675 2115 1744 2142 co-

233 2169 405 2222 gitetur,
437 2183 609 2222 quaeso,
642 2170 732 2210 eius
765 2170 968 2220 carmina,
1000 2169 1156 2211 iniuste
1184 2169 1389 2211 damnata
1409 2170 1638 2223 plerisque,
1671 2170 1744 2223 qui

233 2252 316 2279 non
348 2238 536 2279 omnium
568 2239 876 2289 Romanorum,
915 2252 999 2279 non
1030 2239 1165 2292 ipsius
1197 2239 1385 2280 Senecae
1414 2238 1618 2290 indolem,
1660 2252 1744 2280 non

236 2309 480 2359 temporum
511 2307 702 2348 rationes
725 2310 800 2348 aut
821 2307 1085 2360 tragoediae,
1118 2307 1257 2360 qualis
1280 2306 1361 2348 fuit
1382 2307 1564 2349 Neronis
1588 2311 1743 2357 aetate,

235 2374 528 2415 condicionem
560 2375 695 2428 probe
725 2376 1069 2429 perspexissent,
1109 2375 1297 2416 nondum
1337 2376 1582 2429 percepisse
1615 2390 1743 2417 curae

235 2442 410 2483 criticae
443 2443 559 2484 satis.
609 2457 708 2484 nam
741 2444 784 2484 111
816 2443 1095 2485 emendandis
1128 2444 1188 2485 eis
1219 2444 1406 2485 maxima
1429 2445 1600 2498 quidem
1623 2445 1743 2486 fuere

233 2512 389 2552 merita
430 2511 654 2562 Gronovii,
697 2515 742 2552 at
787 2513 1021 2554 mediocria
1061 2513 1225 2563 Bothii,
1266 2512 1392 2553 Badii
1432 2513 1561 2554 nulla.
1629 2512 1743 2566 quod

235 2594 329 2621 cum
369 2580 431 2621 ita
472 2580 547 2631 sit,
593 2581 758 2634 placuit
794 2582 933 2635 promi
976 2595 1086 2635 quae
1131 2581 1186 2622 ad
1234 2581 1523 2623 emendandas
1571 2581 1743 2623 fabulas

234 2648 348 2690 illius
380 2648 504 2689 utilia
535 2649 809 2690 collectaneis
842 2651 1000 2691 nostris
1031 2650 1241 2691 habemus
1272 2654 1434 2691 notata.

347 2717 499 2770 Itaque
529 2718 572 2758 in
604 2717 790 2759 Hercule
822 2717 991 2759 furente
1033 2719 1183 2773 [1265]
1224 2719 1462 2772 antiquitus
1493 2718 1656 2760 tradita
1684 2718 1742 2759 le·

235 2789 393 2838 guntur
425 2785 555 2827 haec:

554 2855 792 2889 memoranda
817 2856 940 2900 potius
966 2857 1133 2890 omnibus
1161 2856 1258 2890 facta
1283 2856 1430 2890 intuens

556 2912 662 2946 unius
688 2924 708 2946 a
733 2915 770 2947 te
797 2912 959 2947 criminis
983 2913 1126 2948 veniam
1152 2916 1249 2958 pete.
