1898 3292
262 212 344 248 216
866 218 985 242 LIBER
1004 216 1179 242 TERTIVS.

375 321 465 362 Iam
500 320 551 361 de
594 320 764 374 dactylo
809 323 963 372 quarto
1005 322 1053 360 ut
1093 322 1265 372 agatur,
1310 319 1416 359 illud
1460 320 1771 372 gravissimum,

261 389 423 430 nullam
457 389 589 430 fuisse
621 401 813 438 causam,
847 402 922 428 cur
952 391 1051 441 post
1079 387 1437 441 penthemimerin
1469 387 1772 428 admitteretur

260 457 440 499 verbum
472 459 627 510 quarto
658 456 766 510 pede
796 456 977 503 finitum,
1009 470 1104 497 cum
1133 455 1317 509 priorem
1342 459 1510 509 partem
1531 455 1772 496 hexametri

261 530 304 567 et
347 526 469 566 initio
518 525 684 566 numeri
726 528 768 566 et
810 538 991 565 caesura
1037 524 1147 565 virili
1193 524 1410 565 firmatam
1451 525 1520 565 vix
1564 527 1772 578 aequaret

262 595 413 645 altera,
446 608 707 647 quamquam
731 607 814 635 uno
837 593 945 646 pede
969 594 1116 634 maior.
1148 619 1203 623 —
1233 596 1462 646 praeterea
1483 592 1589 633 illud
1615 592 1772 645 dignis-2

261 663 414 705 simum
444 663 663 713 memoria,
697 676 780 715 quo
810 662 1129 703 demonstretur
1158 661 1399 702 bucolicam
1426 661 1676 702 incisionem
1699 661 1773 702 ab—

263 732 451 773 dicatam
483 746 508 772 a
540 731 755 781 Romanis,
789 730 904 783 quod
934 730 1166 771 interstitio
1198 744 1365 779 sensus,
1398 729 1513 783 quod
1544 729 1644 770 addi
1677 743 1773 770 cae-

264 814 390 842 surae
435 800 531 854 ipsa
577 800 663 841 fert
708 802 865 840 natura
911 802 954 839 et
999 798 1114 852 quod
1156 798 1277 839 finito
1320 803 1435 839 certe
1479 798 1580 852 pedi
1617 802 1772 851 quarto

262 869 422 923 optime
453 869 641 920 iugatur,
673 881 757 921 quo
790 867 885 921 quis
915 867 1052 920 magis
1082 866 1163 908 fuit
1193 867 1236 908 in
1259 871 1353 908 arte
1382 867 1613 921 perfectus,
1636 867 1774 908 curio-

262 938 350 979 sius
384 937 643 978 abstinuere.
705 936 842 989 magis
876 935 1005 976 etiam
1038 935 1260 988 aliquanto
1293 935 1336 976 id
1370 950 1542 986 cavere,
1580 936 1615 976 si
1647 950 1774 989 quar-

262 1010 331 1048 tus
362 1019 438 1059 pes
470 1004 685 1059 spondeus
717 1008 840 1054 esset,
872 1017 955 1045 non
988 1004 1196 1058 dactylus.
1257 1004 1369 1046 unde
1393 1004 1613 1045 commode
1634 1004 1775 1045 locum

261 1074 395 1115 habet
424 1074 468 1114 in
500 1074 695 1115 oratione
728 1073 943 1126 graviore,
978 1076 1026 1114 ut
1059 1073 1174 1127 apud
1206 1073 1458 1114 Horatium:
1503 1072 1703 1114 ‘carmine
1734 1076 1776 1114 di

263 1146 406 1194 superi
429 1147 670 1193 placantur,
704 1145 884 1183 carmine
918 1139 1098 1183 Manes'.
1151 1155 1242 1183 rem
1276 1141 1374 1183 ilico
1405 1141 1601 1195 probabo
1634 1155 1774 1182 exem-

262 1211 357 1265 plis.
389 1212 522 1265 igitur
539 1210 715 1252 Ovidius
736 1210 780 1250 in
797 1210 1010 1251 volumine
1031 1211 1161 1251 tertio
1183 1210 1588 1264 metamorphoseon
1605 1210 1775 1251 deciens

265 1279 534 1333 interpunxit
578 1283 678 1334 post
723 1282 927 1332 quartum
974 1279 1191 1334 dactylum
1238 1280 1358 1335 [1493
1404 1283 1500 1331 1873
1540 1282 1641 1330 2103
1675 1282 1776 1330 2663

268 1352 367 1400 3493
401 1352 499 1400 3593
532 1351 632 1399 5323
667 1351 766 1399 5513
800 1351 899 1399 5623
933 1348 1057 1402 642],
1100 1350 1143 1388 et
1181 1348 1344 1389 Statius
1383 1347 1493 1389 libro
1532 1347 1776 1389 Thebaidos

264 1417 403 1471 primo
435 1416 624 1470 septiens
657 1416 719 1470 [33
751 1420 822 1468 413
857 1420 928 1468 043
962 1420 1060 1468 1073
1099 1420 1196 1469 1273
1233 1420 1328 1469 1423
1364 1417 1487 1471 579],
1531 1420 1620 1457 tum
1655 1416 1774 1457 Vale-

265 1485 355 1527 rius
395 1485 575 1526 Flaccus
622 1485 770 1526 durior
809 1485 1076 1526 versificator
1118 1485 1230 1526 libro
1276 1499 1413 1539 aeque
1458 1486 1597 1540 primo
1643 1485 1777 1526 ferme

266 1554 429 1595 octiens
460 1553 644 1595 deciens.
706 1557 751 1595 at
772 1554 986 1595 Martialis
1019 1554 1063 1594 in
1095 1554 1243 1595 Xeniis
1274 1557 1317 1595 et
1338 1554 1640 1608 Apophoretis,
1673 1567 1776 1607 quo-

265 1637 360 1664 rum
400 1626 500 1664 sunt
539 1622 781 1664 hexametri
812 1622 1028 1673 CCCLVL
1070 1626 1226 1676 quater
1264 1623 1416 1663 incidit
1445 1626 1544 1676 post
1576 1625 1778 1676 quartum

266 1691 486 1746 dactylum
526 1691 668 1746 [XIIL
701 1694 772 1741 76,
809 1695 853 1742 1,
885 1691 996 1742 XIV,
1029 1694 1127 1742 129,
1164 1695 1211 1743 13
1245 1695 1342 1742 163,
1379 1695 1425 1743 13
1458 1695 1559 1742 212,
1594 1692 1648 1746 1].
1718 1691 1778 1732 sic

266 1759 544 1814 Symphosius
569 1759 612 1800 in
644 1759 901 1812 aenigmatis
929 1759 1008 1810 bis,
1039 1773 1125 1801 non
1156 1760 1339 1814 saepius,
1373 1760 1570 1801 distinxit
1589 1760 1662 1801 illo
1683 1760 1778 1801 loco

265 1828 524 1870 sententiam
556 1827 798 1881 etquidem
833 1828 900 1869 his
940 1827 1135 1869 versibus
1177 1829 1263 1883 [42,
1295 1832 1342 1881 33
1375 1833 1440 1879 64,
1473 1829 1516 1884 3]
1560 1827 1622 1870 ‘in
1655 1832 1777 1870 terris

265 1911 428 1946 nascor,
460 1901 621 1949 lympha
643 1901 769 1947 lavor,
793 1911 955 1950 unyuor
986 1894 1129 1947 οῖίυο’;
1169 1896 1330 1948 ‘meque
1361 1904 1469 1939 tenet
1499 1912 1658 1947 numen,
1686 1911 1778 1938 ven-

267 1973 330 2007 tus
361 1969 482 2015 timet,
516 1980 671 2017 aequor
703 1963 892 2008 adorat'.
955 1980 1065 2019 quae
1093 1965 1212 2007 vides
1244 1967 1424 2020 propria
1454 1966 1619 2007 firmari
1651 1980 1777 2007 excu-

265 2035 444 2075 satione.
506 2037 552 2075 at
596 2034 708 2076 male
752 2034 886 2075 habet
934 2034 1049 2088 quod
1095 2035 1374 2077 Heumannus
1420 2034 1538 2076 dedit
1583 2034 1780 2076 similiter

265 2103 587 2157 interpunctum
621 2117 789 2144 versum
827 2103 1083 2156 aenigmatis
1124 2103 1176 2144 de
1211 2103 1356 2157 pluvio
1398 2104 1595 2144 ultimum
1633 2104 1690 2158 [9,
1723 2104 1778 2158 3].

267 2171 342 2212 sed
386 2171 571 2212 maxime
615 2172 909 2224 quaerendum
948 2171 1072 2223 illud,
1114 2171 1312 2213 bucolica
1355 2172 1561 2213 incisione
1597 2186 1652 2213 an
1695 2172 1780 2213 sint

267 2240 470 2281 delectati
492 2240 745 2281 Latinorum
768 2241 817 2291 ei,
850 2240 1089 2294 pastoralia
1121 2241 1194 2293 qui
1218 2241 1410 2282 carmina
1434 2244 1778 2294 composuerunt.

266 2309 381 2362 quod
412 2309 447 2350 si
478 2322 601 2350 secus
634 2308 794 2359 evenit,
837 2309 932 2362 quis
964 2309 1051 2350 iam
1083 2308 1249 2360 credet,
1289 2309 1408 2350 illam
1449 2309 1564 2363 apud
1595 2309 1779 2350 relicuos

265 2376 534 2431 optinuisse?
603 2377 737 2430 igitur
783 2377 1041 2431 Calpurnius
1086 2377 1246 2430 eclogis
1297 2378 1438 2432 prima
1489 2382 1532 2418 et
1579 2376 1779 2427 secunda,

265 2460 448 2499 quorum
492 2449 593 2486 sunt
637 2459 786 2486 versus
833 2445 1017 2496 CXCIV,
1068 2445 1202 2487 habet
1247 2446 1636 2500 interpunctionem
1681 2448 1781 2499 post

264 2517 465 2568 quartam
498 2513 644 2554 sedem
673 2513 947 2564 duodeciens,
978 2513 1261 2556 Nemesianus
1295 2515 1512 2568 opusculis
1534 2515 1618 2555 illis
1649 2515 1711 2569 [13
1736 2515 1779 2569 2]

257 2581 371 2624 ‘dum
405 2586 563 2632 fiscella
597 2584 668 2622 tibi
702 2585 872 2633 fluviali,
906 2583 1057 2634 Tityre,
1098 2580 1261 2633 iunco',·
1308 2581 1546 2635 ‘formosam
1585 2586 1780 2624 Douacen

262 2654 362 2692 Idas
401 2665 513 2702 puer
545 2657 583 2691 et
617 2663 726 2700 puer
757 2647 905 2691 Alcon'
948 2675 1006 2681 ——
1043 2651 1260 2704 complent
1291 2655 1430 2693 metra
1463 2651 1696 2693 CLXXVII
1725 2676 1780 2681 —

261 2723 349 2769 ter,
391 2733 476 2760 11011
513 2718 698 2772 saepius.
761 2718 815 2759 ab
845 2719 911 2759 his
943 2719 1089 2772 paullo
1122 2719 1316 2761 diversus
1349 2720 1582 2773 Vergilius,
1622 2719 1780 2773 quippe

261 2787 334 2841 qui
364 2788 408 2828 in
441 2787 590 2828 decem
614 2786 785 2840 eclogis,
818 2801 928 2840 quae
952 2787 1114 2829 habent
1135 2802 1336 2829 numeros
1360 2788 1476 2828 circa
1498 2788 1778 2838 DCCCXXX,

261 2855 576 2909 quinquagiens
618 2855 877 2909 quinquiens
925 2859 1023 2910 post
1064 2860 1265 2910 quartum
1314 2856 1531 2909 dactylum
1578 2855 1779 2896 inciderit

278 2924 523 2965 ententiam.
597 2927 748 2966 contra
791 2924 906 2965 idem
954 2925 997 2965 in
1038 2925 1251 2966 Aeneidos
1298 2925 1436 2978 primo
1487 2939 1537 2965 ac
1581 2938 1692 2965 nono
1738 2927 1781 2965 et
