1898 3292
746 237 865 262 LIBER
883 237 1040 261 PRnuvs.
1569 226 1585 263 1
1599 225 1647 262 15

142 340 324 394 vestigia
365 340 435 395 [cf.
469 341 508 382 S.
541 344 616 392 463
649 344 724 392 473
756 345 833 391 493
867 343 940 389 9⁴53
975 342 1018 379 A.
1050 341 1125 389 803
1158 338 1198 378 S.
1231 337 1315 391 45].
1376 336 1648 390 phalaecium

143 409 316 463 Sappho
348 409 529 460 invenit,
571 422 700 462 quam
731 409 773 449 in
803 407 951 461 quinto
984 407 1094 448 libro
1128 406 1324 459 exempla
1353 406 1444 446 eius
1477 409 1519 446 et
1551 418 1648 445 con-

141 478 310 519 tinuata
340 478 535 531 posuisse
569 481 612 518 et
642 477 837 531 dispersa
868 479 1020 517 auctor
1043 478 1108 516 est
1130 474 1305 516 Caesius
1328 473 1488 514 Bassus
1520 473 1600 527 [gr.
1622 473 1648 513 l.

142 545 211 597 VI,
241 546 355 601 258]
416 545 688 600 asclepiadeo
720 549 904 598 utroque
934 545 1029 598 ipsa
1068 543 1232 597 pariter
1262 546 1304 584 et
1336 542 1519 583 Alcaeus
1551 554 1648 582 con-

142 615 370 656 cinnarunt
402 614 602 655 carmina.

257 682 497 737 Glyconeus
535 697 630 724 cum
662 682 944 736 pherecrateo
976 681 1162 735 primum
1194 679 1310 734 apud
1341 678 1556 721 Catullum
1586 678 1649 719 in-

142 752 327 802 venitur,
360 765 497 805 neque
529 751 750 792 dubiumst
781 751 884 804 quin
912 754 955 792 et
985 749 1038 791 ab
1071 749 1166 790 aliis
1198 748 1448 790 cantoribus
1477 747 1650 802 Eupho-

141 820 274 862 rionis
306 820 361 861 sit
393 824 604 874 receptus.
655 819 838 873 posthac
868 819 950 860 fuit
979 817 1365 872 frequentissimus.
1415 820 1480 858 est
1506 820 1650 858 autem

143 893 238 931 octo
268 888 543 944 syllabarum,
574 892 773 930 constans
805 887 1010 929 trochaeo
1042 887 1085 928 in
1115 886 1211 928 basi
1241 887 1457 945 posito-et
1480 885 1650 940 dactylo

142 972 238 999 cum
271 958 441 999 cretico.
503 958 573 998 hic
605 972 700 999 cum
731 957 973 1012 systematis
1016 956 1217 997 similium
1252 968 1526 997 numerorum
1558 954 1650 1008 plu-

142 1027 295 1067 rimum
323 1027 477 1079 vigeat,
511 1026 712 1068 continuo
745 1026 860 1067 solus
893 1025 1081 1066 carmine
1113 1025 1297 1078 primum
1333 1023 1554 1065 adhibitus
1588 1026 1652 1064 est

143 1110 168 1137 a
199 1097 381 1147 Seneca,
425 1095 516 1149 qui,
555 1099 715 1148 quanto
747 1098 943 1149 praestat
973 1094 1187 1148 elegantia
1221 1097 1264 1135 et
1297 1093 1526 1135 severitate
1559 1105 1651 1133 ver-

142 1179 277 1216 suum,
298 1168 420 1206 tanto
444 1164 580 1206 minor
603 1167 668 1205 est
690 1163 896 1218 eligendis
920 1162 1251 1216 digerendisque
1273 1162 1473 1203 numeris.
1521 1165 1652 1215 atque

141 1234 254 1275 hunc
283 1233 417 1274 secuti
449 1236 548 1274 sunt
579 1235 800 1274 auctorem
832 1231 992 1273 saeculi
1022 1246 1061 1285 p.
1085 1231 1181 1273 Chr.
1204 1246 1242 1272 n.
1273 1231 1390 1272 tertii
1422 1234 1577 1284 poetae
1610 1234 1653 1271 et

143 1302 226 1358 alii.
272 1328 321 1331 -
363 1302 449 1343 iam
491 1301 694 1356 glyconeo
732 1301 767 1343 si
801 1301 1037 1355 dempseris
1070 1300 1293 1355 syllabam,
1332 1300 1470 1341 oritur
1499 1299 1651 1353 phere-

144 1374 325 1411 crateus.
385 1373 431 1411 at
461 1370 504 1411 in
535 1384 666 1411 unum
703 1369 860 1411 collato
893 1372 1078 1423 utroque
1109 1369 1300 1410 nascitur
1330 1382 1479 1410 versus
1511 1367 1651 1408 mollis

143 1453 194 1480 ac
226 1439 436 1480 delicatus
469 1453 520 1480 ac
551 1438 708 1493 Priapo
741 1438 834 1490 deo,
867 1452 892 1479 a
923 1452 1006 1492 quo
1040 1437 1429 1480 Alexandrinorum
1458 1441 1651 1490 tempore

142 1508 276 1549 traxit
305 1521 477 1558 nomen,
510 1511 636 1561 aptus
670 1507 744 1561 (ad
776 1509 1049 1549 Anacreonta
1080 1510 1301 1548 auctorem
1333 1506 1556 1560 referunt).
1617 1505 1652 1546 is

145 1590 169 1618 a
192 1576 358 1618 Catullo
391 1580 434 1617 et
455 1576 667 1631 Priapeon
700 1580 830 1630 poeta
861 1575 1048 1630 quodam
1078 1575 1310 1617 adhibitus.
1372 1575 1447 1616 sed
1477 1589 1561 1616 non
1591 1574 1653 1615 ita

145 1644 324 1686 multum
366 1649 465 1699 post
496 1646 679 1699 Augusti
709 1649 906 1699 tempora
948 1645 992 1686 in
1024 1645 1350 1686 desuetudinem
1379 1644 1521 1685 abisse
1554 1643 1653 1684 inde

144 1718 349 1768 apparet,
399 1714 514 1767 quod
559 1714 841 1756 Terentianus
890 1714 1154 1769 [2752—81]
1203 1713 1400 1767 exempla
1446 1713 1558 1764 eius,
1606 1716 1654 1754 ut

144 1782 355 1824 oblivione
387 1783 554 1825 diutina
586 1783 725 1834 alieni,
758 1782 948 1824 mirificis
980 1782 1173 1824 turbavit
1202 1782 1387 1836 ineptiis.

258 1851 416 1894 Addito
448 1865 548 1893 vero
580 1856 677 1906 post
705 1851 830 1894 basin
863 1852 1056 1907 glyconei
1088 1850 1337 1892 choriambo
1360 1851 1498 1892 oritur
1519 1850 1653 1892 ascle-

143 1920 324 1974 piadeus
354 1920 505 1972 minor,
539 1934 622 1974 quo
654 1924 753 1975 post
786 1920 990 1962 Alcaeum
1023 1924 1065 1962 et
1101 1920 1275 1974 Sappho
1306 1919 1376 1974 [cf.
1409 1919 1508 1960 Atil.
1537 1919 1652 1960 Fort.

144 2002 204 2042 gr.
227 1989 252 2030 l.
275 1989 344 2041 VI,
369 1990 469 2045 295]
500 1990 663 2044 primus
694 2004 797 2031 usus
828 1989 1047 2040 Horatius,
1079 1988 1232 2030 deinde
1266 1988 1340 2030 alii
1370 1987 1487 2030 haud
1514 1988 1653 2042 pauci.

144 2058 363 2112 proximus
410 2062 474 2100 est
525 2058 822 2112 asclepiadeus
872 2058 1035 2109 maior,
1087 2058 1160 2111 qui
1204 2057 1254 2098 fit
1300 2057 1437 2098 altero
1484 2056 1653 2098 adiecto

145 2126 405 2168 choriambo.
459 2127 589 2169 etiam
620 2127 734 2169 hunc
757 2126 987 2169 Aeolenses
1020 2140 1254 2180 eorumque
1286 2126 1481 2180 exemplo
1510 2125 1654 2167 Catul-

143 2195 210 2237 lus
244 2195 296 2250 [c.
330 2196 401 2251 30]
444 2200 487 2238 et
528 2197 757 2247 Horatius,
802 2200 893 2238 tum
933 2196 1084 2250 paucis
1130 2195 1325 2237 versibus
1371 2195 1655 2237 Terentianus

146 2264 275 2319 [2714
297 2265 421 2320 sqq.],
453 2265 636 2319 denique
658 2265 918 2307 Prudentius
941 2265 1113 2320 [praefi]
1136 2264 1345 2315 adhibuit,
1380 2263 1451 2305 hic
1481 2263 1654 2317 quidem

145 2333 404 2387 praepositis
437 2333 641 2389 glyconeo
673 2338 715 2376 et
747 2333 1018 2388 asclepiadeo
1050 2334 1237 2384 minore,
1267 2336 1315 2374 ut
1347 2332 1470 2387 quasi
1502 2332 1654 2373 seriem

147 2402 322 2455 originis
355 2402 487 2443 trium
519 2406 876 2444 commonstraret
905 2405 1153 2443 metrorum.

261 2470 338 2512 His
363 2470 515 2512 adfinis
546 2484 694 2513 versus
725 2470 975 2525 phalaecius
1011 2474 1239 2525 postquam
1283 2469 1414 2511 semel
1454 2473 1654 2523 receptus

147 2541 222 2589 est,
255 2552 384 2592 quam
413 2539 626 2594 placuerit
647 2540 864 2587 Romanis,
900 2553 1031 2594 supra
1060 2539 1146 2580 iam
1178 2537 1405 2580 declaravi.
1471 2537 1583 2579 unde
1613 2541 1656 2578 et

147 2608 320 2662 proprie
364 2607 617 2662 plerumque
662 2608 1012 2664 hendecasyllabi
1059 2607 1230 2649 nomine
1278 2606 1544 2661 significatur
1589 2605 1655 2660 [ut

148 2675 237 2718 Cat.
264 2679 327 2728 12,
361 2680 432 2729 103
467 2677 622 2718 Auson.
651 2691 714 2732 ep.
745 2681 783 2729 4,
806 2680 859 2720 82
883 2691 967 2731 sq.;
1000 2676 1202 2718 Prudent.
1225 2676 1318 2730 peri
1341 2679 1391 2717 st.
1415 2679 1453 2726 6,
1486 2675 1597 2729 162}

260 2745 322 2786 Eo
354 2745 425 2786 vix
457 2745 595 2786 minus
626 2746 836 2799 populare
868 2745 950 2787 fuit
981 2745 1165 2786 alterum
1195 2743 1655 2798 hendecasyllaborum

150 2824 304 2864 genus,
346 2813 414 2854 cui
454 2827 479 2854 a
521 2814 695 2868 Sappho
739 2828 893 2855 nomen
929 2813 1165 2855 inditumst.
1237 2813 1301 2864 id,
1345 2813 1380 2853 si
1423 2815 1655 2866 systemate

151 2880 327 2922 cohibiti
357 2895 504 2923 versus
537 2882 795 2924 dirimantur
836 2886 974 2924 metro
1016 2882 1191 2932 adonio,
1232 2881 1359 2933 longe
1401 2880 1655 2922 iucundissi-

150 2954 317 2991 mumst.
368 2950 550 2991 multum
582 2951 693 2991 enim
724 2951 839 2992 valet
860 2952 1018 3005 lepore,
1051 2954 1096 2992 at
1116 2964 1200 2991 non
1222 2949 1399 3003 perinde
1422 2949 1472 2990 vi.
1522 2963 1656 3002 quare

1339 3017 1380 3050 8*
