1898 3292
762 237 880 263 LIBER
899 237 1110 264 sncvxnvs.
1615 231 1625 268 1
1640 232 1690 270 :39

298 339 450 382 Restat
491 344 538 382 ut
581 340 631 380 cle
664 340 852 382 Senecae
894 340 1032 382 dicam
1075 342 1373 393 monometris,
1414 343 1486 395 qui
1529 346 1569 383 et
1609 344 1690 397 ipsi

184 409 452 450 severissima
483 409 586 449 lima
608 413 706 450 sunt
729 409 940 462 castigati.
992 423 1089 450 nam
1113 410 1542 463 proceleusmaticum
1565 413 1690 453 unius

182 477 303 531 pedis
334 477 471 518 instar
504 477 688 531 positum
721 477 855 518 habet
884 492 1128 531 numquam,
1161 492 1237 532 pro
1268 478 1465 520 binorum
1494 481 1690 533 partibus

182 546 399 587 rarissime
431 545 574 600 [Herc.
593 545 671 587 fur.
698 550 826 597 10643
859 546 984 587 Herc.
1009 546 1099 587 Oet.
1127 551 1229 598 1853
1256 551 1356 598 1953
1384 551 1513 600 18833
1551 551 1690 604 1887}

182 616 230 654 ut
261 617 304 655 et
335 613 540 656 Octaviae
572 618 723 655 auctor
755 615 878 669 [6463
911 615 1024 669 904}
1087 619 1131 656 at
1172 616 1383 657 concessis
1415 617 1596 670 pedibus
1630 620 1691 659 sic

181 682 329 732 utitur,
361 696 445 724 non
477 683 602 724 nimis
632 682 882 736 frequenter
911 687 957 724 ut
989 684 1213 737 anapaesti
1244 688 1286 725 et
1316 684 1454 725 minus
1484 687 1610 727 etiam
1644 691 1691 728 ut

182 750 359 804 spondei
390 752 663 793 inveniantur
695 752 933 792 continuati
966 751 1061 793 duo.

296 820 511 873 Superant
542 834 690 861 versus
722 821 998 874 paroemiaci.
1055 821 1210 874 quibus
1241 822 1416 875 proprie
1447 823 1691 865 excolendis

181 888 360 929 multum
393 888 556 939 offecit,
599 889 713 942 quod
754 889 895 942 prima
936 903 1082 930 eorum
1118 891 1282 943 species
1316 893 1506 944 congruit
1544 907 1690 934 versus

181 956 341 998 heroici
384 958 421 998 ei
465 958 601 1011 parti,
644 971 754 1010 quae
800 961 896 1011 post
929 971 1151 999 caesuram
1187 960 1535 1012 semiquinariam
1565 961 1691 1002 reliu-

182 1026 340 1079 quitur.
394 1027 542 1079 itaque
575 1029 617 1067 et
640 1026 795 1067 Graeci
827 1025 917 1067 fere
952 1026 1064 1067 hano
1096 1032 1324 1069 servarunt
1352 1028 1532 1070 formam
1569 1031 1691 1083 quasi

180 1095 430 1148 primariam
473 1099 515 1135 et
558 1095 694 1148 magis
732 1094 859 1135 etiam
892 1095 1043 1136 Latini.
1106 1110 1204 1136 nam
1249 1097 1363 1150 apud
1402 1097 1479 1139 hos
1512 1104 1691 1152 excepto

181 1163 386 1213 Varrone,
418 1163 538 1204 cuius
561 1167 660 1204 sunt
680 1163 786 1204 talia
825 1162 1046 1215 ‘sanquine
1068 1168 1175 1205 rivos
1198 1164 1455 1216 complet-eff,
1501 1166 1688 1209 ‘munera

180 1233 272 1272 belli
302 1238 346 1272 ut
378 1229 679 1282 praestat-ens,
726 1245 850 1273 nemo
893 1236 969 1273 aut
1009 1233 1125 1274 arsin
1158 1233 1321 1275 solvere
1355 1239 1429 1276 aut
1460 1235 1688 1277 molossum

179 1299 221 1340 in
252 1299 325 1340 fini
356 1313 516 1354 ponere
545 1300 760 1341 sustinuit.

297 1368 439 1422 Longe
481 1369 725 1410 intricatius
768 1369 931 1410 habent
970 1369 1144 1411 iambici
1185 1385 1333 1412 versus
1377 1386 1427 1412 ac
1467 1372 1690 1426 trochaici,

180 1450 286 1490 quos
309 1437 481 1490 quidem
502 1442 680 1491 propter
701 1451 909 1478 summam
932 1439 1157 1492 utriusque
1179 1440 1345 1481 numeri
1369 1441 1689 1483 similitudinem

178 1506 462 1547 tractabimus
493 1519 590 1547 una.
651 1520 750 1547 nam
780 1510 822 1547 et-
853 1506 1065 1548 solutione
1098 1508 1207 1548 arsis
1240 1512 1282 1549 et
1323 1510 1549 1562 anapaesti
1590 1510 1690 1551 dac-

178 1574 308 1629 tylive
351 1588 428 1628 pro
468 1574 612 1616 iambo
654 1588 705 1615 ac
743 1574 948 1616 trochaeo
990 1575 1245 1618 admittendi
1282 1577 1376 1631 lege
1411 1592 1485 1619 seu
1515 1578 1689 1620 licentia

178 1643 290 1684 inter
322 1656 394 1684 eos
425 1643 585 1697 ubique
616 1643 706 1685 fere
741 1644 948 1685 convenit.

295 1713 355 1753 Ac
386 1712 568 1765 primum
601 1711 772 1765 quidem
804 1712 856 1753 de
889 1713 1077 1766 spondeo
1108 1714 1240 1755 iambi
1271 1715 1337 1755 vel
1369 1715 1563 1756 trochaei
1594 1716 1688 1757 loco

178 1781 318 1834 posito
341 1780 565 1834 agendum.
612 1781 732 1822 cuius
754 1781 816 1822 rei
839 1781 1132 1835 expediendae
1156 1782 1387 1824 difficultas
1404 1783 1486 1825 hoc
1503 1785 1687 1826 maxime

179 1850 441 1900 continetur,
483 1849 597 1902 quod
639 1863 717 1890 nec
753 1849 909 1903 pedum
943 1850 1208 1892 diversorum
1241 1856 1316 1893 aut
1347 1857 1581 1894 metrorum
1615 1858 1689 1895 aut

179 1918 415 1959 carminum
447 1917 595 1959 eadem
628 1918 710 1959 fuit
740 1918 933 1959 condicio
962 1932 1100 1972 neque
1132 1923 1374 1974 temporum
1408 1925 1686 1964 auctorumve

178 1986 296 2027 nulla
327 1985 582 2028 differentia.

292 2055 429 2108 Igitur
458 2055 585 2109 primi
615 2055 789 2097 iambici
820 2069 870 2096 ac
901 2056 1111 2097 trochaici
1143 2057 1268 2098 metri
1299 2057 1560 2110 inventores,
1603 2074 1688 2113 quo

177 2123 370 2164 levarent
401 2122 700 2165 difficultatem
733 2137 783 2165 ac
814 2124 1005 2166 taedium
1038 2125 1251 2176 carminis,
1284 2127 1451 2168 ratione
1484 2142 1566 2169 non
1600 2129 1685 2169 iam

179 2205 354 2245 prorsus
387 2196 556 2246 aperta,
597 2196 785 2234 ceterum
819 2192 946 2234 solita
973 2193 1150 2235 Graecis
1180 2194 1328 2235 iudicii
1361 2195 1577 2249 elegantia
1608 2198 1686 2247 usi,

177 2260 289 2301 notis
329 2260 437 2301 locis
478 2260 690 2302 admisere
737 2261 971 2315 spondeum
1014 2265 1195 2316 excepta
1235 2267 1379 2305 tamen
1421 2265 1687 2318 paenultima

177 2328 277 2369 sede
298 2342 498 2370 versuum
526 2329 676 2370 talium
722 2329 848 2370 ‘veris
872 2337 909 2371 et
930 2333 1085 2371 Favoni
1098 2328 1125 2379 '‚
1171 2330 1338 2373 ‘timolus
1362 2337 1497 2374 colore
1518 2330 1685 2374 noctis’.

178 2410 263 2450 qua
290 2396 466 2438 licentia
498 2397 651 2451 cupide
683 2399 747 2439 usi
781 2397 982 2453 dactylici
1015 2399 1156 2440 Latini
1194 2400 1461 2442 abundantia
1502 2402 1686 2443 maxime

176 2465 332 2518 pedum
369 2465 544 2516 talium,
588 2466 713 2507 simul
756 2467 857 2520 quia
897 2471 1036 2508 metra
1076 2468 1161 2509 ista
1201 2472 1249 2510 ut
1288 2469 1518 2523 plurimum
1559 2471 1685 2523 longe

177 2534 339 2574 minore
372 2547 499 2587 quam
532 2533 746 2588 dactylica
776 2535 978 2576 fruuntur
1007 2535 1223 2578 libertate.

290 2601 390 2642 Fuit
428 2602 581 2653 etiam,
619 2602 693 2644 ubi
728 2603 955 2644 cumulatis
999 2604 1198 2658 spondeis
1238 2604 1367 2647 decor
1409 2610 1451 2647 et
1496 2607 1684 2659 gravitas

178 2672 461 2721 quaereretur
491 2671 649 2721 versui,
689 2674 737 2712 ut
772 2675 879 2725 puta
908 2672 951 2712 in
984 2673 1171 2714 carmine
1204 2674 1381 2726 tragico.
1442 2674 1590 2727 itaque
1621 2675 1683 2714 in-

177 2740 321 2778 certus
351 2738 673 2790 grammaticus,
714 2739 833 2780 cuius
877 2740 1129 2793 opusculum
1171 2741 1280 2782 solet
1316 2742 1435 2795 iungi
1464 2742 1684 2783 Censorini

175 2804 286 2846 libro
309 2805 361 2846 de
383 2805 451 2846 (lie
473 2806 620 2855 natali,
652 2807 766 2860 quod
798 2807 901 2848 dicit
933 2809 1011 2863 [gr.
1033 2809 1058 2849 l.
1084 2809 1151 2860 VI,
1175 2810 1275 2863 612]
1306 2809 1417 2850 hunc
1439 2811 1680 2852 trimetrum

177 2886 269 2914 esse
301 2874 512 2926 tragicum
545 2876 628 2929 (est
661 2876 791 2927 Accii,
822 2876 895 2917 sed
928 2877 1112 2918 fortasse
1143 2891 1226 2918 non
1258 2877 1363 2918 nihil
1394 2880 1623 2932 mutatus):

484 2965 550 2997 pro
575 2957 675 2988 veste
701 2955 823 2998 pinnis
847 2957 1011 2989 membra
1037 2957 1147 2990 textis
1173 2958 1349 3001 contegit,
