1898 3292
254 263 336 300 438
860 268 981 292 mmm
999 267 1155 292 SEXTVS.

247 376 489 423 flammulae,
515 375 738 421 folliculus,
771 369 936 412 similia.
968 369 1116 409 eudem
1141 373 1315 410 extenta
1346 369 1621 422 reperiuntur
1653 374 1762 410 caui-

254 444 359 489 cula‚
392 442 604 487 clavicula,
628 442 842 487 craticula,
865 441 1055 486 cuticula,
1079 441 1309 489 leyel‘icula,
1330 440 1620 488 febriculosus,
1646 442 1762 488 pedi-

255 513 438 556 culosus,
483 510 738 555 siticulosus,
785 510 1089 548 sonueiculosus.
1160 506 1244 546 iam
1288 509 1442 556 Apulus
1484 509 1526 546 et
1565 509 1764 556 Apuliclas

258 575 408 631 [Lucil.
440 575 514 626 III,
547 576 618 629 23]
662 589 756 616 cum
799 588 967 628 semper
1007 574 1203 615 brevient
1235 589 1272 623 u,
1313 577 1461 624 Apulia
1492 573 1669 615 eandem
1701 574 1763 614 in-

255 643 406 686 tendit.
459 643 534 685 sed
563 643 674 684 enim
706 643 845 696 prima
875 642 992 683 haud
1023 642 1202 696 perinde
1224 642 1428 692 variatur,
1462 642 1564 695 quin
1597 656 1766 696 semper

256 713 417 754 habeat
452 727 478 753 a
512 712 683 765 longam
727 711 797 765 [cf.
829 711 1001 752 Lachm.
1032 724 1101 764 pg.
1135 712 1220 765 37].
1281 710 1394 752 unde
1426 715 1576 761 Apulos
1618 710 1765 751 cretici

257 780 452 835 exemplo
495 794 651 822 usurus
692 780 836 833 posuit
870 779 1154 820 Terentianus
1189 780 1352 833 [1430]
1414 778 1604 832 alioquin
1639 778 1766 820 huius

256 850 459 891 licentiae
508 848 705 902 exempla
751 852 850 890 sunt
894 861 1076 901 perrara
1121 847 1237 901 apud
1277 847 1510 901 scriptores
1553 846 1766 897 classicos,

257 931 519 971 quamquam
553 920 800 958 statuerunt
820 916 1014 957 homines
1036 916 1151 957 docti
1185 929 1210 956 a
1232 915 1371 957 Statio
1403 918 1599 956 arietibus
1634 915 1766 969 [theb.

257 987 309 1037 ΙΙ,
341 988 442 1041 492]
477 989 530 1036 et,
563 985 679 1038 quod
710 985 851 1026 verius
883 984 1063 1034 videtur,
1093 989 1270 1036 qlomcre
1302 976 1327 1024 a
1359 983 1559 1024 Lucretio
1593 984 1765 1037 [1,360]

256 1054 386 1107 longa
424 1054 525 1108 poni
567 1053 945 1107 antepaenultima.
1006 1053 1221 1093 invenitur
1251 1056 1481 1105 utrumque
1512 1052 1690 1093 verbum
1727 1056 1769 1093 et

258 1123 361 1164 alibi
394 1122 637 1176 quantitate
670 1121 833 1172 eadem,
865 1135 1011 1162 verum
1043 1121 1159 1174 apud
1191 1124 1390 1162 auctores
1421 1120 1657 1174 pudendos,
1688 1120 1770 1161 hoc

259 1195 324 1233 est
346 1191 473 1232 Afros
504 1190 809 1241 balbutientes,
841 1190 903 1231 ita
935 1189 1113 1243 [anthol.
1141 1192 1236 1239 209,
1270 1193 1314 1240 03
1349 1192 1445 1239 244,
1471 1192 1520 1229 17
1551 1188 1614 1229 ed.
1638 1189 1768 1240 Ries.;

257 1260 427 1313 Coripp.
449 1259 532 1300 ioh.
563 1259 615 1309 II,
645 1260 770 1313 400]:
816 1261 1001 1308 pule-eris
1039 1266 1080 1298 ut
1112 1261 1247 1308 pilula
1281 1260 1413 1298 brevis
1446 1271 1501 1301 es,
1544 1266 1585 1298 ut
1615 1262 1769 1309 qlomus

258 1332 323 1369 hic
346 1342 465 1369 erras
497 1332 539 1368 et
564 1341 716 1381 porro:
748 1341 827 1368 uon
850 1330 981 1367 ariete
1001 1329 1121 1378 aravi
1153 1329 1215 1367 et:
1248 1340 1324 1367 non
1350 1329 1480 1366 arletc
1501 1339 1637 1367 cavas.
1684 1325 1770 1366 alia

258 1400 401 1438 autem
451 1400 629 1450 propter
678 1395 943 1449 paucitatem
994 1394 1286 1448 exemplorum
1337 1395 1592 1435 incertumst
1640 1408 1768 1447 quam

258 1468 495 1518 sequantur
534 1478 789 1506 mensuram.
859 1462 934 1504 sed
978 1463 1086 1504 haec
1126 1463 1293 1504 curiose
1332 1466 1583 1504 enumerata
1625 1462 1770 1503 Indice

260 1533 492 1575 Summarii
525 1532 863 1586 orthographiae
895 1545 945 1573 ac
975 1531 1204 1585 prosodiae
1226 1531 1420 1581 Latinae,
1453 1530 1568 1585 quod
1600 1544 1636 1572 a.
1663 1534 1770 1573 1878

260 1601 386 1643 edidi.
446 1615 559 1643 nunc
588 1615 729 1655 pauca
759 1600 953 1654 tetigisse
981 1600 1087 1641 satis
1118 1600 1211 1641 erit.

375 1669 519 1712 Veluti
546 1684 630 1711 non
661 1672 842 1719 constat,
875 1673 1055 1709 locustae
1085 1668 1225 1722 prima
1256 1682 1342 1722 qua
1363 1667 1495 1710 fuerit
1516 1668 1771 1721 quantitate.

262 1752 391 1792 quam
423 1738 628 1792 produxit
661 1737 883 1779 Phaedrus
915 1740 1051 1777 metro
1082 1736 1160 1777 tali
1196 1735 1295 1792 [fab.
1319 1736 1411 1778 Per.
1440 1739 1505 1787 30,
1538 1736 1578 1792 7]
1624 1735 1769 1788 ‘qt-illi,

259 1810 490 1856 scarabaei,
521 1811 769 1848 locustarum
799 1802 958 1856 σφω’,
991 1818 1069 1846 nec
1102 1805 1242 1846 minus
1265 1804 1474 1858 Corippus
1511 1804 1696 1860 [iohann.
1720 1805 1772 1855 II,

264 1874 372 1931 196]‚
403 1888 487 1916 non
519 1878 663 1916 autem
684 1875 905 1925 Iuvencus,
935 1888 961 1915 a
992 1874 1112 1915 cuius
1145 1873 1359 1926 elegantia
1382 1873 1568 1914 alienum
1590 1887 1772 1923 versum,

261 1944 334 1997 qui
366 1943 523 1996 legitur
553 1946 652 1997 post
681 1943 713 1994 Ι,
741 1946 822 1984 324
852 1943 895 1983 in
919 1945 1040 1996 purte
1071 1941 1293 1994 librorum,
1329 1946 1451 1983 cdere
1481 1946 1657 1983 locustas
1689 1941 1773 1995 (vel

261 2017 437 2053 locustas
469 2012 609 2065 edere)
649 2014 790 2052 solitus
822 2013 1032 2052 ruralibus
1065 2014 1175 2051 arven<
1218 2014 1334 2052 recte
1373 2014 1499 2064 putat
1537 2009 1772 2051 Maroldus.

262 2084 414 2121 contra
445 2080 615 2122 Turnus
646 2082 797 2121 satura
836 2079 879 2120 in
911 2079 1124 2120 Neronem
1165 2078 1217 2120 de
1257 2082 1362 2120 nota
1395 2077 1585 2120 venefica
1626 2078 1771 2134 [schol.

259 2148 347 2190 Iuv.
382 2151 418 2199 1,
452 2147 545 2204 71]:

536 2234 580 2256 ex
607 2234 678 2266 quo
706 2221 903 2256 Caesareas
929 2222 1075 2256 soboles
1104 2221 1288 2255 horrenda
1312 2221 1497 2264 Locusta3

261 2289 304 2326 et
334 2276 486 2338 nequis
519 2285 701 2326 nominis
732 2284 897 2338 proprii
926 2284 1086 2326 obiciat
1109 2284 1416 2335 diversitatem,
1447 2285 1489 2325 in
1513 2284 1773 2338 appellativo

260 2352 512 2394 breviarunt
543 2368 564 2393 ο
597 2352 859 2394 Octavianus
900 2352 951 2408 [v.
987 2352 1078 2408 58],
1120 2352 1379 2394 Prudentius
1423 2352 1626 2408 [diptych.
1663 2352 1774 2408 117],

261 2421 411 2463 Avitus
444 2420 507 2476 [V‚
534 2420 641 2477 194],
675 2421 892 2474 Eugenius
927 2420 1009 2477 [20⁷
1033 2420 1086 2476 55].
1139 2420 1237 2461 dein
1267 2423 1459 2462 sabucum
1486 2421 1614 2474 longa
1635 2421 1775 2475 prima

263 2503 358 2531 cum
393 2488 662 2530 adhibuisset
692 2488 882 2530 Lucilius
914 2488 1034 2544 [Non.
1069 2493 1135 2539 74,
1170 2488 1258 2544 19]:

353 2562 492 2606 ardum,
520 2563 704 2606 miserum,
730 2566 850 2596 atrum
875 2562 993 2609 adque
1017 2563 1145 2596 infelix
1170 2562 1310 2606 lignum
1336 2564 1512 2597 sabucum
1537 2566 1673 2597 vocant

262 2628 324 2680 (et
350 2626 565 2667 invenitur
592 2625 825 2678 aliquando
847 2626 890 2666 in
913 2625 1134 2667 codicibus
1165 2625 1270 2666 illud
1300 2626 1545 2680 sambucus),
1575 2625 1775 2667 inminuit

263 2708 357 2736 eam
389 2693 685 2735 Sammonicus
716 2693 855 2750 [787]:

538 2779 650 2812 parva
675 2768 832 2802 sabucus
857 2768 982 2802 itemst
1006 2767 1150 2802 hircino
1172 2768 1309 2802 conlita
1334 2779 1431 2802 sevo.

263 2845 342 2871 nec
377 2830 503 2871 aliter
532 2830 646 2871 idem
674 2845 737 2871 vv.
773 2833 873 2881 1023
906 2834 1008 2882 3373
1043 2833 1137 2872 503.
1168 2855 1224 2861 —
1254 2845 1384 2884 porro
1416 2834 1595 2882 massalia
1626 2830 1774 2883 Vergi-

261 2899 345 2940 lius
380 2898 487 2955 [aen.
520 2899 551 2950 I,
583 2898 706 2955 421]‚
751 2898 824 2952 qui
858 2913 967 2940 unus
998 2898 1080 2939 hoc
1111 2899 1320 2940 vocabulo
1351 2913 1454 2940 usus
1483 2898 1596 2939 inter
1627 2898 1774 2952 dacty-

263 2967 380 3018 licos,
411 2966 625 3021 producta
655 2967 839 3021 protulit
869 2967 1020 3021 prima.
1082 2967 1156 3008 sed
1188 2967 1440 3021 plerumque
1471 2966 1513 3007 id
1552 2967 1773 3008 confusum
