1898 3292
171 258 251 295 264
772 266 890 290 LIBER
909 265 1083 290 TERTIVS.

170 382 221 408 ne
244 367 407 407 Seneca
429 368 599 420 quiden]
623 367 665 407 id
688 367 862 408 admisit
884 367 1067 421 saepius,
1100 367 1220 408 cuius
1248 371 1348 407 sunt
1368 367 1475 408 haec
1506 367 1679 421 [Troad.

172 439 304 488 10183
335 435 461 477 Herc.
494 437 586 477 Oet.
619 436 767 490 1543]:

534 533 641 556 nemo
668 534 707 557 se
733 522 861 557 credet
885 523 1069 565 miserum,
1096 522 1184 556 licet
1211 523 1269 556 sit.

534 580 708 614 iusserint
732 580 843 613 nasci.
876 579 974 613 iacet
999 579 1168 614 omnibus
1192 591 1267 623 par,

536 648 644 681 quem
672 648 798 681 parem
825 636 933 670 tellus
958 636 1088 681 genuit
1112 637 1266 670 tonanti.

170 725 282 765 quae
329 711 531 753 antitheti
580 711 722 764 figura
770 724 845 752 seu
895 711 1094 765 repetitis
1141 715 1403 753 excusantur
1447 711 1679 754 vocabulis.

167 780 299 822 semel
328 780 459 822 etiam
489 779 640 821 vitiose
673 779 877 821 Paulinus
909 780 996 834 [17,
1030 780 1150 834 145]:

534 865 647 900 ducat
670 866 767 900 hunc
793 877 908 910 aeque
933 865 1108 900 famulum
1134 878 1239 900 suum
1265 865 1348 900 dux.

166 954 401 994 numquam
444 940 601 981 similia
640 940 861 994 protulere
904 940 1090 990 Statius,
1133 940 1367 991 Ausonius,
1409 941 1680 993 Prudentius,

168 1008 381 1060 Sidonius,
414 1008 639 1059 Luxorius,
673 1008 950 1049 Fortunatus.
1001 1022 1131 1062 porro
1154 1023 1322 1050 versum
1355 1009 1555 1051 adonium
1585 1025 1679 1051 cum

166 1092 297 1119 unum
329 1076 493 1118 habeat
522 1076 730 1118 Horatius
760 1076 891 1118 talem
922 1077 947 1117 l.
970 1077 1025 1118 IV
1057 1078 1143 1132 [11,
1167 1078 1210 1131 4]
1257 1076 1337 1118 ‘est
1369 1082 1549 1119 hederae
1582 1076 1679 1128 vis’‚

168 1150 215 1187 at
255 1145 360 1187 alibi
400 1146 470 1186 vix
510 1145 725 1187 inveneris
771 1146 908 1187 simile
947 1149 1122 1200 praeter
1167 1146 1248 1187 hoc
1289 1146 1454 1187 Paulini
1499 1147 1573 1202 [ib.
1609 1149 1680 1202 72]

158 1214 284 1265 ‘quae
314 1217 484 1265 rapiunt
514 1212 590 1255 te'.
659 1228 789 1268 porro
820 1214 864 1255 in
905 1218 1043 1256 metro
1083 1214 1355 1268 asclepiadeo
1396 1215 1559 1256 minore
1601 1218 1681 1258 etsi

166 1283 348 1324 Flaccus
391 1282 608 1337 dactylum
649 1286 748 1336 post
787 1283 913 1324 basin
956 1283 1145 1337 positum
1192 1283 1423 1336 aliquando
1470 1284 1680 1340 dactylico

167 1352 322 1393 extulit
351 1351 496 1402 verbo,
527 1351 635 1393 illud
667 1352 860 1405 exceptis
893 1352 1041 1405 paucis
1074 1352 1321 1393 Terentiani
1354 1353 1560 1406 exemplis
1593 1357 1680 1394 stu-

166 1420 286 1462 diose
325 1420 544 1461 evitarunt
581 1420 869 1473 insequentes.
930 1421 992 1461 ita
1031 1420 1246 1474 phalaecii
1277 1435 1425 1462 versus
1460 1421 1534 1462 fini
1562 1422 1680 1463 iden-

165 1488 298 1530 tidem
340 1502 437 1530 cum
479 1488 749 1530 adhibuisset
789 1489 984 1531 Catullus
1024 1489 1367 1544 monosyllabum
1413 1490 1680 1545 polysyllabo

164 1557 359 1613 proxime
389 1557 742 1612 praegrediente,
781 1557 827 1599 id
858 1558 1024 1599 Statius
1068 1558 1199 1600 semel
1239 1558 1343 1600 fecit
1381 1559 1425 1600 in
1457 1573 1679 1602 enumera-

165 1627 282 1669 tione
313 1627 554 1669 nominum:

533 1718 607 1741 non
631 1707 730 1742 leves
755 1707 868 1741 alicae
894 1718 962 1741 nec
987 1719 1158 1752 asperum
1184 1708 1248 1751 far,

165 1776 315 1830 itaque
346 1776 474 1818 simili
506 1776 784 1818 excusatione
816 1775 1039 1817 Sidonius:

532 1856 678 1901 hospes,
705 1859 843 1899 taurus,
870 1855 984 1901 Eryx,
1010 1868 1106 1899 aves,
1132 1855 1264 1901 Lycas,
1291 1857 1358 1891 fur.

164 1924 278 1967 idem
308 1924 458 1967 aliter:

533 2017 617 2050 pars
641 2006 827 2040 contraria
852 2006 902 2039 nil
928 2006 1061 2040 timens
1087 2009 1188 2040 tuam
1212 2007 1296 2041 vim.

166 2073 270 2115 alibi
302 2073 455 2115 violari
487 2078 625 2116 artem
657 2088 742 2116 non
773 2075 958 2116 memini.

280 2148 479 2190 Ceterum
515 2149 559 2189 in
589 2149 770 2204 rythmis
813 2149 1125 2204 dactylicorum
1165 2150 1419 2191 enarrandis
1461 2151 1679 2192 omisimus

166 2216 380 2271 quaedam
427 2217 570 2271 specie
617 2218 754 2271 magis
802 2232 929 2271 quam
970 2232 1017 2260 re
1060 2218 1201 2259 aliena
1243 2222 1285 2259 et
1322 2218 1450 2272 vulgo
1492 2220 1679 2261 usitatae

164 2286 292 2328 tmesi
323 2285 521 2327 obnoxia.
582 2287 714 2328 veluti
747 2287 841 2340 quis
873 2287 1021 2329 credet
1051 2290 1189 2328 artem
1220 2287 1335 2329 laedi
1365 2302 1416 2329 ea
1457 2303 1519 2340 re,
1564 2289 1679 2342 quod

164 2355 209 2396 in
253 2355 337 2396 fine
381 2355 624 2396 hexametri
672 2355 811 2397 fertur
863 2355 979 2410 apud
1024 2355 1302 2410 Calpurnium
1351 2355 1536 2399 ‘vixdum
1579 2361 1679 2399 bene

161 2421 344 2475 florenz’,
383 2423 499 2477 apud
531 2423 682 2465 Silium
721 2422 780 2464 ‘et
808 2421 1079 2475 superesse'?

280 2491 370 2532 Iam
405 2495 454 2533 ut
481 2492 656 2533 tertiam
679 2492 961 2546 ultimamque
982 2492 1109 2534 huius
1130 2492 1232 2534 libri
1253 2497 1421 2547 partem
1446 2494 1678 2547 absolvam,

165 2574 248 2601 non
271 2560 405 2613 magis
428 2574 556 2613 quam
579 2561 851 2613 grammatici
874 2565 1078 2603 accentus
1099 2562 1289 2603 rationes
1312 2576 1512 2604 sensuum
1536 2563 1678 2616 spatia

166 2632 208 2669 et
244 2628 464 2670 clausulae
507 2630 829 2671 enuntiatorum
871 2630 1088 2683 pertinent
1123 2630 1177 2671 ad
1210 2645 1410 2673 numeros
1441 2635 1677 2673 metrorum

165 2697 464 2751 disponendos.
527 2697 640 2751 quod
669 2711 753 2738 non
784 2700 928 2752 potest
964 2712 1057 2740 esse
1097 2699 1251 2740 mirum
1294 2699 1586 2753 cogitantibus
1625 2715 1677 2742 ne

164 2765 355 2818 pedestri
388 2766 559 2819 quidem
593 2779 788 2808 sermone
821 2770 1053 2808 concentus
1081 2770 1129 2808 ut
1149 2768 1210 2808 ita
1234 2767 1374 2809 dicam
1395 2769 1524 2821 logici
1546 2769 1676 2810 ullam

165 2833 297 2874 fuisse
336 2837 598 2888 potestatem
643 2834 698 2875 ad
742 2834 1017 2876 invertendos
1056 2839 1258 2878 accentus
1291 2851 1366 2877 seu
1397 2838 1674 2890 quantitates.

164 2905 392 2955 praeterea
422 2903 535 2943 idem
566 2903 778 2956 probatur
811 2916 1014 2944 concessa
1045 2905 1184 2957 poetis
1215 2904 1417 2946 libertate
1450 2906 1675 2946 traiciendi

165 2970 387 3021 vocabula,
420 2985 542 3024 quae,
572 2975 619 3012 ut
649 2971 693 3012 in
724 2986 811 3013 una
843 2973 1057 3013 sententia
1084 2973 1189 3013 nihil
1211 2987 1349 3027 paene
1371 2975 1550 3015 interest
1572 2989 1674 3028 quo-
