1898 3292
269 200 349 239 582
872 204 1110 230 OPVSGVLVM
1131 204 1180 230 1v.

476 320 582 343 omne
608 319 722 352 genus
751 308 859 341 metri
885 307 952 340 tibi
978 318 1151 350 pangens7
1181 308 1331 350 optume
1358 305 1481 340 Basse.

475 366 587 399 Basse
617 368 777 409 optume,
806 376 967 408 pangens
995 364 1062 398 tilii
1087 364 1195 398 metri
1223 375 1339 407 genus
1367 375 1483 397 omne.

270 437 399 478 etiam
451 434 567 476 aliud
615 447 787 474 carmen
833 433 1101 486 reciprocum
1148 446 1224 473 suo
1272 431 1445 473 laborat
1491 432 1614 483 viti03
1663 433 1777 485 quod

269 504 440 558 quidem
473 517 555 544 non
585 505 649 543 est
680 505 846 555 poetae,
879 501 965 551 sed,
998 504 1045 541 ut
1077 504 1222 541 cetera
1254 514 1364 553 qnae
1397 500 1540 542 adfert
1571 501 1723 550 omnia,
1754 515 1779 541 a

269 573 415 614 Servio
456 572 601 613 fictum
644 570 687 610 in
728 570 988 611 Centimetro
1032 568 1108 625 [gr.
1139 568 1212 609 lat.
1246 569 1313 619 IV,
1346 569 1460 623 467]
1532 571 1597 610 est
1635 572 1777 610 autem

267 641 376 683 tale:

474 698 527 731 ire
553 696 656 740 eupis
683 696 711 729 si
740 696 803 738 vis,
833 694 927 728 mala
950 695 1044 728 vites
1070 694 1208 728 somnia
1235 705 1380 737 quaeso,

268 789 391 843 quasi
436 802 567 842 penes
619 801 696 829 nos
749 787 804 828 sit
852 785 1079 827 arbitrium
1126 786 1388 827 somniorum
1439 788 1684 826 nostrorum
1737 789 1779 826 et

268 858 427 899 violato
458 870 636 898 numero
672 855 887 905 sotadico,
935 854 1006 907 qui
1043 854 1172 895 debet
1204 854 1396 904 evenire,
1449 854 1482 895 si
1514 857 1629 895 retro
1662 855 1780 908 legas

269 941 453 968 versum.
514 925 629 966 venit
661 924 715 965 ab
748 928 945 964 auctore:
990 920 1114 963 ‘mala
1147 927 1244 963 vises
1276 920 1446 978 onzina'.

384 994 590 1036 Versibus
623 997 766 1034 autem
799 1006 930 1045 supra
953 991 1110 1032 adlatis
1140 991 1350 1045 probatur
1371 991 1436 1032 his
1459 990 1658 1032 ludibriis
1681 1005 1780 1032 con-

274 1062 508 1104 formandis
539 1061 801 1115 permultum
837 1060 1056 1101 adhibitos
1087 1060 1308 1111 sotadeos3
1338 1074 1477 1113 neque
1499 1059 1541 1100 id
1564 1060 1718 1100 mirum
1738 1060 1781 1100 in

271 1135 394 1173 tanta
421 1132 548 1172 huius
576 1130 741 1171 numeri
774 1130 926 1182 gratia.
962 1156 1007 1159 --
1056 1132 1245 1170 ceterum
1278 1129 1589 1170 recurrentium
1625 1132 1781 1169 metro-

270 1216 364 1242 rum
410 1199 606 1253 exempla
658 1199 918 1239 incertorum
960 1201 1187 1250 poetarum
1238 1197 1407 1238 adiecta
1458 1196 1593 1238 habes
1634 1196 1781 1251 Porfy-

272 1269 403 1310 rianis
434 1269 476 1309 in
513 1268 699 1309 editione
732 1266 914 1320 Porfyrii
947 1265 1030 1322 [pg.
1065 1270 1112 1307 31
1150 1267 1242 1320 sq.].

385 1338 475 1378 Iam
507 1340 555 1377 ut
584 1335 791 1388 insignem
824 1334 957 1375 habet
979 1335 1236 1388 gravitatem
1271 1348 1442 1375 carmen
1475 1334 1623 1375 eodem
1657 1348 1782 1375 versu

270 1407 437 1447 finitum
471 1419 555 1458 quo
586 1404 856 1454 incohatum,
899 1404 961 1444 ita
1003 1404 1045 1443 in
1088 1402 1282 1444 distichis
1316 1403 1501 1456 priorem
1542 1403 1782 1444 hexametri

270 1478 439 1529 partem
472 1488 522 1515 ac
543 1473 826 1527 posteriorem
859 1472 1118 1526 pentametri
1139 1472 1318 1526 paribus
1351 1471 1608 1513 continendo
1641 1471 1783 1513 verbis

271 1569 325 1573 -—
355 1543 626 1597 epanalepsis
668 1542 840 1583 schema
880 1541 1095 1582 vocitatur
1126 1565 1179 1570 ——
1218 1544 1293 1581 aut
1335 1540 1512 1581 eandem
1557 1541 1782 1593 utriusque

272 1627 419 1653 versus
470 1611 725 1653 sententiam
772 1610 1051 1651 intenderunt
1102 1610 1238 1663 magis
1280 1613 1355 1650 aut
1396 1609 1613 1650 contraria
1656 1623 1782 1650 sensu

272 1681 408 1734 magis
439 1680 739 1729 distinxerunt⁷
773 1678 918 1732 qualia
950 1678 1083 1719 habes
1120 1679 1163 1719 in
1193 1678 1259 1719 his
1291 1677 1507 1719 Pentadii:

476 1760 573 1793 laeta
597 1759 713 1793 vireta
739 1761 892 1801 tument,
921 1758 1014 1792 foliis
1040 1770 1119 1792 sese
1146 1758 1265 1792 induit
1288 1759 1407 1801 arbor,

477 1817 630 1851 vallibus
656 1817 790 1860 apricis
816 1816 912 1850 laeta
936 1816 1053 1850 vireta
1080 1819 1224 1849 tument

272 1891 314 1928 et
345 1886 467 1928 alibi:

478 1978 535 2000 res
562 1966 689 2000 eadem
715 1965 864 1999 adsidue
890 1968 1078 1999 momento
1102 1965 1261 1998 volvitur
1286 1977 1370 2008 uno,

478 2026 587 2067 atque
612 2023 709 2057 redit
734 2023 858 2067 dispar
883 2034 940 2056 res
967 2022 1095 2056 eadem
1121 2022 1281 2056 adsidue.

270 2094 314 2134 hi
346 2093 466 2134 lusus
504 2093 587 2133 iam
621 2092 818 2133 Ovidium
851 2091 966 2144 apud
1000 2094 1042 2131 et
1074 2091 1315 2131 Martialem
1349 2105 1444 2132 cum
1476 2090 1540 2132 bis
1572 2094 1690 2132 terve
1721 2092 1784 2131 in-

272 2162 511 2212 veniantur,
545 2175 643 2201 mox
674 2161 798 2201 valde
829 2160 1031 2213 placuere
1063 2160 1378 2212 insequentium
1410 2163 1652 2212 temporum
1684 2174 1783 2200 auc—

271 2230 451 2280 toribus,
482 2233 575 2270 tota
597 2233 645 2270 ut
667 2229 858 2270 carmina
879 2228 1065 2269 ludibrio
1088 2228 1169 2269 isto
1198 2228 1516 2281 composuerint
1539 2227 1783 2278 Pentadius,

272 2299 549 2348 Fortunatus,
581 2297 664 2338 alii.
725 2298 768 2337 in
792 2297 988 2338 Pentadii
1020 2300 1217 2350 poemate
1249 2296 1326 2337 tali
1358 2297 1471 2351 [234,
1507 2300 1555 2337 17
1590 2297 1656 2350 R]
1689 2310 1784 2337 cum

272 2367 397 2419 vulgo
438 2366 634 2407 ferantur
664 2365 772 2406 haec
808 2364 959 2406 ‘leoszia
996 2379 1120 2416 saepe
1157 2368 1241 2415 feci!
1273 2368 1355 2405 clii-2·
1388 2367 1592 2405 Busiridis
1624 2368 1782 2414 hospes,

275 2438 512 2485 Blasii-isque
535 2438 622 2475 aris
643 2438 775 2475 hostia
796 2448 920 2484 saepe
935 2437 1020 2485 sicil
1032 2432 1059 2482 ²,
1086 2434 1268 2487 pessime
1291 2447 1428 2487 egere
1452 2432 1524 2486 qui
1545 2433 1784 2486 posteriore

272 2507 396 2557 parte
440 2503 679 2544 scriberent
718 2502 773 2543 ad
813 2516 983 2544 sensum
1024 2502 1256 2543 iuvandum
1293 2500 1444 2543 ‘hostia
1483 2508 1519 2542 el
1551 2505 1638 2551 ipse
1660 2499 1781 2552 fuit’.

273 2577 318 2612 at
348 2572 635 2625 ponendumst
675 2575 859 2624 utraque
897 2570 1045 2612 *hostia
1086 2585 1207 2611 saeva
1241 2568 1363 2621 fuist.
1437 2573 1625 2610 ceterum
1656 2569 1779 2610 foedo

274 2654 420 2681 errore
449 2640 701 2693 opusculum
724 2639 899 2689 Sedulii,
930 2639 1077 2680 eodem
1102 2639 1216 2692 quod
1239 2638 1522 2679 confectumst
1553 2637 1782 2688 schemate,

276 2709 358 2749 hoc
389 2708 573 2749 disticho
605 2707 800 2749 incohari
832 2707 1109 2748 crediderunt
1139 2707 1354 2760 plerique:

480 2791 668 2821 cantemus
694 2787 783 2821 socii
809 2787 966 2830 domino,
994 2790 1183 2820 cantemus
1208 2787 1395 2820 honorem.

479 2845 596 2879 duleis
621 2856 723 2878 amor
748 2844 884 2878 Christi
909 2847 1084 2887 personet
1110 2855 1172 2877 ore
1199 2844 1270 2887 pio.

274 2914 389 2968 quod
418 2918 467 2954 ut
488 2914 614 2967 plane
643 2913 827 2954 alienum
861 2927 885 2953 a
917 2913 1130 2953 sententia
1162 2913 1362 2953 carminis
1394 2926 1517 2953 nemo
1552 2927 1632 2953 non
1668 2911 1781 2952 videt
