1898 3292
287 232 368 272 578
893 241 1129 269 OPVSOVLVM
1148 241 1199 268 1v.

284 343 480 397 (lenique,
509 343 624 396 quod
655 346 720 385 est
752 344 1063 397 gravissimum,
1086 347 1447 394 concupiscendae
1466 345 1599 399 [181]‚
1630 345 1682 386 de
1712 358 1795 398 quo

283 413 327 452 in
357 413 383 453 1.
413 412 469 453 IV
498 411 566 465 egi
597 411 804 465 exemplo.

398 492 488 533 Iam
518 491 860 533 acrostichorum
892 495 1030 533 artem
1062 492 1192 533 variis
1229 492 1366 533 modis
1408 492 1684 534 intenderunt
1722 507 1795 546 po-

285 564 393 611 etae,
424 574 606 614 quorum
639 573 661 601 e
689 560 854 602 lusibus
876 560 1061 601 maxime
1083 559 1292 601 notabilia
1314 564 1413 601 sunt
1435 561 1626 602 carmina
1648 560 1795 614 alpha-

286 629 448 679 betica,
492 628 639 682 qualia
672 628 969 670 Hebraeorum
1012 632 1116 670 nota
1155 628 1275 681 poesi
1316 629 1444 670 etiam
1486 629 1686 682 populari
1716 644 1795 670 usu

285 697 399 751 apud
422 698 638 738 Romanos
662 700 704 738 et
726 697 915 739 Graecos
942 697 1231 751 optinuerunt.
1280 710 1427 738 eorum
1451 697 1795 750 antiquissimum

283 767 500 807 invenitur
541 765 655 820 apud
698 765 880 807 eunden]
912 765 1262 807 Commodianum
1296 766 1383 820 [pg.
1421 766 1530 820 178]
1593 767 1712 808 cuius
1753 767 1796 807 in

285 835 490 889 opusculo
529 848 677 876 versus
717 834 897 875 haustus
936 838 1034 888 post
1074 834 1320 876 vicesimum
1363 835 1448 876 iam
1491 848 1513 876 e
1553 834 1796 876 Dombartii

285 903 348 944 cd.
403 903 607 957 optimost
662 906 874 956 receptus.
928 928 978 933 ——
1034 903 1109 944 sed
1158 903 1325 944 litteras
1377 903 1498 944 initio
1544 903 1796 944 Latinarum

284 986 435 1014 vocum
466 971 662 1013 insolitas
696 975 743 1013 ut
784 975 1008 1025 pararent,
1050 972 1170 1012 varia
1214 971 1505 1013 adhibuerunt
1547 971 1794 1025 praestigia..

284 1041 345 1082 ita
374 1044 531 1093 yps-{lon
566 1041 811 1094 expressuri
852 1040 941 1081 sine
984 1041 1247 1094 aspiratione
1280 1040 1480 1082 dixerunt
1521 1055 1690 1093 ytmzum.
1752 1044 1797 1081 at

284 1109 615 1164 praecedentem
662 1108 724 1149 illi
765 1109 955 1150 litteram
998 1123 1082 1162 quo
1123 1109 1375 1160 redderent,
1424 1109 1599 1162 quidam
1639 1109 1795 1150 Christi

283 1192 437 1220 nomen
474 1192 552 1232 per
589 1177 887 1232 compendium
922 1178 1134 1219 Graecum
1166 1182 1402 1231 posuerunt
1431 1178 1514 1219 ita:
1548 1177 1633 1229 XP,
1665 1178 1797 1219 veluti

284 1247 484 1289 Sedulius
512 1247 556 1287 in
588 1246 671 1287 fine
700 1246 845 1301 hymni
888 1246 1082 1295 alterius,
1125 1247 1199 1288 ubi
1243 1250 1359 1288 recte
1391 1246 1599 1288 Arevalus
1638 1249 1796 1287 Christo

282 1330 420 1369 myron
447 1321 544 1366 post
563 1317 783 1356 sabbatum.
826 1328 955 1369 porro
978 1315 1237 1369 ubicumque
1264 1318 1289 1355 lc
1317 1315 1625 1369 requireretur,
1648 1319 1795 1356 notum

282 1383 663 1438 grammaticorum
706 1383 842 1425 secuti
874 1387 1174 1438 praeceptum,
1216 1383 1483 1425 collocarunt
1524 1397 1634 1437 quae
1669 1383 1795 1437 vulgo

282 1453 496 1495 haberent
527 1466 589 1501 ca,
621 1453 739 1493 velut
769 1460 904 1504 caput,
938 1466 1075 1501 corus,
1108 1467 1248 1494 canus.
1297 1466 1395 1493 nam
1427 1456 1470 1494 et
1490 1452 1533 1493 in
1555 1452 1796 1506 fragmento

286 1522 490 1563 Varronis
522 1520 638 1574 apud
670 1520 854 1562 Nonium
886 1535 916 1562 s.
949 1535 984 1562 v.
1030 1518 1339 1572 ‘marqare'lum’
1383 1521 1440 1575 [p.
1479 1521 1579 1575 213]
1622 1524 1796 1562 extante

283 1590 379 1632 ideo
418 1590 595 1633 Graecis
637 1589 962 1631 characteribus
1005 1590 1210 1643 scriptum
1253 1590 1468 1631 invenitur
1507 1589 1612 1630 illud
1656 1593 1796 1631 cande?-

283 1662 435 1708 cautz'a,
468 1658 582 1712 quod
609 1658 847 1711 antiquitus
869 1657 1022 1699 habuit
1053 1658 1119 1700 bis
1151 1661 1176 1698 lc
1204 1672 1283 1712 pro
1315 1672 1347 1699 c.
1400 1672 1661 1711 quamquam
1690 1658 1797 1699 alias

284 1728 500 1769 contrario
543 1728 686 1782 potius
729 1741 874 1769 errore
916 1726 1005 1768 labi
1050 1726 1252 1768 librarios
1296 1730 1487 1768 notumst
1528 1726 1594 1768 vel
1639 1727 1795 1780 pueris,

282 1797 344 1838 ita
366 1797 477 1838 enim
501 1796 717 1838 Lactantii
741 1796 932 1838 scholion
956 1795 1011 1836 ad
1041 1795 1147 1836 illud
1179 1795 1407 1837 thebaidos
1441 1795 1510 1850 [IL
1538 1795 1635 1850 182]
1674 1794 1796 1846 ‘quas

284 1868 458 1907 Doricus
490 1869 632 1917 allevat
660 1868 768 1906 iulus
795 1863 982 1906 Isthmos-⁷
1020 1863 1101 1905 hoc
1122 1864 1292 1906 modost
1312 1863 1639 1919 instaurandum
1664 1862 1796 1905 ‘Pelo-

279 1948 505 1985 ponnesum
526 1938 730 1986 siyne'fioat
763 1947 926 1982 omnem,
960 1937 1068 1983 quod
1096 1936 1295 1974 submovet
1316 1936 1523 1974 Helladem
1546 1948 1570 1973 a
1592 1936 1794 1986 Sicyonia.

283 2007 418 2045 adhuc
450 2006 553 2044 enlm
584 2006 664 2044 illis
696 2006 794 2044 locis
831 2005 974 2043 Thesei
1011 2015 1168 2042 versum
1211 2006 1372 2053 leyunl:
1413 1999 1502 2044 τάδ’
1539 2000 1630 2044 ἐστὶ
1664 2006 1796 2044 Πελο-

282 2071 517 2128 πόννησος,
551 2068 632 2115 οὐκ
659 2068 827 2114 Ἰωνίαῖ
887 2070 930 2111 in
963 2069 1119 2124 quibus
1149 2084 1228 2124 pro
1251 2070 1429 2112 Graecis
1451 2070 1576 2124 vulgo
1598 2069 1797 2112 feruntur

284 2140 423 2182 minus
456 2140 681 2182 commoda
711 2140 867 2181 Latina
900 2138 1007 2180 haec
1051 2137 1138 2180 ‘ubi
1160 2146 1219 2180 es(
1240 2142 1542 2190 Peloponnesus
1565 2135 1794 2191 Sicyom'a'.

281 2223 379 2251 nam
422 2213 465 2251 et
508 2208 612 2251 alibi
660 2208 735 2264 [ad
767 2208 881 2250 theb.
909 2208 990 2259 ΙΙΙ,
1023 2208 1124 2263 685]
1168 2208 1212 2249 in
1252 2209 1558 2250 commentario
1606 2207 1795 2249 eiusdem

281 2271 566 2320 monstruosis
597 2277 796 2319 ludibriis
828 2277 1089 2331 depravatus
1125 2277 1233 2318 latet
1264 2290 1412 2318 versus
1443 2276 1697 2318 Homericus
1731 2277 1794 2331 [Il.

283 2346 441 2398 XVIII,
484 2347 585 2402 489]
631 2343 721 2402 ὀἴη
755 2341 790 2389 δ’
826 2344 1021 2401 ἄμμορός
1058 2345 1147 2388 ἐστι
1182 2350 1376 2400 λοετρῶν
1408 2343 1673 2388 ’.Ωκεανοῖοῖ
1734 2346 1796 2386 ita

282 2414 591 2470 Porphyrionis
624 2415 756 2457 verba
800 2415 842 2455 in
881 2414 1198 2455 commentariis
1235 2414 1290 2455 ad
1322 2414 1492 2455 Horatii
1531 2413 1636 2455 illud
1679 2414 1730 2468 [c.
1766 2414 1797 2463 Ι,

284 2488 319 2535 7,
356 2484 397 2538 1]
440 2480 687 2525 ‘laudabunt
714 2487 785 2525 alie·
818 2487 970 2524 claram
996 2485 1166 2524 Rhodon
1199 2490 1269 2524 aut
1302 2479 1542 2534 Mytilenen'
1579 2495 1663 2523 non
1691 2482 1796 2523 vidit

282 2552 457 2594 Paulius
489 2552 550 2593 sic
585 2565 677 2593 esse
701 2551 960 2593 scribenda:
1007 2549 1162 2603 ‘aptum
1198 2555 1303 2592 (licet
1333 2565 1365 2590 e.
1398 2548 1482 2593 ,4.’;
1542 2553 1793 2591 Homericum

283 2628 353 2662 est.
401 2624 461 2661 sic
492 2623 596 2661 euim
628 2624 678 2662 de
708 2624 784 2661 hoc
813 2623 902 2661 ille:
941 2617 1089 2675 Ἄργος
1121 2621 1163 2671 ἐς
1191 2619 1444 2674 ἱππόβοτον.
1501 2615 1580 2659 ‘me
1611 2632 1686 2659 nec
1717 2625 1794 2658 tam

274 2692 442 2739 pauens
488 2686 812 2737 Lacedaemon';
871 2692 946 2729 lzoc
1005 2695 1181 2739 propter
1237 2690 1583 2743 διαμαστίγωσιν
1635 2690 1795 2727 videtur

283 2755 460 2799 dicere'.

397 2836 481 2877 Sed
512 2836 755 2877 litterarum
787 2834 1017 2876 artificium
1048 2860 1104 2865 —
1134 2835 1220 2876 iam
1252 2835 1362 2876 enim
1395 2847 1473 2888 ego
1513 2834 1568 2876 ad
1600 2833 1792 2888 proposi-

281 2909 372 2946 tum
404 2909 599 2946 revertor
627 2930 679 2935 —
714 2903 932 2959 Porfyrius
972 2904 1014 2944 in
1046 2903 1187 2945 verbis
1222 2904 1387 2945 Graece
1420 2903 1590 2957 scriptis
1622 2905 1794 2956 praeter
