1898 3292
784 244 904 269 LIBER
923 244 1102 275 vaTvs.
1614 237 1665 275 42
1674 238 1695 276 5

307 345 382 385 His
415 360 496 386 non
535 346 678 399 inepto
720 345 925 387 addemus
967 346 1019 387 de
1061 346 1121 387 eis
1153 346 1310 397 verbis,
1357 362 1466 400 quae
1499 362 1520 388 0
1551 347 1697 388 littera

190 413 490 464 terminantur,
514 413 938 467 disputatiunculum.
971 440 1024 443 —
1056 415 1203 468 itaque
1226 415 1410 469 primum
1434 416 1697 469 pronominis

190 481 353 523 formae
393 485 458 523 11έο
500 486 543 523 01
583 486 657 523 hoc
699 481 814 536 apud
854 483 1073 524 scaenicos
1105 497 1200 525 cum
1232 483 1435 537 ambigua
1466 484 1551 525 sint
1581 499 1696 526 111011-

189 564 302 601 sura,
336 550 410 591 sed
443 550 695 604 plerumque
726 550 885 602 brevia,
919 551 1033 605 apud
1065 551 1300 606 dactylicos
1331 552 1456 605 longe
1487 552 1530 593 id
1558 553 1698 594 evenit

189 618 325 659 aliter.
398 622 441 660 et
487 619 680 660 neutrius
724 618 895 672 quidem
941 620 1110 673 generis
1154 620 1441 662 nominativus
1484 621 1555 662 ubi
1604 635 1696 662 cor-

190 686 372 740 ripiatur
414 687 566 728 horum
607 686 729 728 libris
769 701 853 728 non
892 688 1060 729 invenio
1098 688 1179 730 nisi
1221 688 1397 742 singulis
1438 689 1542 731 locis
1579 689 1695 743 apud

190 755 395 796 Senecam
432 755 607 810 [Phoen.
642 756 741 810 550]
776 758 818 797 et
848 755 891 796 in
923 756 1117 810 Priapeis
1152 757 1237 811 [51,
1271 757 1369 812 28]:

872 839 972 870 totus
997 836 1068 871 hoc
1093 837 1289 880 exercitus,

439 892 510 927 hoc
536 893 720 937 utrimque
745 893 904 937 populus
929 894 1055 937 omnis,
1082 894 1152 928 hoc
1177 893 1269 928 vidit
1293 904 1408 928 soror.

438 952 475 984 et
499 961 562 984 vos
587 950 657 984 hoc
684 950 813 994 ipsum,
841 950 938 994 quod
964 951 1154 994 minamur,
1182 950 1323 985 invitat.

189 1043 335 1070 verum
357 1029 399 1070 in
421 1029 564 1083 priore
597 1029 792 1083 exemplo
826 1029 931 1071 illud
961 1035 1036 1072 Ieoc
1066 1038 1145 1072 uir.
1171 1045 1269 1082 pop.
1303 1034 1428 1072 onmis
1452 1031 1699 1073 Gronoviist

188 1098 428 1150 inventum,
470 1112 569 1139 nam
611 1098 653 1139 in
695 1098 841 1140 codice
873 1098 1034 1152 optimo
1065 1098 1244 1153 legitur:
1289 1107 1326 1141 01
1359 1103 1540 1150 populus
1572 1104 1696 1141 omnis

189 1174 412 1218 utramnque,
445 1166 487 1208 in
511 1167 665 1209 ceteris
688 1174 725 1208 et
750 1172 927 1218 populus
950 1171 1074 1208 onmis
1097 1176 1134 1209 et
1154 1176 1341 1220 miraque.
1384 1168 1695 1210 restituendum

188 1239 263 1277 hoc
296 1235 401 1289 (sive
424 1237 478 1290 el)
508 1241 683 1287 populus
706 1240 907 1287 utrimque
934 1240 1086 1286 onmi.s·‚·
1118 1240 1160 1278 et
1190 1250 1320 1291 porro
1342 1237 1385 1278 in
1406 1236 1696 1290 hipponacteo

187 1318 253 1345 vos
284 1308 359 1345 1100
389 1305 494 1359 (sive
526 1308 601 1346 1100
632 1306 716 1359 vos)
748 1312 785 1345 ec
813 1308 954 1355 ipsum.
1015 1319 1113 1347 nam
1144 1319 1224 1347 nec
1254 1304 1549 1357 masculinum,
1581 1305 1696 1359 quod

186 1372 312 1426 longe
343 1373 582 1415 tenuiorem
611 1373 744 1414 habet
775 1387 936 1425 sonum,
969 1377 1139 1428 prostat
1168 1374 1210 1415 in
1243 1373 1553 1428 dactylicorum
1574 1373 1696 1416 libris

187 1444 431 1495 correptum
462 1442 543 1483 nisi
574 1442 805 1493 rarissime,
838 1442 939 1484 licet
971 1442 1120 1484 durius
1149 1442 1201 1484 de
1230 1456 1278 1485 eo
1300 1443 1507 1485 iudicarit
1528 1442 1695 1485 Probus

187 1509 349 1564 [1433].
406 1509 521 1564 apud
550 1514 760 1562 auctores,
793 1525 899 1564 quos
930 1511 1120 1565 legerim,
1152 1512 1324 1553 memini
1354 1511 1535 1554 inveniri
1566 1511 1695 1554 breve

189 1578 395 1632 exemplis
423 1578 693 1632 potissimum
726 1580 915 1621 Lucretii
946 1580 1104 1631 tribus,
1136 1580 1249 1622 binis
1279 1581 1475 1635 Vergilii,
1517 1579 1695 1635 singulis

186 1646 360 1697 Tibulli,
395 1647 672 1699 Sammonici,
703 1647 945 1700 Claudiani,
978 1649 1164 1700 Paulini,
1207 1650 1297 1691 eius
1337 1650 1411 1703 qui
1439 1663 1611 1692 carmen
1643 1649 1695 1691 de

190 1715 374 1757 Hercule
405 1716 661 1770 conscripsit
690 1717 877 1771 [Lucret.
899 1717 951 1768 II,
976 1720 1078 1769 3873
1114 1721 1244 1770 10663
1275 1718 1345 1770 VI,
1376 1722 1420 1770 93
1453 1718 1577 1772 Verg.
1601 1732 1693 1760 aen.

186 1784 255 1834 IV,
288 1787 362 1836 223
398 1784 463 1835 VI,
498 1788 599 1837 791;
633 1784 723 1826 Tib.
754 1785 784 1836 I,
820 1789 883 1836 10,
916 1789 990 1837 393
1023 1786 1179 1827 Samm.
1212 1790 1315 1839 7263
1348 1787 1494 1829 Claud.
1528 1791 1593 1838 24,
1617 1790 1692 1840 393

185 1852 304 1894 Paul.
336 1856 402 1904 25,
432 1856 536 1905 2103
570 1857 680 1895 auct.
712 1853 826 1895 laud.
862 1854 986 1895 Herc.
1020 1855 1103 1909 64].
1166 1858 1356 1897 ceterum
1387 1861 1435 1897 ut
1464 1859 1586 1897 tanto
1616 1856 1693 1897 ha-

185 1921 339 1963 berent
370 1921 467 1963 odio
497 1922 671 1963 brevem
712 1923 755 1963 in
795 1923 888 1964 istis
931 1922 1080 1964 formis
1111 1923 1301 1965 vocalem
1347 1924 1566 1979 dactylici,
1609 1938 1692 1966 11011

186 1990 327 2031 evenit
356 1993 525 2031 mutata
547 1991 789 2044 quantitate
811 1991 1001 2033 naturali
1030 2017 1087 2023 —
1116 2005 1215 2033 nam
1239 1996 1305 2034 11ἰο
1327 1993 1484 2047 corripi
1507 1996 1695 2034 testatur

186 2058 383 2100 Donatus
427 2058 574 2114 [1753]
618 2073 696 2100 nec
726 2060 865 2101 minus
898 2064 940 2101 et
970 2063 1036 2101 hic
1067 2064 1109 2101 et
1140 2065 1216 2103 hoc
1244 2061 1365 2103 brevi
1395 2061 1589 2103 habitum
1622 2076 1693 2103 vo-

186 2126 269 2167 cali
299 2126 493 2168 indicant
533 2128 814 2180 grammatici,
859 2142 954 2170 011111
995 2129 1155 2180 dicunt,
1198 2130 1272 2172 ubi
1320 2143 1371 2171 ea
1413 2130 1693 2184 producatur,

185 2193 491 2249 duplicandum
531 2210 553 2237 0
598 2221 664 2247 -,
709 2196 784 2238 sed
829 2197 973 2251 potius
1020 2198 1136 2251 quod
1175 2199 1362 2240 crassius
1402 2198 1608 2252 quiddam
1651 2202 1694 2240 01

188 2263 412 2317 optunsius
444 2268 569 2306 sonat
599 2265 641 2306 in
675 2265 735 2307 eis
765 2280 786 2307 0
817 2265 941 2319 quasi
980 2267 1160 2320 gemina.
1223 2267 1297 2309 sed
1339 2267 1394 2309 ab
1434 2268 1516 2308 hac
1558 2267 1692 2309 ambi—

186 2332 350 2385 guitate
400 2333 619 2386 progressi
668 2333 830 2375 ultimis
880 2335 1049 2388 imperii
1102 2336 1370 2390 temporibus
1421 2336 1692 2389 grammatici

185 2403 433 2442 statuerunt
478 2401 607 2442 etiam
651 2401 754 2453 alia,
799 2416 910 2455 quae
951 2417 972 2444 0
1011 2403 1158 2445 littera
1199 2404 1553 2455 terminarentur,
1599 2418 1692 2446 esse

185 2469 438 2513 communia.
499 2469 612 2511 unde
644 2469 816 2512 Servius
846 2471 1111 2522 Honoratus,
1153 2473 1226 2525 qui
1266 2472 1422 2523 fertur,
1461 2472 1505 2513 in
1546 2472 1691 2514 libello

185 2536 238 2577 de
283 2536 483 2578 finalibus
529 2538 614 2592 [gr.
647 2538 720 2579 lat.
753 2539 822 2589 IV,
860 2540 967 2594 454]
1014 2544 1249 2594 praecepta
1293 2540 1431 2582 Vossii
1482 2539 1556 2597 [de
1596 2544 1691 2582 arte

186 2618 362 2658 gramm.
394 2605 451 2656 II,
485 2605 554 2662 29]
602 2606 852 2660 Heinsiique
897 2607 968 2664 [ad
1000 2608 1073 2650 Ov.
1108 2608 1270 2650 heroid.
1303 2612 1347 2661 2,
1379 2608 1449 2665 98]
1493 2608 1690 2662 opinione

184 2672 374 2714 affirmat
411 2678 488 2724 fac
526 2674 655 2728 longa
695 2689 789 2717 esse
820 2677 973 2728 vocali,
1019 2677 1087 2718 cui
1128 2677 1325 2718 certatim
1366 2680 1466 2719 sunt
1497 2677 1690 2719 obsecuti

184 2740 344 2794 placito
376 2744 531 2795 poetae
574 2742 795 2784 christiani
842 2744 985 2800 [Prud.
1019 2745 1111 2799 peri
1143 2745 1279 2799 steph.
1315 2748 1378 2796 10,
1411 2749 1513 2797 6553
1545 2744 1688 2786 Sidon.

183 2823 335 2862 paneg.
362 2811 435 2850 Av.
470 2813 573 2861 3443
618 2812 800 2853 Severus
837 2812 889 2854 de
927 2813 1021 2854 virt.
1053 2827 1164 2854 cruc.
1198 2818 1245 2864 4;
1288 2813 1449 2854 Orient.
1483 2826 1687 2855 common.

183 2877 214 2928 I,
247 2880 348 2929 2183
381 2877 626 2919 Maximian.
651 2882 687 2929 3,
711 2882 762 2921 63
786 2880 870 2936 al.].
930 2881 1077 2934 itaque
1108 2881 1338 2923 vanissimo
1370 2881 1544 2934 quidam
1575 2895 1688 2922 com-

184 2949 340 2999 mento,
370 2947 630 3003 ubicumque
665 2953 740 3000 fac
772 2949 1036 2992 inveniretur
1068 2950 1211 3002 breve,
1241 2953 1289 2992 ut
1319 2950 1427 2992 solet
1457 2949 1551 2992 fieri
1573 2949 1689 3009 apud
