1898 3292
241 230 322 267 482
827 239 945 264 LIBER
966 238 1167 264 SEPTIMVS.

241 340 358 380 haud
389 340 517 381 dubie
556 344 799 391 lat-(sisk’rum
845 342 951 381 dixit
989 341 1225 394 lbrepanius
1264 339 1342 395 [ep.
1376 341 1427 381 ad
1458 340 1672 382 Vulfinum
1705 342 1748 396 5]

242 408 473 448 secundum
507 408 747 449 Ennianum
781 407 892 464 [ann.
926 409 997 463 57]
1032 413 1274 460 clzclciferum
1305 410 1370 449 vel
1404 409 1645 450 Tullianum
1680 409 1748 465 [de

241 475 367 516 divin.
403 476 432 524 I,
467 480 528 526 13,
560 476 628 532 22]
663 480 910 527 amiseram.
963 477 1147 517 maxime
1180 480 1323 517 autem
1355 477 1602 527 notandum,
1635 478 1748 530 quod

240 548 331 585 tum
373 544 681 586 adiectivoruin
720 545 762 585 in
801 550 908 595 fluns
947 545 1193 586 exeuntium
1239 545 1483 599 largissima
1524 545 1751 599 pullulavit

242 626 375 666 seges.

357 681 441 722 Sed
471 685 520 722 ut
550 681 724 722 redeam
757 681 810 722 ad
843 682 1129 735 propositum,
1161 682 1377 722 invenitur
1410 695 1642 732 prosperus
1675 696 1750 735 pro

235 764 417 800 prosper
449 749 563 803 apud
587 749 733 790 Silium
770 749 836 805 [Χ,
861 749 957 806 202]
991 754 1033 790 et
1064 750 1277 790 Iulianum
1307 750 1486 804 [anthol.
1511 754 1604 801 638,
1629 756 1651 791 5
1674 751 1750 804 Β]

242 823 471 871 praeterea
493 817 735 867 verborum,
759 831 869 871 quae
892 818 1154 859 nominativo
1179 832 1224 858 er
1246 818 1418 866 habent,
1452 819 1538 859 alia
1560 818 1753 860 abiciunt

244 900 276 935 e,
312 886 499 927 retinent
530 886 625 927 alia.
677 886 752 927 sed
786 890 996 927 dexter-1012
1031 900 1084 926 an
1118 890 1304 927 dextrum
1337 886 1455 927 dicas
1487 887 1592 927 nihil
1621 887 1751 927 inter-

244 958 320 1005 est,
366 968 626 1007 quamquam
659 954 774 1007 vulgi
807 969 886 995 usu
916 955 1165 1007 longiorem,
1207 954 1321 1007 quod
1360 955 1527 1000 mirere,
1570 954 1751 995 formam

243 1024 485 1077 praelatam
518 1023 778 1063 comicorum
811 1027 853 1063 et
884 1023 1070 1064 Phaedri
1103 1022 1350 1064 declaratur
1382 1023 1589 1076 exemplo.
1640 1023 1752 1064 unde

244 1091 476 1144 aliquando
518 1105 596 1145 per
638 1091 873 1133 ludibrium
916 1091 1040 1132 abusi
1073 1095 1172 1132 sunt
1203 1094 1402 1132 auctores
1434 1091 1634 1132 libertate
1667 1091 1752 1141 illa,

244 1160 374 1201 veluti
408 1159 583 1200 Ovidius
614 1160 656 1199 in
691 1164 845 1212 quarto
879 1159 1160 1213 epistularum
1194 1173 1245 1200 ex
1275 1159 1409 1200 Ponto
1442 1160 1497 1214 [7,
1530 1160 1624 1213 43];

449 1248 490 1279 ut
519 1245 672 1289 propius
696 1248 882 1279 ventumst
908 1245 1127 1289 admotaque.
1154 1245 1306 1279 dextera
1331 1245 1495 1279 dextrae.

241 1325 355 1366 idem
388 1325 490 1366 alibi
523 1326 639 1380 [met.
671 1325 744 1370 ΙΙΙ,
778 1329 880 1377 64ος
916 1325 966 1366 cf.
999 1325 1070 1366 Sil.
1100 1325 1172 1375 XI,
1206 1325 1327 1379 5233]:

449 1411 603 1445 dextera
628 1410 753 1445 Naxos
780 1414 868 1445 erat.
919 1411 1048 1445 dextra
1075 1411 1162 1444 mihi
1188 1411 1301 1444 lintea
1329 1410 1439 1444 danti.

242 1490 406 1541 deinde,
439 1490 553 1543 quod
576 1490 789 1544 Vergilius
812 1491 931 1541 dixit,
965 1494 1103 1541 aspris
1135 1490 1246 1544 [aen.
1269 1490 1319 1541 ΙΙ,
1345 1491 1444 1544 379]
1476 1491 1634 1532 imitati
1656 1496 1753 1532 sunt

242 1559 406 1599 Statius
439 1559 572 1613 [theb.
606 1559 635 1609 Ι,
669 1559 790 1613 622],
826 1559 1042 1600 Palladius
1074 1559 1189 1613 [67],
1224 1559 1466 1599 Priscianus
1499 1559 1605 1613 [per.
1641 1560 1754 1614 481]

243 1627 327 1667 alii.
389 1626 572 1680 denique
596 1628 830 1668 Ausonium
858 1628 943 1668 iam
971 1641 1102 1680 supra
1134 1626 1349 1667 declaravi
1382 1627 1576 1680 posuisse
1609 1632 1754 1668 altrum

242 1695 313 1750 [de
348 1699 427 1736 rat.
461 1695 563 1737 dier.
595 1709 689 1736 ann.
723 1700 825 1736 vert.
862 1697 926 1750 7],
975 1695 1090 1748 quod
1135 1695 1428 1736 scaenicorum
1475 1695 1661 1736 instituit
1701 1696 1756 1736 ad

243 1763 481 1816 exemplum
515 1768 556 1804 et
586 1764 771 1805 Phaedri
805 1764 874 1819 [cf.
909 1763 1111 1805 Ritschel.
1145 1778 1287 1817 opusc.
1320 1764 1371 1814 Π,
1405 1767 1484 1805 662
1518 1764 1638 1818 sqq.].

357 1843 490 1884 Porro
515 1844 808 1885 adnotandum
832 1844 1043 1885 adiectiva
1075 1845 1117 1884 in
1151 1848 1226 1892 ius,
1260 1847 1312 1892 ἰα,
1347 1847 1424 1884 iam
1456 1844 1650 1884 finientia
1671 1858 1753 1885 non

242 1911 471 1952 admittere
504 1912 700 1966 genetivo
733 1912 913 1966 simplex
951 1916 981 1960 ἱ,
1024 1913 1105 1953 11151
1147 1913 1183 1953 51
1222 1915 1297 1953 aut
1334 1911 1603 1953 substantiva
1649 1911 1756 1952 fiant

242 1984 317 2020 aut
348 1981 526 2033 propria
557 1981 658 2024 sint.
692 1980 808 2022 velut
836 1981 996 2034 legitur
1025 1980 1140 2033 apud
1172 1980 1419 2021 Ciceronem
1451 1994 1502 2021 ac
1534 1980 1755 2021 Manilium

242 2051 405 2098 aquari,
436 2052 641 2100 sayillari,
674 2049 789 2102 apud
812 2049 1078 2090 Priscianum
1109 2052 1268 2089 sartari
1302 2048 1373 2103 [de
1404 2048 1530 2101 pond.
1554 2052 1596 2089 et
1624 2061 1753 2089 mens.

242 2116 336 2170 80],
380 2117 680 2170 Propertiique
724 2121 765 2158 et
805 2117 1018 2158 Iuvenalis
1062 2117 1183 2158 libris
1226 2119 1331 2157 Iovis
1361 2120 1549 2166 Ferelri;
1585 2120 1755 2157 nome‘m's

242 2188 349 2235 Appi
389 2185 454 2239 [V,
487 2188 554 2235 10,
591 2189 643 2243 1,
675 2189 750 2237 48,
783 2189 819 2236 6,
849 2186 964 2240 385]
1026 2190 1217 2226 attamen
1258 2185 1487 2235 falluntur,
1525 2185 1598 2238 qui
1641 2185 1755 2239 apud

242 2252 376 2294 bonos
409 2257 451 2294 et
489 2254 689 2306 antiquos
728 2253 899 2294 finalem
945 2258 985 2302 ἱὶ,
1029 2254 1265 2307 legitimam
1308 2253 1444 2303 illam,
1486 2254 1560 2294 sed
1601 2267 1754 2307 parum

242 2334 461 2372 sonoram,
494 2320 762 2375 frequentius
791 2322 973 2364 inveniri
1005 2323 1263 2363 existimant.
1295 2346 1350 2350 —
1382 2322 1534 2363 deinde
1565 2336 1648 2362 non
1680 2321 1754 2362 ab·

242 2389 462 2430 surdumst
493 2391 701 2432 memoria
729 2390 1038 2432 adiectivorum
1069 2391 1112 2431 in
1145 2405 1216 2431 eus
1248 2390 1493 2431 exeuntium
1524 2390 1754 2440 vocatives,

242 2471 337 2498 cum
371 2457 486 2511 apud
518 2459 721 2501 classicos
752 2463 904 2513 poetas
939 2473 1021 2500 non
1066 2459 1352 2513 reperiantur,
1390 2458 1620 2499 identidem
1655 2471 1752 2511 pro-

241 2529 357 2567 stare
396 2526 512 2579 apud
553 2526 832 2577 christianos,
873 2530 921 2568 ut
960 2530 1067 2581 puta
1107 2530 1226 2578 lyaee
1271 2526 1416 2581 [Pi-ud.
1450 2526 1561 2568 cath.
1593 2530 1662 2577 10,
1699 2527 1752 2580 1],

240 2597 374 2644 liynee
405 2593 520 2648 [Sed.
550 2609 582 2636 c.
616 2610 654 2648 p.
688 2595 718 2646 l,
752 2595 869 2649 252],
913 2598 1039 2636 vitree
1081 2596 1199 2649 [Aus.
1232 2594 1284 2635 de
1316 2594 1412 2636 nob.
1444 2594 1538 2636 urb.
1574 2598 1636 2645 14,
1671 2595 1752 2648 30].

240 2685 294 2690 -
326 2675 424 2702 nam
457 2662 573 2715 quod
605 2663 769 2704 Statius
802 2663 946 2716 posuit
975 2663 1109 2718 [theb.
1135 2663 1225 2713 VII,
1249 2663 1320 2717 28]
1354 2663 1482 2704 simili
1517 2663 1753 2716 asperitate

242 2743 444 2770 sonorum
475 2733 623 2772 Danaa
655 2735 832 2782 αφηῑηα,
864 2731 908 2772 1(1
939 2744 1040 2772 vero
1071 2731 1238 2785 proprii
1265 2730 1463 2772 vocabuli
1495 2731 1752 2772 necessitate

240 2798 474 2851 mitigatur.
525 2803 754 2852 praeterea
785 2798 904 2840 fuere
937 2799 1099 2840 ultimis
1126 2799 1407 2852 temporibus,
1439 2798 1619 2840 vocandi
1650 2812 1752 2839 casu

239 2866 313 2918 qui
343 2880 422 2919 pro
461 2866 534 2908 illo
564 2870 617 2908 mi
646 2871 856 2920 ponerent
887 2881 1008 2909 meus.
1071 2868 1132 2908 ita
1163 2867 1272 2908 dixit
1305 2867 1504 2909 Sidonius
1539 2867 1613 2921 [ad
1644 2867 1750 2908 Con-

240 2939 344 2974 sent.
386 2935 487 2988 465]
543 2934 804 2976 ἯΙαΙὋΘΙΙὶηε
844 2933 992 2976 meecs’.
1068 2935 1220 2976 deinde
1265 2936 1307 2975 in
1356 2935 1535 2990 pluralis
1586 2936 1750 2976 numeri
