1898 3292
755 286 1033 311 PROHOEMIVM.
1626 281 1649 318 9

146 389 305 430 fuerint
334 387 513 429 urbibus
545 392 692 429 coetus
723 387 853 438 tales,
894 388 1182 430 invalescente
1221 389 1263 429 in
1295 389 1385 430 dies
1418 389 1536 430 cultu
1569 391 1650 431 Ro-

142 472 280 499 mano.
327 471 434 510 quos
463 456 518 497 ad
551 457 677 497 finem
709 456 878 510 imperii
899 457 1186 510 permansisse
1208 456 1492 510 probabilest.
1530 458 1649 499 fuere

143 530 287 567 autem
320 525 479 566 similes
511 524 724 566 artificum
757 524 965 578 collegiis,
1009 525 1155 578 qualia
1195 526 1325 567 etiam
1357 541 1470 567 nunc
1501 530 1651 568 extant

141 594 288 636 multa.
350 608 448 634 nam
486 593 798 634 conveniebant
829 593 991 634 addicti
1023 594 1220 647 poeticae
1250 595 1379 635 certis
1413 594 1565 636 diebus
1597 595 1649 636 de

141 662 270 704 rebus
303 662 390 703 suis
423 661 659 703 consulturi
691 675 741 703 ac
773 662 910 712 simul,
944 662 1087 715 siquid
1119 662 1184 703 vel
1218 663 1559 716 composuissent
1580 663 1645 704 vel

143 744 398 785 componere
440 730 801 784 aggrederentur,
844 730 1066 772 recitando
1107 731 1548 785 communicandoque
1586 732 1651 772 iu-

142 799 300 840 dicium
333 799 593 840 consortium
627 800 846 852 experturi
879 813 929 840 ac
961 813 1109 841 versus
1142 800 1253 853 siqui
1286 803 1430 841 essent
1453 800 1649 841 duriores

142 867 384 922 expolituri.
444 867 506 908 ita
537 870 580 908 et
611 867 670 918 ei,
713 868 779 908 cui
814 867 923 909 bene
954 882 1024 909 res
1055 869 1254 910 cessisset
1285 868 1447 922 gloriae
1479 869 1651 910 abunde

143 940 238 978 erat
258 939 431 990 partum
464 936 581 989 (nam
613 935 739 977 huius
772 949 925 977 nomen
957 950 1055 977 mox
1077 936 1346 979 sermonibus
1369 937 1651 979 differebatur

144 1020 222 1059 per
243 1008 380 1046 totam
401 1003 571 1057 urbem)
605 1007 647 1045 et
677 1004 810 1057 siquis
834 1019 1005 1046 carmen
1029 1006 1190 1047 aversis
1213 1005 1347 1047 Musis
1369 1007 1652 1060 prompsisset

141 1073 408 1128 aliquantum
443 1072 755 1114 detrahebatur
784 1073 973 1127 pudoris.

257 1143 318 1183 Ac
361 1141 546 1195 primum
594 1141 766 1195 quidem
810 1156 894 1184 non
939 1143 1175 1184 interfuere
1220 1142 1286 1184 his
1332 1143 1522 1196 collegiis
1571 1144 1653 1185 nisi

143 1210 372 1265 peregrini,
405 1224 430 1251 a
459 1210 616 1263 quibus
645 1211 770 1252 initio
799 1211 1014 1266 poeticam
1037 1212 1198 1252 Romae
1225 1211 1468 1252 factitatam
1491 1215 1650 1253 notum.

141 1279 216 1321 sed
248 1279 347 1320 inde
378 1278 433 1320 ab
466 1280 583 1320 Accii
619 1279 886 1333 temporibus
919 1280 1048 1321 etiam
1081 1280 1262 1321 Romani
1290 1280 1354 1321 vel
1383 1280 1648 1332 nobilissimi,

143 1348 402 1402 quicumque
432 1351 653 1389 teneretur
683 1362 882 1390 versuum
915 1349 1308 1390 concinnandorum
1340 1349 1494 1390 studio.

257 1427 439 1469 Multum
471 1428 601 1469 etiam
631 1428 812 1470 contulit
835 1428 889 1469 ad
911 1429 1134 1470 metricam
1159 1433 1295 1470 artem
1318 1429 1652 1483 promovendam

141 1511 233 1538 mos
265 1497 349 1538 iam
383 1511 408 1538 a
440 1496 558 1538 Livio
591 1497 813 1550 Ennioquc
856 1497 1079 1539 institutus
1123 1498 1285 1552 scripta
1326 1498 1537 1539 recitandi
1579 1498 1653 1539 ho-

142 1565 328 1607 minibus
359 1564 600 1607 liberaliter
631 1565 840 1607 institutis
875 1566 1137 1608 condicionis
1179 1566 1518 1620 qualiscumque.
1580 1567 1653 1620 qui

142 1633 296 1676 deinde
328 1648 354 1675 a
385 1634 676 1687 grammaticis
707 1634 860 1688 cupide
892 1639 1098 1689 exceptus
1137 1635 1208 1690 [cf.
1243 1635 1358 1676 Suet.
1393 1635 1445 1677 de
1475 1649 1652 1688 gramm.

150 1707 196 1755 23
236 1706 307 1755 113
343 1703 414 1757 16]
454 1703 638 1756 Augusti
680 1707 823 1745 aetate
863 1718 941 1758 per
979 1704 1174 1745 Asinium
1211 1703 1446 1745 Pollionem
1490 1704 1553 1745 ita
1591 1703 1653 1744 in-

142 1771 298 1823 valuit,
341 1771 411 1812 vix
452 1772 679 1825 quisquam
724 1775 773 1812 ut
814 1772 899 1813 iam
944 1772 1125 1814 auderet
1167 1772 1364 1814 emittere
1411 1772 1493 1813 nisi
1538 1771 1653 1825 quod

145 1840 382 1881 advocatae
432 1840 677 1881 auditorum
738 1854 922 1881 coronae
968 1841 1209 1895 probasset.
1285 1844 1328 1881 et
1380 1840 1655 1894 superstitem

142 1908 273 1950 fuisse
314 1922 410 1949 eum
450 1908 586 1949 ruinis
628 1908 789 1950 Romae
830 1923 881 1950 ac
921 1910 1129 1951 mansisse
1179 1923 1315 1963 usque
1360 1909 1414 1950 ad
1453 1923 1563 1950 saec.
1596 1908 1654 1950 Vl

143 1977 392 2019 declaratur
423 1977 623 2018 Venantii
645 1976 872 2019 Fortunati
904 1978 1163 2030 testimonio,
1198 1979 1272 2032 qni
1305 1978 1367 2019 ita
1395 1978 1456 2019 ait
1486 1978 1529 2018 in
1561 1990 1653 2018 car-

143 2045 328 2087 minibus
359 2045 450 2100 [IIL
477 2049 539 2097 18,
563 2046 629 2100 7]:

418 2137 479 2170 vix
502 2136 612 2171 modo
639 2140 714 2171 tam
740 2137 855 2172 nitido
881 2148 1061 2182 pomposa
1086 2140 1257 2182 poemata
1282 2138 1383 2172 cultu

417 2193 520 2228 audit
544 2193 700 2228 Traiano
726 2194 846 2229 Roma
872 2195 1032 2229 verenda
1058 2194 1148 2229 foro.

418 2251 506 2295 quid
531 2252 560 2285 si
587 2252 660 2286 tale
686 2252 798 2286 decus
824 2252 1018 2287 recitasses
1045 2252 1082 2286 in
1108 2264 1194 2287 aure
1223 2252 1395 2286 senatus?
1420 2272 1463 2275 —

418 2320 485 2353 per
509 2309 600 2353 loca,
628 2321 694 2353 per
718 2310 887 2354 populos,
913 2321 980 2353 per
1006 2310 1169 2354 compita
1194 2312 1328 2344 cuncta
1354 2309 1498 2343 videres

418 2377 567 2400 currere
592 2367 792 2401 versiculos
818 2367 927 2411 plebe
956 2367 1101 2402 favente
1126 2370 1220 2402 tuos.

260 2445 355 2487 Non
386 2446 535 2499 ignoro
564 2446 736 2500 quidem
769 2447 1121 2489 consuetudinem
1151 2447 1266 2489 illam
1292 2446 1525 2488 Caesarum
1546 2450 1652 2487 tem-

143 2528 248 2568 pore
280 2528 417 2568 usque
452 2515 506 2556 ad
536 2516 721 2570 ineptias
755 2519 798 2557 et
819 2515 1103 2557 deridiculum
1125 2529 1411 2570 progressam.
1462 2518 1653 2556 attamen

145 2582 295 2624 eadem
337 2583 472 2624 multa
512 2584 612 2625 tulit
652 2584 787 2636 bona,
832 2598 927 2626 cum
968 2588 1010 2626 et
1049 2591 1204 2638 poetae
1246 2584 1465 2625 hominum
1507 2583 1652 2624 cultis—

144 2651 347 2693 simorum
370 2651 614 2705 frequentia
635 2653 920 2694 incitarentur
942 2652 996 2694 ad
1014 2667 1162 2694 versus
1180 2667 1307 2706 quam
1327 2652 1652 2694 accuratissime

143 2720 446 2774 perpoliendos
476 2724 518 2761 et
548 2721 590 2761 in
622 2721 893 2763 auditoribus
924 2721 1139 2775 elegantia
1170 2725 1399 2762 acueretur
1425 2720 1583 2761 iudicii.

261 2800 345 2842 Sed
374 2800 503 2854 paulo
536 2800 732 2854 pluribus
761 2801 863 2842 mihi
905 2801 1027 2842 video
1074 2800 1417 2842 adumbrandum
1463 2801 1650 2842 studium

143 2868 250 2909 illud
300 2869 629 2922 grammaticae,
682 2870 796 2923 quod
847 2870 891 2910 in
938 2871 1077 2924 poetis
1123 2870 1287 2910 Latinis
1339 2869 1469 2910 fuisse
1520 2884 1651 2923 supra

145 2937 395 2987 memoravi,
437 2940 748 2992 poetarumque
782 2942 824 2979 et
855 2938 1233 2993 grammaticorum
1266 2938 1516 2979 convictum.
1579 2938 1651 2994 qui
