1898 3292
237 194 311 230 102
839 202 955 225 LIBER
976 202 1130 226 anvs.

232 318 411 356 quorum
446 305 669 356 migrando
702 305 891 344 rationes
923 304 1011 344 sine
1041 303 1129 343 ulla
1160 304 1348 344 utilitate
1381 304 1492 344 haud
1523 305 1583 344 ita
1605 318 1739 358 parva

233 372 532 413 contrahemus
573 372 855 413 incommoda.
916 373 1063 424 itaque
1105 386 1187 412 11011
1231 386 1445 421 veremur,
1487 373 1637 425 nequis
1677 373 1739 412 in-

231 441 395 481 utiliter
437 444 479 481 et
519 441 709 481 vanitate
754 440 916 493 gloriae
961 454 1140 481 novasse
1187 454 1263 480 nos
1304 455 1502 481 versuum
1546 440 1739 482 ordinem

230 510 408 550 incuset.
1054 506 1060 509 ’

346 578 482 630 Igitur
524 577 709 630 primum
756 577 940 617 omnium
993 576 1303 617 memorabitur
1350 592 1375 616 a
1421 577 1544 618 nobis
1594 592 1740 618 versus

232 646 432 686 heroicus
465 645 646 699 dactylis
679 645 867 698 quinque
904 648 946 685 01
976 645 1181 685 trochaeo
1224 660 1307 686 uno
1352 650 1564 686 constans.
1627 646 1741 698 quod

231 715 356 766 longe
392 715 472 755 fuit
506 717 548 754 et
581 713 905 754 celeberrimum
940 713 1055 753 fama
1085 716 1267 754 metrum
1299 717 1341 754 et
1372 728 1451 754 usu
1485 713 1740 767 frequentis-

232 783 397 823 simum.
459 782 665 823 rettulere
711 782 762 822 ad
809 785 1029 822 auctorem
1064 782 1321 834 Apollinem,
1351 782 1585 823 Δ1110001010
1618 796 1738 835 prae—

232 851 385 900 sidem,
431 851 588 904 quippe
630 851 745 903 quod
786 850 1008 904 pulchrius
1045 850 1330 905 subtiliusque
1363 851 1580 891 videretur
1613 865 1741 903 quam

232 923 279 959 ut
310 919 500 959 humanii
540 919 699 972 ingenii
737 918 928 959 sollertia
960 924 1104 971 posset
1138 919 1328 959 inveniri.
1389 920 1571 971 ideoque
1612 921 1740 961 etiam

234 988 506 1029 oraculorum
539 1001 746 1040 responsa
779 1002 903 1028 versu
932 987 1013 1027 hoc
1044 992 1143 1028 sunt
1165 988 1293 1037 edita,
1327 988 1399 1040 qui
1422 987 1475 1028 ob
1498 987 1542 1027 id
1565 991 1742 1028 vocatus

233 1060 297 1097 est
338 1056 525 1110 Pythius.
597 1069 698 1096 sane
745 1055 796 1096 de
840 1056 1071 1096 virtutibus
1113 1055 1223 1105 eius,
1265 1070 1372 1108 quas
1411 1060 1512 1096 noto
1555 1056 1741 1096 carmine

232 1125 409 1178 pulchre
441 1124 673 1165 adumbrat
705 1126 749 1164 A.
775 1124 1057 1177 Schlegelius,
1091 1138 1330 1165 memorare
1363 1138 1741 1177 supervacaneum.

346 1193 429 1233 Sed
462 1193 528 1234 cui
564 1193 833 1246 potissimum
873 1193 1078 1233 materiae
1119 1193 1387 1243 conveniret,
1431 1193 1491 1262 sio¹
1531 1194 1743 1246 expressit

234 1261 438 1302 Horat-ius
470 1262 553 1316 [ep.
583 1261 632 1311 II,
666 1264 701 1311 3,
736 1262 829 1315 73]:

485 1352 541 1375 res
567 1344 693 1385 gestae
719 1353 918 1385 regumque
945 1341 1153 1385 ducumque
1182 1345 1218 1375 et
1246 1342 1363 1375 tristia
1389 1342 1483 1375 bella

487 1411 558 1442 quo
585 1398 696 1432 scribi
723 1402 875 1442 possent
901 1410 1052 1432 numero
1078 1399 1297 1432 monstravit
1326 1398 1523 1433 Homerus.

234 1468 371 1508 eidem
400 1467 628 1517 didactica,
659 1471 707 1508 ut
728 1467 971 1521 plurimum,
1005 1471 1046 1508 et
1067 1467 1265 1508 bucolica
1297 1472 1517 1509 cesserunt
1539 1469 1740 1509 carmina.

232 1551 254 1577 e
301 1536 485 1577 satiricis
528 1536 690 1577 Ennius
736 1536 917 1589 passim,
965 1536 1152 1576 Lucilius
1194 1536 1315 1577 libris
1361 1536 1487 1590 longe
1529 1537 1742 1590 pluribus,

236 1604 441 1645 Horatius
488 1608 530 1645 et
574 1605 835 1658 posteriores
886 1609 1080 1658 tempore
1131 1618 1299 1658 semper
1350 1605 1499 1646 eodem
1551 1610 1740 1647 utuntur.

232 1673 345 1714 idem
367 1672 621 1726 plerumque
648 1673 689 1713 in
726 1672 921 1726 epistulis
954 1673 1150 1726 optinuit,
1184 1676 1229 1713 at
1258 1687 1341 1714 11011
1372 1674 1549 1727 perinde
1579 1674 1622 1714 in
1655 1675 1741 1728 epi-

235 1737 497 1794 grammatis.
568 1745 685 1782 certe
730 1740 845 1794 apud
884 1740 1127 1781 Martialem
1173 1745 1326 1794 quater
1372 1742 1426 1796 [1,
1460 1746 1535 1794 533
1576 1743 1741 1795 11,73;

235 1809 313 1858 VI,
346 1813 421 1860 643
463 1809 559 1859 VII,
593 1809 665 1863 98]
713 1810 948 1860 invenitur,
1000 1823 1084 1850 non
1127 1810 1309 1863 saepius.
1383 1825 1433 1851 ex
1480 1811 1742 1853 carminibus

234 1881 375 1918 autem
410 1877 569 1918 talibus
602 1877 685 1918 duo
718 1878 895 1930 singulis
918 1882 1117 1919 constant
1139 1878 1354 1931 versibus,
1388 1883 1532 1920 cetera
1553 1880 1740 1921 iocosam

234 1946 449 1999 quandam
481 1946 643 1987 habent
676 1947 955 1999 gravitatem,
998 1950 1045 1988 ut
1082 1951 1293 2001 appareat
1335 1947 1388 1989 ob
1420 1948 1463 1988 id
1494 1948 1634 2002 ipsum
1667 1949 1742 1989 ad-

234 2015 343 2055 sumi
375 2015 499 2055 metri
530 2014 815 2055 insolentiam.
876 2029 974 2055 nam
1009 2019 1197 2056 testatur
1233 2015 1346 2056 idem
1392 2016 1540 2066 fuisse,
1586 2016 1742 2070 quibus

233 2083 406 2123 heroico
458 2096 584 2123 versu
636 2084 797 2136 scripta
845 2083 1124 2137 displicerent
1171 2084 1484 2137 epigrammata
1525 2085 1618 2139 [VL
1655 2086 1738 2139 65].

233 2165 258 2192 a
292 2150 518 2209 tragoedia
559 2152 705 2192 exulat
746 2152 835 2192 fere
878 2152 959 2191 hoc
992 2156 1186 2193 metrum.
1248 2166 1331 2205 quo
1362 2157 1506 2193 tamen
1537 2154 1742 2194 memoria

234 2220 408 2272 dignum
451 2219 657 2260 Senecam
704 2220 767 2260 uti
818 2224 860 2260 et
904 2221 946 2260 in
992 2220 1174 2261 choricis
1221 2221 1276 2261 ad
1321 2222 1606 2263 concinendas
1650 2222 1741 2263 lau-

233 2288 307 2328 des
344 2287 522 2328 deorum
565 2287 686 2342 [Oed.
720 2292 819 2340 4033
851 2293 896 2340 43
939 2291 1186 2341 429—4313
1218 2293 1463 2341 445—4483
1497 2294 1741 2342 466—471;

235 2359 483 2407 503—5083
527 2355 636 2397 Med.
680 2358 921 2411 lion—115]
972 2361 1014 2398 et
1063 2358 1106 2397 in
1152 2357 1323 2411 dialogo
1367 2358 1421 2398 ad
1470 2359 1739 2400 referendum

232 2424 452 2465 oraculum
499 2423 619 2478 [Oed.
653 2426 910 2480 233—238}
972 2429 1102 2479 atque
1135 2427 1263 2467 etiam
1302 2426 1416 2480 apud
1447 2427 1635 2468 Graecos
1675 2428 1742 2468 vel

232 2493 275 2532 111
308 2492 490 2533 choricis
520 2493 585 2532 vel
618 2493 673 2533 ab
705 2494 925 2535 actoribus
956 2496 1095 2548 promi
1132 2495 1262 2544 idem,
1301 2495 1376 2535 ubi
1419 2509 1487 2535 res
1530 2500 1740 2549 augustae

232 2560 295 2601 vel
329 2574 481 2614 graves
513 2565 655 2601 essent
686 2562 1001 2613 memorandae,
1036 2563 1140 2604 satis
1172 2567 1318 2604 notum
1351 2562 1421 2617 [of.
1445 2563 1520 2604 Od.
1543 2564 1740 2606 Muelleri

230 2628 327 2669 hist.
360 2629 439 2669 litt.
474 2629 624 2670 Graec.
657 2630 708 2680 II,
742 2630 825 2684 74].

346 2697 551 2749 Sequitur
581 2712 728 2738 versus
761 2701 803 2738 et
834 2699 924 2751 ipse
946 2699 1237 2740 nobilissimus
1269 2699 1738 2754 frequentissimusque,

232 2766 304 2817 qui
343 2766 669 2818 penthemimeri
712 2767 897 2820 repetita
941 2768 1089 2808 oritur.
1149 2768 1262 2808 huno
1294 2772 1611 2821 pentametrum
1642 2784 1737 2823 per-

233 2847 381 2874 versus
414 2834 606 2886 quidem,
639 2834 713 2875 sed
744 2839 886 2875 tamen
920 2835 1184 2876 inveteratus
1217 2836 1324 2877 dixit
1353 2851 1464 2877 usus.
1527 2837 1737 2878 Callinum

231 2901 404 2955 quidam
434 2902 606 2944 voluere
639 2903 922 2954 inventorem,
967 2903 1038 2944 alii
1069 2904 1387 2945 Archilochum.
1449 2906 1522 2946 sed
1559 2907 1734 2956 videtur,
