1898 3292
255 218 338 256 450
862 224 979 248 mimi<
999 224 1155 249 sExTvs.

254 327 297 368 in
339 326 534 368 iambicis
583 326 732 368 metris
779 326 1071 379 corripiuntur
1119 325 1228 381 [Ter.
1266 326 1333 367 ad.
1364 330 1467 378 4443
1512 327 1692 369 Phaedr.
1728 329 1758 379 L

254 399 320 445 22,
353 399 398 447 63
429 395 499 446 IV,
534 398 597 445 11,
629 399 675 446 43
715 394 810 435 Sen.
842 394 943 435 Oed.
981 397 1111 441 1021;
1146 394 1271 436 Prud.
1299 409 1338 448 p.
1372 398 1421 435 st.
1457 398 1519 444 10,
1553 396 1661 452 259}
1707 423 1757 427 ——

252 467 481 518 praeterea
519 462 714 516 perbona
756 466 979 516 poetarum
1023 463 1282 504 auctoritate
1322 463 1518 504 firmatur
1549 465 1757 517 producta

252 533 392 587 prima
434 530 719 584 praeteritum
759 534 896 572 remedi
941 530 1137 586 [Phaedr.
1179 531 1248 580 IV,
1287 535 1355 576 25,
1388 535 1461 582 223
1504 532 1649 573 Claud.
1696 538 1759 575 28.

255 599 367 656 302}
419 599 495 640 sed
525 599 699 640 hercule
730 612 868 652 neque
891 599 1114 640 Phaedrus
1146 599 1317 652 scripsit
1350 603 1502 639 retines
1533 613 1657 641 versu
1680 602 1760 641 hoc

253 668 351 724 [fab.
384 668 524 708 Perot.
561 671 624 717 10,
660 666 749 723 12]:

527 751 564 781 et
591 751 630 781 tu
657 747 724 780 nisi
752 747 861 780 istum
888 749 1009 780 tecum
1037 746 1188 780 adsidue
1215 746 1360 780 retines.

251 823 424 876 scripsit
457 825 625 870 detines,
658 835 735 862 nec
768 820 1054 862 Merobaudes
1086 824 1318 871 reppelIere
1348 820 1441 862 loco
1475 822 1549 862 tali
1592 821 1758 878 [paneg.

251 894 343 932 Aet.
377 890 490 946 107]:

938 957 1005 980 nec
1032 945 1155 980 dicere
1181 949 1354 979 mussant.

525 1004 733 1048 reppetiere
759 1003 889 1047 palam,
916 1004 986 1036 iam
1017 1002 1114 1046 quod
1140 1003 1322 1037 sententia
1347 1003 1473 1036 mundi

526 1063 816 1104 cunctorumque
842 1059 931 1094 fides
958 1060 1063 1093 nullis
1089 1060 1302 1094 auctoribus
1328 1060 1452 1094 ambit.

250 1143 292 1184 in
315 1142 470 1195 quibus
503 1145 735 1192 reppele'ere
765 1155 842 1194 per
864 1141 1155 1182 coniecturam
1179 1141 1410 1194 positumst
1432 1155 1456 1181 a
1479 1140 1658 1182 Niburio
1681 1156 1758 1195 pro

250 1225 314 1263 eo,
346 1210 460 1264 quod
494 1214 559 1251 est
590 1210 632 1250 in
672 1209 784 1250 libro
816 1209 1102 1262 Sangallensi,
1144 1213 1385 1259 repperIere
1416 1209 1481 1250 vel
1512 1213 1756 1260 redpetiere.

249 1279 448 1334 displicet
479 1281 653 1332 praeter
683 1278 809 1319 metri
840 1278 979 1318 labem
1013 1277 1152 1318 oratio
1175 1277 1394 1332 asyndeta.
1443 1278 1757 1319 scribendumst

242 1347 336 1389 ‘sed
368 1343 568 1398 ρεπεν-ε’.

364 1417 419 1457 At
450 1428 560 1468 quae
593 1414 783 1467 alioquin
815 1413 930 1468 apud
970 1413 1204 1468 dactylicos
1248 1417 1445 1467 prostant
1487 1415 1681 1468 exempla
1712 1429 1759 1456 re

250 1484 488 1538 productae
533 1486 609 1524 aut
647 1496 783 1536 usque
825 1482 881 1523 ad
914 1482 1103 1524 Lucretii
1143 1486 1328 1523 aetatem
1371 1486 1445 1523 aut
1480 1483 1631 1523 ultimo
1660 1498 1758 1537 pro·

248 1556 457 1593 venerunt
487 1556 694 1605 tempore,
727 1551 871 1604 qualia
902 1551 1075 1591 minime
1099 1550 1286 1603 Vergilio
1319 1564 1369 1591 ac
1397 1550 1557 1591 Nasoni
1589 1556 1632 1592 et
1662 1566 1756 1605 per-

249 1622 388 1662 fectae
434 1621 540 1661 artis
586 1619 754 1661 tribuas
798 1619 949 1673 poetis,
1009 1619 1142 1671 igitur
1179 1618 1314 1660 habes
1356 1619 1470 1673 apud
1511 1619 1755 1662 Lucretium

248 1688 508 1730 Luciliumve
552 1688 738 1729 adauct-a
779 1688 920 1741 prima
962 1687 1015 1741 [Ι,
1051 1690 1130 1729 228
1164 1687 1239 1739 al.;
1282 1687 1339 1735 ΙΙ,
1379 1691 1503 1739 1001;
1547 1688 1680 1737 XXX,
1713 1690 1754 1743 3]

247 1762 461 1801 reducere.
495 1761 679 1805 relatum,
711 1760 907 1797 rele'ctnm.
970 1760 1120 1796 contra
1159 1756 1202 1796 in
1242 1755 1393 1797 Lucilii
1438 1756 1470 1797 V
1514 1755 1598 1812 [35]
1642 1757 1755 1810 quod

247 1825 468 1867 ferebatur
513 1825 612 1866 olim
663 1822 773 1865 ‘nam
815 1827 994 1865 omuibus
1034 1828 1131 1864 unu*
1164 1828 1278 1865 dolor
1312 1829 1492 1875 receptes
1526 1823 1755 1876 labosque’.

246 1908 341 1935 cum
377 1894 586 1935 traditum
631 1897 744 1935 esset
788 1896 876 1933 dolo
908 1899 1125 1943 recaptus,
1166 1893 1209 1933 in
1252 1892 1440 1934 editione
1480 1898 1629 1934 nostra
1670 1894 1754 1934 iam

246 1966 511 2004 mutatumst.
540 1987 595 1992 ——
628 1961 949 2014 antiquissimos
985 1964 1127 2002 autem
1159 1964 1331 2002 secutus
1362 1965 1596 2002 reZate'onem
1629 1962 1757 2015 longa

246 2031 438 2085 principe
470 2031 613 2085 posuit
646 2033 797 2071 auctor
828 2029 880 2070 de
911 2028 1060 2082 figuris
1095 2028 1146 2084 [V.
1180 2027 1260 2085 28].
1322 2033 1548 2070 reducendi
1579 2030 1754 2071 verbum

247 2113 342 2141 cum
374 2113 503 2153 saepe
535 2098 650 2153 apud
681 2099 916 2152 scriptores
949 2097 1132 2152 optimos
1169 2097 1413 2138 inveniatur
1449 2098 1588 2151 prima
1623 2098 1755 2140 brevi.

246 2168 457 2221 producta
490 2167 640 2209 eadem
672 2181 755 2208 non
787 2166 1002 2220 reperitur
1034 2166 1115 2207 nisi
1145 2165 1257 2207 binis
1288 2179 1482 2207 serorum
1514 2170 1754 2220 temporum

245 2237 568 2290 epigrammatis
603 2236 665 2277 ita
700 2234 847 2291 [schol.
880 2235 996 2276 Pers.
1029 2235 1058 2285 Ι,
1088 2238 1161 2286 86,
1196 2233 1304 2289 Mey.
1338 2237 1432 2284 656,
1467 2234 1530 2291 1]:

518 2327 548 2359 a,
577 2316 747 2359 quotiens
774 2314 903 2348 umbra
928 2313 1056 2348 reduxi
1082 2313 1232 2348 brachia
1257 2317 1367 2348 mota.

520 2372 688 2416 coniugis
715 2374 793 2406 arte
820 2371 932 2405 decus
959 2371 1099 2414 patriae
1125 2370 1272 2404 reduxit
1300 2370 1421 2405 Iason.

243 2459 378 2501 quare
411 2446 548 2488 niinus
580 2445 733 2500 placet,
765 2444 880 2498 quod
911 2445 953 2485 in
985 2445 1067 2486 illis
1100 2445 1277 2498 Vergilii
1311 2444 1418 2501 [aen.
1454 2446 1500 2496 V,
1531 2445 1630 2501 428]
1666 2445 1750 2487 ‘ab-

244 2520 403 2556 dna-ere
445 2523 557 2556 retro
597 2518 715 2565 lonye
757 2517 894 2564 capita
937 2517 1072 2554 ardua
1116 2516 1164 2554 ab
1206 2511 1309 2554 iclu’
1358 2513 1463 2566 legit
1509 2514 1753 2555 Victorinus

242 2583 391 2638 [2481]
433 2587 652 2623 reduxere.
725 2581 921 2622 similiter
960 2581 1076 2634 quod
1122 2582 1331 2635 probatur
1376 2582 1590 2635 plerisque
1637 2582 1750 2635 apud

242 2651 470 2692 Horatium
514 2651 611 2705 [sat.
644 2650 695 2701 ΙΙ,
729 2653 764 2700 3,
800 2650 897 2703 191]
941 2647 1004 2690 ‘di
1034 2652 1105 2691 tihi
1135 2654 1229 2691 dem
1260 2658 1381 2701 capla
1421 2655 1587 2691 classem
1629 2654 1750 2690 rede(-

240 2733 334 2759 cere
361 2718 522 2762 Troia'.
561 2722 655 2759 tuto
684 2731 761 2758 nos
804 2730 1052 2770 spernemus
1092 2731 1193 2771 prae
1224 2718 1500 2771 dittographo
1533 2722 1748 2758 deducere.

244 2812 292 2816 e·
336 2787 519 2840 denique
568 2786 900 2827 christianorum
947 2789 1168 2838 poetarum
1209 2786 1330 2826 libris
1376 2786 1629 2839 productum
1673 2785 1749 2826 ali-

241 2856 438 2907 quotiens
480 2855 691 2895 invenitur
734 2867 780 2894 re
822 2856 998 2906 propter
1039 2855 1337 2895 necessitatem
1380 2855 1615 2895 metricam.
1688 2854 1746 2894 ita

242 2923 373 2964 habes
405 2923 533 2975 longa
561 2924 698 2976 prima
732 2922 826 2962 illa:
868 2925 1023 2971 reperit
1062 2922 1240 2976 [anthol.
1275 2922 1337 2963 ed.
1372 2923 1417 2963 R.
1454 2926 1544 2972 23:2¹6,
1578 2922 1645 2975 22]‚
1684 2936 1746 2962 re-
