1898 3292
738 254 866 278 LIBER'
876 254 1031 278 anvs.
1587 247 1639 285 89

134 372 232 399 mox
263 358 434 399 inscitia
465 358 663 398 videntur
705 370 796 398 esse
829 356 1021 397 obrutae.
1083 370 1182 397 nam
1213 370 1265 396 ne
1294 357 1335 396 in
1367 356 1516 397 Caesio
1549 358 1641 410 qui-

134 426 228 467 dem
260 426 406 477 Basso,
447 427 520 479 qui
552 426 684 467 distat
715 425 768 466 ab
802 439 850 467 co
883 425 1004 466 annis
1035 437 1118 465 non
1146 424 1328 478 amplius
1357 425 1486 477 LXX,
1518 429 1638 467 recta

136 509 282 536 earum
324 495 437 536 inest
486 495 654 548 peritia.
724 507 862 547 neque
902 496 1047 534 tamen
1090 493 1190 534 inde
1232 496 1475 547 repetemus
1523 494 1642 545 illud,

135 563 249 617 quod
289 563 393 604 dicit
424 562 670 604 Fridericus
704 561 967 616 Schlegelius
1013 562 1062 616 [L
1096 562 1196 616 237]
1237 565 1489 613 metrorum,
1532 577 1642 616 quae

134 647 160 673 a
197 632 374 673 Graecis
416 632 697 685 sumpsissent
736 631 934 681 Romani,
977 634 1149 684 praeter
1183 631 1457 672 hexametros
1500 635 1542 672 et
1579 631 1641 672 di-

134 700 272 742 sticha
306 700 377 741 vix
417 700 534 741 aliud
576 702 765 742 evenisse
808 699 1017 754 populare
1058 704 1101 740 et
1142 703 1367 753 acceptum
1404 700 1447 740 in
1479 700 1642 753 vulgus.

133 782 286 822 nempe
324 768 407 819 illi,
455 768 506 810 de
548 769 702 822 quibus
742 768 809 810 his
848 768 971 809 libris
1013 769 1263 822 exponitur,
1306 771 1506 810 auctores
1548 783 1643 809 cum

134 837 373 879 scriberent
402 851 485 878 non
517 836 702 879 indoctis
732 841 776 879 et
805 837 981 878 ultimae
1017 837 1144 878 sortis
1187 836 1455 887 hominibus,
1496 851 1643 878 verum

132 906 372 947 liberaliter
416 905 596 947 eruditis
637 909 679 947 et
712 906 827 960 apud
859 920 965 959 quos
999 920 1082 959 quo
1116 906 1210 959 quis
1243 909 1355 946 esset
1386 906 1521 959 magis
1551 907 1645 946 imi-

133 978 250 1015 tator
273 974 537 1015 Graecorum
570 988 618 1015 eo
653 979 767 1016 esset
799 974 1058 1016 celebratior
1091 973 1216 1025 fama,
1247 978 1430 1028 apparet
1462 974 1568 1015 nihil
1591 975 1645 1016 ad

134 1043 212 1085 hos
244 1043 521 1097 pertinuisse,
564 1043 667 1096 quid
705 1044 815 1085 faeci
848 1043 1016 1084 Romuli
1049 1047 1092 1084 et
1123 1043 1305 1097 plebeiis
1337 1043 1514 1084 auribus
1546 1058 1644 1097 pro-

134 1113 324 1154 baretur.
386 1125 524 1165 neque
567 1112 762 1154 versibus
794 1112 963 1153 Horatii
1004 1112 1251 1153 abstinuere
1292 1115 1518 1165 poetarum
1556 1113 1646 1166 ple-

134 1181 268 1234 rique,
292 1179 539 1222 abstinuere
562 1181 817 1235 systematis,
841 1194 952 1234 quae
975 1181 1145 1234 quidem
1170 1184 1479 1234 quaternorum
1503 1185 1646 1223 essent

134 1264 343 1291 versuum.
407 1263 457 1290 ea
485 1263 584 1290 vero
621 1249 735 1303 quod
772 1249 986 1303 plerique,
1029 1263 1113 1303 quo
1152 1249 1354 1299 vidimus,
1398 1254 1647 1304 contemptu

135 1319 389 1369 omiserunt,
421 1317 589 1369 dubito,
622 1332 676 1359 an
708 1318 806 1359 inde
842 1318 981 1359 dicam
1013 1319 1223 1369 evenisse,
1257 1318 1372 1372 quod
1403 1318 1523 1360 fuere
1556 1322 1645 1359 stu-

135 1387 243 1429 diosi
275 1387 381 1428 artis
402 1387 600 1437 tenellae,
632 1387 785 1438 mollis,
816 1386 1039 1439 delicatae,
1074 1401 1184 1441 quae
1206 1387 1423 1440 longiores
1445 1401 1645 1429 versuum

134 1470 269 1497 nexus
316 1459 382 1497 ut'
413 1456 625 1508 gravitate
672 1456 826 1497 nimios
876 1460 1196 1510 aspernaretur.
1271 1460 1500 1510 praeterea
1550 1471 1645 1498 cum

135 1528 370 1579 systemata
409 1523 484 1564 illa
524 1538 798 1565 numerorum
835 1528 1032 1566 constent
1067 1538 1228 1566 arcana
1260 1525 1447 1578 quadam
1479 1526 1647 1567 ratione

135 1594 309 1643 musica,
341 1607 469 1647 quam
501 1606 578 1634 nos
610 1593 782 1646 quidem
805 1593 1089 1635 alienissimos
1116 1593 1170 1635 ab
1198 1594 1369 1647 ingenio
1401 1594 1646 1648 iudicioque

134 1666 327 1704 veterum
357 1661 602 1716 perspicere
634 1662 736 1704 licet
765 1662 935 1703 facilius
970 1676 1099 1715 quam
1130 1663 1366 1716 percipere,
1398 1663 1647 1705 credibilest

135 1731 401 1784 vergentium
434 1730 489 1771 ad
521 1744 720 1772 occasum
749 1735 992 1785 temporum
1014 1731 1207 1772 homines
1229 1735 1278 1772 ut
1299 1731 1481 1773 aliarum
1502 1732 1645 1786 legum

135 1800 352 1850 carminis,
383 1799 446 1840 ita
477 1799 585 1849 eius,
621 1813 731 1852 quae
765 1803 883 1840 certa
915 1800 1128 1853 quaedam
1157 1814 1355 1841 versuum
1389 1815 1548 1854 genera
1579 1815 1643 1842 se-

137 1872 254 1910 creto
278 1868 383 1909 artis
406 1868 644 1909 contineret
666 1868 846 1919 vinculo,
878 1868 1119 1922 perdidisse
1151 1883 1334 1910 sensum.
1398 1870 1470 1923 qui
1502 1870 1646 1911 nescio

136 1951 190 1978 an
222 1950 273 1978 ea
303 1950 350 1977 re
382 1936 590 1978 contineri
622 1940 856 1991 systemata
888 1937 1161 1989 crediderint,
1192 1941 1241 1979 ut
1272 1942 1414 1979 certus
1445 1952 1645 1979 versuum

137 2019 189 2047 ex
220 2005 401 2046 arbitrio
433 2005 690 2046 selectorum
721 2019 942 2056 numerus,
984 2006 1115 2047 etiam
1158 2020 1306 2048 sensus
1351 2007 1545 2049 clausula
1576 2007 1646 2048 ille

137 2074 383 2125 distinctus,
415 2073 649 2115 identidem
681 2077 963 2128 repeteretur.
1025 2075 1135 2116 tales
1170 2075 1282 2116 enim
1314 2075 1646 2117 christianorum

135 2143 330 2196 plerique
361 2155 493 2184 novas
526 2142 803 2184 confecerunt
836 2143 1047 2196 strophas.
1083 2169 1132 2173 -—
1165 2157 1295 2197 porro
1326 2148 1375 2185 ut
1402 2144 1646 2198 systematis

136 2211 319 2253 Aeolicis
340 2211 595 2263 iunctorum,
623 2212 685 2252 ita
707 2211 916 2266 synaphia
938 2211 1260 2253 cohaerentium
1284 2226 1484 2254 versuum
1505 2226 1643 2266 paene

137 2280 309 2321 evanuit
338 2280 556 2321 memoria.

254 2348 460 2403 Superest
480 2352 528 2390 ut
551 2362 774 2403 exponam,
802 2350 843 2390 in
868 2349 1072 2403 eligendis
1096 2350 1288 2403 priorum
1312 2350 1518 2404 exemplis
1542 2365 1645 2404 quo-

138 2417 265 2458 modo
297 2418 457 2459 intel-se
489 2418 646 2459 diversi
678 2418 839 2459 fuerint
869 2418 1134 2460 diversorum
1166 2422 1409 2472 temporum
1440 2419 1645 2461 homines.

136 2499 236 2526 mox
278 2485 382 2539 quid
426 2486 540 2527 idem
582 2487 881 2540 praestiterint
920 2487 963 2527 in
995 2487 1257 2529 adornandis
1286 2487 1645 2541 perficiendisque

138 2554 286 2595 metris
328 2555 515 2608 propriis
555 2555 801 2596 declarabo.
872 2556 1020 2608 itaque
1060 2559 1233 2609 poetae,
1278 2555 1377 2597 inde
1418 2570 1444 2596 a
1485 2556 1646 2596 Tiberii

136 2623 382 2676 principatu
430 2636 567 2676 usque
608 2623 663 2664 ad
704 2623 973 2665 Hadrianum
1016 2623 1245 2666 Caesarem
1287 2625 1359 2677 qui
1404 2625 1644 2677 viguerunt,

138 2690 445 2743 elegantissimi
484 2691 632 2732 iudicii
674 2692 884 2743 homines,
927 2693 1049 2746 parci
1093 2706 1143 2734 ac
1183 2693 1365 2734 modesti
1408 2693 1528 2733 fuere
1571 2692 1645 2733 ad—

138 2759 354 2800 sumendis
384 2759 590 2801 versibus.
651 2760 783 2801 veluti
814 2761 1040 2802 Petronius
1078 2765 1251 2814 praeter
1290 2761 1564 2802 hexametros
1604 2764 1647 2802 et

141 2826 326 2868 disticha
355 2842 458 2869 usus
488 2828 702 2870 invenitur
734 2829 940 2870 trimetris
980 2830 1123 2871 iambo
1162 2843 1237 2871 seu
1282 2829 1471 2883 spondeo
1502 2829 1646 2881 finitis,

142 2909 269 2948 porro
302 2895 494 2937 dimetris
527 2896 790 2938 catalecticis
830 2901 873 2938 et
899 2899 1088 2939 numeris
1120 2898 1416 2938 anacreonteis
1449 2911 1500 2938 ac
1532 2901 1646 2938 sota-

140 2963 246 3004 dicis
285 2964 619 3019 phalaeciisque.
689 2966 839 3007 deinde
872 2966 1021 3008 eadem
1051 2966 1262 3007 modestia
1293 2965 1375 3006 fuit
1418 2966 1642 3014 Martialis,
