1898 3292
699 201 819 226 LIBER
838 201 1047 226 SECVNDVS.
1548 193 1562 232 l
1575 194 1621 232 61

121 318 280 355 semper
321 308 458 355 quinto
500 308 584 345 loco
624 307 846 355 spondeum
887 306 1046 354 recipit.
1115 306 1236 344 aliter
1276 307 1379 344 enim
1421 318 1508 345 esse
1545 318 1622 345 non

114 380 250 424 potest
272 377 466 424 traqz'cus.
514 373 595 413 hoc
616 373 835 426 placitum,
860 371 1245 413 Alexandrinorum
1269 375 1461 425 tempore
1484 376 1624 413 ortum

122 444 165 482 et
195 441 382 494 antiquis
415 440 593 482 Graecis
626 440 902 493 incognitum,
933 439 1102 480 omnino
1126 439 1382 480 observatur
1404 453 1428 480 a
1451 440 1626 491 Seneca,

121 509 164 549 id
207 509 321 562 quod
361 509 521 550 saeculi
563 509 672 550 sexti
715 508 868 549 decimi
905 507 1026 549 initio
1060 508 1267 549 Avantius
1299 508 1541 562 [comment.
1575 509 1627 550 de

121 578 317 619 trimetro
336 568 513 632 Senec.],
536 591 634 618 mox
656 576 955 617 Lachmannus
978 576 1035 630 [p.
1052 576 1152 630 130]
1174 590 1447 630 perspexere.
1489 590 1627 630 neque

122 646 233 687 enim
265 646 435 700 saepius
466 660 593 699 quam
625 645 737 687 senis
770 644 971 698 migravit
1000 644 1114 686 istud
1137 645 1250 686 idem
1271 645 1466 686 versibus
1498 645 1627 700 [Med.

100 718 226 767 ‚5123
259 718 362 766 709;
403 714 571 768 Thyest.
608 717 708 765 1153
741 713 894 755 Troad.
930 717 1031 765 1953
1068 717 1197 765 1080,
1229 713 1354 754 Herc.
1389 713 1480 755 Oet.
1514 714 1628 768 804],

123 797 229 836 quos
261 783 432 836 quidem
474 783 639 836 pariter
680 796 825 823 omnes
868 781 1008 823 clusos
1039 781 1171 822 habet
1202 781 1343 822 verbis
1375 782 1627 823 diiambicis.

122 851 300 892 eandem
342 854 486 892 autem
531 850 657 904 plane
703 863 897 892 normam
947 850 989 890 in
1038 850 1302 891 tetrametris
1350 850 1629 903 dimetrisque

122 919 354 960 trochaicis
395 919 467 960 ille
511 919 710 960 custodit.
772 932 882 972 quae
925 932 1018 959 cum
1056 919 1118 959 ita
1160 919 1263 969 sint,
1309 922 1491 972 apparet
1522 933 1573 960 ne
1605 933 1630 960 a

122 991 258 1028 metro
288 987 461 1041 quidem
490 991 605 1028 stare
638 987 828 1041 alioquin
858 988 1049 1041 ineptum
1090 987 1228 1038 illud,
1257 987 1371 1040 quod
1413 987 1546 1028 habet
1586 989 1627 1028 in

122 1056 306 1098 Hercule
339 1056 499 1098 Oetaeo
532 1057 682 1111 [1199]
715 1056 824 1098 liber
857 1056 1097 1097 Mediceus:

462 1131 582 1165 lucem
607 1131 742 1175 recepi,
768 1131 859 1164 lucis
885 1131 963 1164 erui
986 1142 1118 1164 moras.

122 1196 164 1234 et
202 1196 305 1234 Ditis
347 1193 517 1246 quidem
564 1208 640 1247 pro
683 1193 755 1234 illo
799 1197 899 1234 lucis
940 1192 1211 1234 scribendum
1252 1192 1516 1246 persuadent
1557 1193 1627 1234 de-

122 1261 312 1302 teriores.
374 1261 447 1302 sed
487 1265 716 1315 praeterea
754 1261 1090 1315 reponendumst
1133 1259 1191 1301 ‘et
1221 1259 1355 1311 rupi'.
1417 1265 1516 1302 sunt
1557 1276 1630 1303 au-

121 1334 208 1371 tem
242 1330 353 1371 Ditis
385 1322 545 1381 morae,
577 1344 689 1384 quae
722 1330 968 1371 obiciuntur
1007 1344 1032 1371 a
1064 1329 1174 1370 Dite.
1237 1330 1299 1370 ita
1331 1329 1434 1370 alibi
1468 1331 1630 1371 Seneca

122 1399 295 1453 [Troad.
329 1399 430 1453 939]
474 1397 738 1449 ‘abrumpere
777 1413 872 1439 ense
913 1402 1015 1439 lacis
1051 1402 1205 1439 invisae
1235 1396 1391 1439 moras’
1439 1403 1480 1439 et
1508 1400 1629 1440 Maro

122 1466 233 1521 [aen.
268 1467 346 1518 III,
380 1467 480 1522 717]
521 1466 629 1518 ‘sala
660 1470 909 1509 renarrabat
941 1464 1110 1508 divam'.
1176 1470 1365 1507 ceterum
1405 1467 1513 1509 haec
1556 1468 1630 1509 ob-

122 1536 358 1586 servantia,
402 1549 530 1589 quam
575 1536 746 1589 quidem
787 1535 842 1577 ab
874 1536 1058 1589 Augusti
1098 1538 1291 1589 tempore
1323 1549 1467 1577 omnes
1497 1537 1629 1590 tragi-

123 1617 194 1645 cos
228 1604 464 1645 custodisse
496 1604 776 1658 probabilest,
809 1605 939 1645 etiam
970 1604 1013 1644 in
1050 1607 1199 1645 satura
1229 1604 1418 1645 eiusdem
1441 1605 1629 1646 Senecae

122 1673 307 1725 optinuit
337 1673 389 1727 [c.
424 1673 466 1727 7]
510 1686 589 1714 nec
629 1686 713 1714 non
745 1672 934 1713 Petronii
973 1673 1161 1713 carmine
1194 1672 1245 1713 de
1278 1672 1443 1713 excidio
1476 1673 1629 1714 Troiae

122 1740 176 1795 [c.
208 1741 299 1795 89],
332 1741 445 1794 quod
478 1741 671 1795 proxime
705 1741 873 1782 accedit
905 1741 959 1782 ad
987 1741 1252 1794 tragicorum
1275 1741 1544 1794 gravitatem,
1577 1742 1630 1782 de

123 1823 208 1862 qua
229 1823 276 1850 re
302 1810 468 1850 monuit
488 1810 582 1851 Alb.
604 1810 792 1863 Langius
824 1810 866 1850 in
898 1809 1222 1863 quaestionibus
1243 1810 1433 1851 metricis
1455 1810 1629 1852 Bonnae

122 1891 233 1918 anno
266 1877 507 1919 MDCCCLI
538 1878 664 1919 editis
697 1879 754 1933 [p.
780 1878 979 1932 28—44]

236 1947 292 1987 At
322 1947 538 1987 contrario
568 1946 741 1987 hercule
774 1946 898 1988 modo
928 1960 996 1988 res
1034 1946 1167 1988 habet
1205 1947 1248 1987 in
1294 1946 1628 1988 claudicantiuin

122 2014 365 2056 iamborum
412 2018 454 2055 et
499 2015 800 2056 trochaeorum
852 2015 946 2066 fini,
998 2015 1040 2055 in
1087 2014 1242 2068 quibus
1294 2014 1427 2056 ferme
1479 2016 1628 2057 ultimo

123 2083 311 2137 spondeo
342 2082 596 2124 antecedere
628 2083 818 2125 iambum
850 2084 915 2125 vel
945 2083 1090 2137 pueris
1111 2087 1272 2125 notum.
1325 2083 1377 2124 de
1399 2097 1483 2136 quo
1504 2097 1629 2137 prae-

124 2155 248 2205 cepto
280 2151 341 2192 ita
371 2151 506 2193 tradit
537 2153 818 2194 Terentianus
850 2153 1022 2207 [24OS]:

467 2237 578 2270 quare
605 2226 852 2270 cavendumst,
879 2238 924 2261 ne
949 2226 1099 2261 licentia
1125 2228 1228 2260 sueta

465 2283 655 2328 spondeon
682 2286 745 2317 aut
771 2284 831 2327 qui
858 2287 1104 2328 procreantur
1130 2294 1174 2317 ex
1202 2282 1263 2316 illo

466 2340 544 2374 dari
568 2344 740 2384 putemus
768 2352 876 2384 posse
906 2352 1004 2374 nunc
1030 2341 1112 2374 loco
1140 2340 1279 2384 quinto,

465 2408 509 2431 ne
536 2397 785 2441 deprehensae
812 2400 986 2441 quattuor
1010 2399 1117 2432 simul
1141 2399 1272 2443 longae

466 2465 595 2498 parum
621 2465 754 2488 sonoro
779 2453 849 2488 fine
876 2454 1066 2489 destruant
1090 2467 1246 2489 versum.

125 2530 218 2558 eam
249 2521 392 2558 tamen
423 2531 618 2559 normam
650 2517 883 2559 identidem
916 2518 1147 2572 Hipponax
1179 2523 1222 2560 et
1242 2519 1433 2560 Ananius
1463 2518 1632 2572 ipsique

124 2586 418 2638 migraverunt
462 2585 766 2637 Alexandrini,
818 2590 1045 2628 servarunt
1094 2587 1287 2629 Catullus
1337 2592 1380 2630 et
1428 2587 1633 2640 aequales

125 2657 304 2707 excepto
337 2653 543 2705 Varrone,
575 2654 694 2695 cuius
727 2658 792 2695 est
821 2654 924 2696 hoc:

306 2728 443 2762 nemini
468 2727 615 2761 fortuna
642 2739 789 2761 currum
814 2740 835 2762 a
861 2740 1009 2763 carcere
1035 2729 1163 2762 intimo
1188 2729 1340 2762 missum

306 2784 380 2818 labi
407 2784 627 2818 inoffensum
652 2796 718 2828 per
743 2796 880 2829 aequor
909 2786 1104 2820 candidum
1130 2786 1175 2819 ad
1202 2786 1341 2820 calcem
1366 2785 1460 2819 sivit.

127 2846 241 2899 quod
272 2860 367 2888 cum
399 2847 461 2888 ita
492 2848 558 2898 sit,
591 2847 759 2888 videtur
791 2861 957 2890 errasse
980 2848 1281 2889 Lachmannus
1314 2849 1372 2903 [p.
1397 2849 1486 2902 29],
1518 2848 1633 2902 quod

128 2914 232 2955 dicit
261 2915 303 2955 in
326 2929 449 2956 vorsu
481 2915 563 2956 hoc
602 2913 806 2956 ‘sensibus
838 2920 991 2958 crassis
1022 2920 1185 2958 homulli
1217 2931 1295 2957 non
1327 2920 1505 2957 videmus
1537 2921 1637 2967 quid

195 2994 226 3018 L.
245 2994 434 3025 Mue11e1i3
459 2995 502 3020 De
522 3003 542 3019 r.
563 3003 598 3020 m.
618 3003 645 3026 p.
667 2996 699 3020 L.
1319 2986 1358 3017 ll
