1898 3292
716 245 834 268 LIBER
854 244 1042 275 Qviffl'rvs.
1553 235 1632 273 329

240 347 419 400 Igitur
456 348 682 400 primum
728 346 1041 395 notandum,
1087 345 1225 398 quod
1264 346 1453 386 vitium
1494 345 1633 386 illud

127 430 222 469 pro
265 415 541 457 varietate
584 415 701 456 soni
748 418 799 455 et
846 414 1184 467 quantitatis
1230 413 1483 454 finalium
1525 414 1633 469 syl—

126 484 375 525 labarum
406 498 502 525 nec
529 484 700 525 minus
732 482 1071 536 quantitatis
1103 483 1183 523 vel
1215 485 1478 523 accentus
1511 496 1632 523 oon-

127 552 467 594 tinuatarum
500 552 662 593 initio
695 551 982 604 sequentis
1015 550 1271 591 vocabuli
1299 564 1433 592 nunc
1464 551 1633 592 lenius

127 621 329 670 evenit,
367 635 503 661 nunc
541 620 809 674 asperius.

240 688 349 730 Nam
381 688 500 730 brevi
532 688 668 729 vocali
690 688 813 728 finita
834 701 935 741 pars
959 687 1166 728 orationis
1189 700 1284 728 cum
1307 686 1432 728 facile
1455 687 1633 728 miscea-

126 761 197 798 tur
225 758 478 811 insequenti,
512 757 612 798 talis
641 757 785 797 hiatus
817 755 940 808 longe
972 754 1129 796 accidit
1152 755 1439 807 gravissimus.
1491 756 1634 796 mitior

125 825 237 867 idem
277 826 320 866 in
363 840 433 877 ea,
477 839 587 879 quae
626 824 839 879 producta
872 823 1087 864 clauditur
1119 823 1206 864 sive
1239 823 1420 877 simplici
1453 824 1539 865 sive
1572 824 1633 864 di-

125 894 357 948 phthongo.
419 898 464 935 at
497 907 608 947 quae
638 909 673 934 m
702 893 848 933 littera
879 892 1178 938 terminantur,
1212 891 1440 945 ambiguae
1463 897 1562 933 sunt
1593 896 1636 933 et

126 963 304 1004 mediae.
365 962 472 1004 haec
513 962 623 1003 enim
662 962 742 1003 etsi
775 960 891 1002 nullo
922 964 1115 1014 tempore
1146 961 1318 1014 longam
1349 960 1532 1014 perfecit
1562 975 1632 1001 vo-

127 1031 261 1072 calem
307 1034 578 1081 anteuntem,
624 1033 767 1071 tamen
815 1028 978 1082 aliquid
1020 1028 1141 1069 addit
1179 1029 1216 1070 ei
1261 1028 1485 1082 ponderis,
1532 1043 1635 1070 sono

127 1099 299 1152 quidem
332 1099 498 1149 obtuso,
530 1099 641 1140 sicut
668 1098 717 1138 fit
747 1099 789 1138 in
822 1097 1031 1138 vocabulo
1055 1096 1220 1138 Gallico
1266 1095 1414 1139 ‘nom’.
1469 1097 1521 1138 de
1550 1112 1635 1150 qua

127 1182 172 1208 re
212 1168 321 1209 bene
356 1167 643 1218 Quintilianus
685 1167 784 1221 [1X,
819 1171 862 1216 4,
895 1166 968 1221 40]
1013 1164 1146 1217 ‘atqui
1187 1170 1325 1207 eadem
1369 1170 1438 1207 illa
1485 1170 1634 1211 littera,

127 1240 309 1287 quotiens
341 1239 517 1277 ullimast
548 1243 586 1276 et
617 1239 790 1276 vocalem
832 1237 943 1275 verbi
983 1242 1188 1285 sequentes
1232 1238 1288 1275 ἱία
1329 1238 1549 1286 conlinqc't,
1593 1242 1633 1274 ul

126 1308 167 1344 m
208 1318 294 1346 eam
338 1308 519 1345 transire
552 1307 706 1355 possit,
751 1307 906 1344 etiamsi
945 1306 1161 1351 scribitur,
1204 1311 1333 1344 lamen
1371 1317 1522 1353 parum
1564 1317 1631 1343 ea·-

118 1376 327 1423 prime'lur,
371 1380 414 1413 ut
450 1371 630 1413 ‘multum
662 1370 750 1413 πῖθ’
786 1379 823 1412 el
862 1369 1074 1422 ‘qeccmtum
1117 1369 1247 1420 erast,
1289 1375 1391 1412 adeo
1423 1378 1464 1411 m
1495 1385 1634 1422 paene

126 1445 336 1482 cuiusdam
376 1455 502 1482 novae
540 1444 702 1482 litterae
740 1454 880 1481 sonum
913 1444 1073 1481 reddat.
1136 1454 1265 1491 neque
1298 1443 1400 1480 enim
1431 1443 1634 1488 εχίφηὶῖιιν,

125 1513 200 1550 sed
229 1511 473 1550 obscuratur
496 1516 534 1550 et
565 1516 717 1550 lantum.
745 1512 785 1549 ἰη
818 1512 892 1549 hoc
921 1512 1061 1559 aliqua.
1092 1512 1198 1550 inter
1227 1513 1331 1549 (luas
1354 1513 1509 1549 vocales
1530 1513 1636 1549 velut

126 1584 276 1626 morast,
309 1590 359 1618 ne
389 1581 505 1628 ipsae
537 1585 681 1618 coeant
699 1582 718 1618 ³.
782 1591 915 1630 quare
948 1591 1031 1618 non
1063 1577 1171 1618 bene
1209 1577 1405 1618 fecerunt
1436 1577 1635 1617 vetustis-

126 1646 331 1687 simorum
359 1645 416 1696 ei,
460 1646 533 1699 qui
571 1646 740 1687 omnino
774 1659 1004 1687 consonam
1037 1659 1119 1687 non
1153 1649 1318 1687 mutato
1354 1645 1499 1699 priore
1531 1658 1634 1686 sono

126 1713 384 1765 reciderunt,
417 1714 547 1755 veluti
570 1714 678 1755 dixit
700 1714 910 1755 Pacuvius
953 1713 1142 1765 ‘propter
1173 1711 1351 1755 h07m'ne’
1387 1713 1634 1769 [Pompeius

125 1797 165 1836 p.
200 1782 313 1836 406]
366 1782 536 1833 rectius,
570 1783 641 1836 qui
673 1782 1003 1836 praecedentem
1035 1786 1259 1823 mutarunt
1289 1782 1493 1833 vocalem,
1525 1782 1636 1823 sicut

125 1850 260 1892 habes
292 1850 407 1904 apud
438 1850 619 1892 eundem
646 1850 877 1892 Pacuvium
922 1849 1037 1892 ‘ante
1069 1848 1233 1901 templo'
1270 1850 1434 1905 [Pomp.
1457 1850 1482 1891 l.
1507 1851 1560 1904 c]
1593 1853 1636 1891 et

125 1920 169 1960 in
206 1919 426 1973 epitaphio
459 1919 502 1960 L.
536 1919 746 1973 Scipionis
790 1918 913 1960 ‘leone
954 1917 1085 1968 02'710',
1127 1933 1152 1960 a
1193 1919 1348 1972 quibus
1389 1919 1534 1972 paullo
1573 1919 1635 1960 di-

126 2001 251 2029 versa
288 2002 390 2029 usus
430 1988 598 2029 ratione
640 1988 749 2029 dixit
777 1988 881 2029 Cato
913 1988 1140 2030 Censorius
1181 1987 1253 2028 ille
1287 1992 1375 2029 diee
1405 2001 1484 2042 pro
1517 1991 1631 2029 diem.

127 2070 226 2097 nam
265 2056 379 2109 quod
420 2055 524 2097 dicit
554 2056 842 2107 Quintilianus
882 2056 1081 2110 impediri
1125 2070 1197 2107 ea,
1239 2070 1291 2097 ne
1322 2056 1492 2098 vocales
1525 2056 1634 2097 duae

128 2128 297 2175 coeant,
339 2124 421 2165 nisi
459 2127 697 2166 statuemus
727 2125 812 2166 iam
841 2125 968 2166 huius
1001 2128 1143 2166 aetate
1174 2125 1339 2179 perisse
1367 2125 1511 2166 hiatus
1541 2139 1635 2166 sen-

126 2208 240 2244 sum,
272 2206 356 2234 non
395 2194 557 2246 poterit
596 2194 792 2247 urgueri,
838 2208 933 2234 cum
972 2194 1015 2234 in
1059 2193 1254 2235 versibus
1297 2194 1469 2247 saepius
1510 2193 1635 2247 longe

128 2261 344 2303 elidantur
374 2260 523 2303 finales
554 2262 598 2302 in
627 2262 745 2303 illam
769 2276 998 2303 consonam
1022 2276 1150 2316 quam
1172 2262 1215 2303 in
1236 2262 1407 2316 longam
1430 2266 1635 2303 exeuntes

125 2329 328 2372 vocalem.
380 2333 582 2381 ceterum,
611 2334 659 2371 ut
689 2331 939 2372 consulatur
959 2330 1174 2381 brevitati,
1206 2331 1393 2385 syllabas
1423 2345 1458 2371 m
1489 2330 1636 2372 littera

125 2398 379 2439 terminatas
420 2398 648 2452 appellabo
687 2399 863 2440 medias.
914 2426 958 2430 ---
1009 2400 1149 2440 minus
1196 2403 1341 2440 autem
1386 2399 1525 2453 turpis
1572 2402 1637 2440 est

125 2466 270 2508 hiatus
300 2467 345 2507 in
376 2467 597 2508 vocalibus
627 2467 752 2521 plene
780 2467 1048 2521 firmiterque
1082 2467 1353 2519 sonantibus,
1393 2481 1503 2521 quae
1536 2471 1635 2509 sunt

128 2549 165 2584 a,
198 2549 233 2584 0,
266 2549 304 2584 u,
338 2548 466 2588 quam
497 2535 538 2576 in
570 2536 745 2577 minutis
777 2550 827 2576 ac
858 2537 1017 2577 teneris
1049 2550 1070 2576 e
1100 2536 1165 2577 vel
1199 2540 1222 2577 ἱ.

239 2603 330 2644 Iam
363 2603 477 2656 quod
514 2604 668 2645 statuit
696 2604 997 2646 Lachmannus
1037 2605 1094 2659 [p.
1132 2605 1253 2659 158],
1295 2605 1330 2646 si
1369 2604 1635 2658 paenultima

125 2670 297 2724 longam
338 2671 498 2712 habeat
526 2672 717 2713 vocalem
759 2686 834 2713 seu
871 2672 1183 2726 diphthongum
1225 2686 1309 2713 non
1347 2672 1497 2714 addita
1536 2686 1634 2713 con-

127 2752 250 2789 sona,
284 2739 502 2780 elisionem
535 2740 600 2780 vel
630 2741 916 2793 inelegantem
945 2755 1038 2782 esse
1071 2741 1136 2782 vel
1167 2741 1274 2782 adeo
1306 2741 1633 2793 imper-missam,

127 2807 230 2848 mihi
273 2807 445 2860 quidem
483 2822 567 2849 non
595 2809 822 2862 persuasit.
883 2809 1015 2850 veluti
1049 2809 1163 2862 quod
1195 2812 1324 2862 negat
1357 2808 1552 2850 adhibita
1583 2823 1634 2850 ea

127 2889 153 2916 a
183 2875 356 2917 Lucano
388 2877 580 2929 potuisse
610 2877 710 2930 poni
749 2880 882 2928 yemis
912 2881 1051 2919 Iuleae
1082 2884 1120 2918 et
1161 2878 1210 2932 [1,
1247 2878 1366 2932 197],
1409 2891 1504 2918 cum
1541 2877 1634 2931 ipse

129 2943 338 2985 concedat
369 2944 547 2986 eandem
581 2944 811 2990 admissam
843 2945 896 2987 ab
930 2945 1110 2989 Horatio
1153 2946 1197 2986 in
1228 2945 1359 2987 verbo
1392 2951 1446 2996 fio
1486 2946 1569 3002 [ep.
1602 2946 1633 3000 I,
