1898 3292
671 288 790 313 LIBER
810 289 982 314 TERTIVS.
1499 283 1520 318 2
1530 283 1578 320 713

77 389 278 442 strophas
326 389 395 444 [of.
427 390 462 439 Ι,
500 394 534 439 1,
571 393 727 442 1-28,
768 394 832 441 37,
866 394 1022 442 5—243
1066 391 1143 442 ΙΙΙ,
1177 395 1246 437 29,
1279 395 1467 443 29-483
1514 396 1578 443 30,

78 462 236 510 1—16;
270 459 338 509 1V,
361 462 399 508 4,
428 459 593 513 1—28],
626 473 711 512 qua
742 459 783 499 in
814 473 858 499 re
890 459 927 498 ei
960 460 1154 500 convenit
1183 474 1277 500 cum
1301 460 1486 502 Pindaro
1512 488 1579 512 —,

76 526 335 567 relicuoruni
368 541 419 567 ex
450 526 531 568 hac
562 530 685 580 parte
718 526 799 567 fuit
839 526 987 567 eadem
1021 527 1312 578 observantia,
1356 543 1482 581 quam
1519 530 1580 570 di-

75 594 310 635 stichorum
341 595 459 636 exitu
490 595 724 648 optinuisse
757 609 887 648 supra
915 595 1161 636 memoravi.

187 663 382 716 Denique
427 663 634 704 Horatius
680 677 851 704 suorum
899 663 1136 713 hominum,
1179 678 1262 705 non
1302 664 1578 717 Graecorum,

75 731 361 772 aemulatione
404 731 518 784 quod
558 732 600 772 in
629 731 933 785 plerorumque
964 745 1162 773 versuum
1193 732 1266 773 fini
1299 733 1363 774 vel
1400 748 1578 775 caesura

75 800 255 841 similem
291 800 466 853 Vergilii
500 801 688 841 caesuris
722 800 919 841 adhibuit
951 801 1180 851 licentiam,
1214 816 1264 841 ne
1296 802 1377 843 hoc
1409 803 1579 856 quidem

74 869 292 922 persuasit
341 869 633 922 popularibus.
709 869 839 922 igitur
889 869 1003 922 apud
1051 870 1234 910 Statium
1286 875 1326 911 et
1374 873 1579 913 Senecam

73 937 235 978 frustra
267 937 529 990 quaesiveris
560 951 708 978 versus
737 937 852 978 velut
882 937 1013 978 tales:

346 1017 497 1051 vocibus
523 1028 676 1061 regnum
702 1020 732 1050 et
758 1017 925 1051 diadema
951 1020 1082 1051 tutum.

346 1074 395 1107 nil
422 1075 577 1108 interest
605 1084 652 1107 (cn
680 1085 821 1118 pauper
847 1078 884 1108 et
909 1074 1042 1108 infima.

346 1134 561 1176 pestemque
588 1144 609 1165 a
632 1131 769 1175 populo
797 1135 829 1164 et
854 1132 1020 1176 principe
1048 1131 1202 1166 Caesare
1225 1134 1263 1166 in

551 1188 683 1223 Persas
709 1192 818 1232 atque
845 1189 1052 1223 Britannos.

349 1246 456 1290 plena
481 1247 622 1280 miraris
648 1247 862 1290 positusque
889 1248 1000 1281 carbo
1026 1248 1064 1279 in

553 1303 693 1348 cespite
718 1304 810 1337 vivo.

347 1359 519 1394 audivere
543 1359 645 1405 Lyce
671 1360 707 1394 di
731 1372 812 1395 mea
836 1363 931 1404 vota,
958 1360 998 1394 dv·

346 1417 517 1451 audivere
542 1416 654 1462 Lyce.

74 1490 262 1529 ceterum
310 1486 586 1540 epodicorum
632 1500 830 1527 versuum
876 1487 917 1527 in
964 1486 1046 1527 fine
1092 1501 1174 1528 non
1226 1488 1404 1529 eandem
1452 1504 1579 1542 quam

72 1556 323 1610 melicorum
375 1554 549 1596 admisit
598 1555 902 1608 inelegantiam
956 1555 1147 1597 Flaccus.
1218 1561 1448 1610 practerea
1497 1572 1579 1599 non

72 1625 232 1678 poterit
270 1623 421 1665 fallere
458 1623 621 1676 peritos
663 1624 706 1664 in
750 1624 898 1665 metris
941 1637 966 1664 a
998 1624 1165 1666 Catullo
1206 1630 1280 1666 aut
1312 1626 1468 1668 Laevio
1508 1641 1580 1667 no-

73 1693 183 1734 vatis
214 1706 310 1734 cum
341 1691 492 1733 similis
523 1691 654 1733 fuerit
686 1693 862 1746 antiquo
895 1696 1089 1747 tempore
1130 1693 1309 1735 libertas
1351 1695 1403 1745 ei,
1451 1709 1580 1748 quam

74 1760 350 1802 observamus
391 1760 506 1814 apud
537 1760 784 1811 Horatium,
823 1762 1084 1814 posteriores
1124 1766 1267 1803 tamen
1305 1763 1372 1803 vel
1411 1763 1485 1804 illa
1515 1764 1581 1804 vel

74 1830 198 1883 siqua
228 1829 310 1883 ipsi
342 1829 603 1870 addiderunt
634 1843 685 1870 ea
717 1843 820 1870 cura
850 1829 1068 1881 habuisse,
1101 1845 1210 1884 quae
1232 1830 1451 1884 perfectae
1475 1833 1580 1873 artis

74 1902 117 1940 et
162 1898 318 1939 aetatis
364 1911 486 1939 serae
532 1898 763 1951 propriast.
830 1898 977 1951 itaque
1018 1913 1113 1940 cum
1156 1899 1366 1950 Catullus,
1412 1904 1459 1941 ut
1500 1900 1581 1942 hoc

75 1966 268 2020 exemplo
300 1969 419 2017 utar,
446 1970 545 2019 post
579 1966 788 2007 decimam
820 1966 1034 2020 phalaecii
1064 1981 1212 2010 versus
1245 1967 1454 2022 syllabam
1487 1983 1579 2010 sen-

73 2035 254 2076 tentiam
283 2034 506 2075 incidisset
537 2035 597 2076 sic
629 2035 714 2089 [24,
739 2035 802 2089 7]:

349 2107 462 2151 quid?
494 2120 568 2142 non
594 2111 650 2142 est
673 2108 783 2143 homo
812 2108 956 2143 bellus?
988 2109 1141 2153 inquies.
1183 2113 1248 2153 est,

75 2184 159 2212 non
190 2171 405 2224 reperitur
437 2171 574 2212 simile
605 2172 719 2225 apud
747 2173 1038 2226 insequentes,
1080 2173 1163 2213 nisi
1204 2174 1317 2226 quod
1356 2174 1487 2215 semel
1519 2174 1581 2216 Si-

75 2239 226 2281 donius
254 2240 299 2280 in
328 2239 402 2281 fini
432 2254 581 2282 versus
614 2240 839 2282 collocavit
868 2241 973 2282 illud
1007 2248 1044 2281 et
1080 2241 1163 2295 [ep.
1195 2242 1306 2294 VIII,
1346 2247 1406 2293 11,
1439 2243 1522 2297 35].

189 2309 329 2365 Atque
349 2308 458 2350 haec
481 2309 653 2362 quidem
673 2309 894 2350 hactenus.
942 2313 1130 2351 ceterum
1152 2310 1406 2364 plerumque
1430 2325 1581 2352 caven·=

74 2376 189 2427 dum,
232 2390 286 2418 ne
328 2390 463 2430 prava
500 2377 774 2419 distinctione
816 2378 1127 2419 sententiarum
1160 2393 1235 2420 seu
1263 2379 1491 2420 verborum
1527 2380 1580 2420 ab

75 2444 323 2486 auctoribus
354 2446 514 2499 optime
546 2446 780 2487 constituta
811 2447 987 2500 propria
1014 2447 1274 2500 inelegantia
1296 2448 1579 2489 destruamus.

74 2512 205 2554 veluti
225 2513 337 2554 male
360 2517 402 2554 et
423 2527 590 2555 morose
611 2528 688 2556 nos
710 2515 828 2567 illud,
862 2515 976 2568 quod
998 2516 1215 2556 vocativos
1236 2516 1580 2570 interpungendo

75 2580 129 2622 ab
161 2595 300 2633 sensu,
341 2581 397 2623 ad
428 2596 554 2635 quem
585 2583 814 2636 pertinent,
847 2597 1109 2637 separamus.
1170 2588 1399 2637 praeterea
1431 2585 1465 2626 si
1497 2598 1581 2625 una

74 2662 175 2702 pars
222 2649 427 2691 orationis
472 2651 584 2692 inter
626 2651 733 2693 duas
780 2652 1014 2693 sententias
1059 2653 1202 2706 posita
1249 2653 1302 2694 ad
1351 2656 1580 2705 utramque

74 2718 240 2770 pariter
260 2719 486 2771 pertineat,
515 2717 634 2760 haud
665 2720 746 2761 erit
778 2720 867 2761 fere
901 2734 976 2761 cur
1010 2724 1108 2774 post
1138 2720 1255 2761 illam
1278 2734 1359 2762 vox
1389 2720 1579 2761 inhibea-

74 2789 164 2836 tur,
205 2785 271 2827 vel
309 2786 345 2827 si
374 2786 552 2828 verbum
585 2788 799 2840 sequitur,
840 2788 955 2841 quod
982 2789 1120 2842 primo
1153 2789 1363 2830 enuntiati
1403 2789 1496 2829 loco
1538 2789 1580 2829 in

74 2866 205 2906 prosa
233 2853 390 2896 debeat
421 2854 635 2896 collocari.
697 2869 830 2909 quare
852 2856 923 2897 vix
952 2860 1070 2898 recte
1099 2857 1265 2898 dicetur
1286 2860 1384 2910 post
1405 2858 1581 2898 tertium

74 2921 225 2974 pedem
255 2922 489 2964 subsistere
521 2937 690 2965 sensum
723 2925 766 2964 in
797 2924 930 2975 hisce,
967 2925 1112 2978 qualia
1144 2939 1274 2978 supra
1306 2925 1448 2977 attigi,
1485 2939 1579 2966 cum

76 2989 128 3030 de
158 2991 286 3031 tertio
315 2991 556 3032 hexametri
586 2996 788 3045 ageretur
818 2993 1009 3047 dactylo:

1236 3063 1305 3095 18*
