1898 3292
211 234 290 272 398
804 242 923 268 LIBER
943 243 1122 274 QVINTVS.

210 357 320 396 quae
362 343 572 385 haberent
619 344 814 397 genetivo
857 345 1027 397 longam
1061 360 1103 389 ο,
1145 346 1275 386 etiam
1313 346 1574 387 nominativo
1615 361 1712 400 pro-

208 411 380 452 ductam
413 411 573 453 habere
604 412 787 462 finalem⁷
820 413 1001 454 intendit
1034 413 1078 454 id
1101 413 1401 455 Fleckeisenus
1423 414 1464 455 in
1488 415 1714 456 annalibus

206 480 476 533 philologieis
508 483 550 521 et
580 480 884 534 paedagogicis
918 481 1044 535 [LXL
1082 485 1130 522 17
1160 482 1271 535 sqq]
1302 482 1384 531 ita,
1424 486 1472 523 ut
1501 487 1715 524 assereret

207 552 250 589 et
278 562 302 588 a
333 548 521 602 Vergilio
555 552 598 589 et
629 549 682 590 ab
716 549 970 602 aequalibus
1012 549 1101 591 eius
1145 549 1259 590 haud
1300 550 1476 592 incertis
1509 551 1714 605 exemplis

206 617 529 658 terminationes
562 617 803 668 verborum,
836 631 946 670 quae
978 621 1077 658 sunt
1110 632 1172 666 ar,
1208 632 1266 666 er,
1299 632 1358 667 or,
1393 626 1445 666 al,
1478 627 1528 663 et,
1559 623 1601 665 it,
1634 627 1712 664 (zer.

206 700 308 733 mur,
340 700 439 733 mus,
481 699 574 726 cum
615 686 831 726 nominum
865 685 1124 738 quibusdam
1153 690 1324 727 servata
1356 688 1598 740 quantitate
1626 690 1713 743 pri-

207 753 319 794 stina
368 753 558 807 produci.
622 754 888 807 eandemque
928 754 1168 807 opinionem
1212 755 1420 796 acerrime
1452 759 1619 798 tutatus
1650 760 1714 798 est

206 822 440 863 Corssenus
485 822 596 864 libro
643 822 695 863 de
741 822 1091 876 pronuntiatione
1139 823 1292 864 Latina
1338 824 1422 878 [IL
1465 828 1546 866 43ss
1591 826 1712 880 sqq.].

206 890 358 931 horum
407 891 667 932 auctoritate
715 891 813 931 freti
862 890 1007 943 qualia
1052 891 1317 933 imitatorum
1365 906 1532 934 servum
1581 907 1713 946 genus

206 958 361 1011 quibus
393 959 677 1013 scriptoribus
708 959 923 1011 tribuerit,
954 958 1109 1000 afferre
1142 973 1224 1000 non
1257 964 1392 1001 vacat.
1444 961 1518 1002 sed
1549 975 1600 1003 ne
1630 962 1714 1002 illis

205 1027 397 1079 quidem,
438 1041 619 1081 quornm
652 1028 824 1068 nomina
855 1028 1057 1081 apposui,
1101 1028 1206 1069 satis
1243 1032 1358 1069 recte
1394 1043 1482 1070 rem
1514 1029 1713 1071 difficilli-

204 1109 316 1136 mam
339 1099 571 1137 tractatam
596 1110 688 1137 esse
711 1100 866 1138 statuo.
917 1096 1066 1137 debuit
1088 1097 1211 1147 enim,
1244 1097 1325 1137 nisi
1358 1098 1496 1148 fallor,
1529 1100 1711 1153 primum

205 1165 390 1205 omnium
415 1165 576 1218 quaeri,
608 1164 826 1218 numquod
849 1165 972 1206 istius
994 1179 1095 1206 usus
1118 1165 1342 1218 vestigium
1366 1167 1481 1220 apud
1505 1167 1712 1209 Lucilium

204 1233 539 1286 Lucretiumque
583 1237 625 1275 et
665 1233 878 1274 Catullum
923 1233 1196 1274 inveniretur.
1270 1234 1384 1287 quod
1428 1235 1461 1276 si
1504 1250 1626 1277 secus
1668 1251 1712 1278 se

204 1300 404 1351 haberet,
449 1302 521 1355 qui
562 1302 703 1355 potuit
733 1302 848 1351 fieri,
894 1305 941 1342 ut
973 1301 1186 1355 Vergilius
1220 1306 1262 1343 et
1293 1304 1487 1356 Augusto
1520 1305 1712 1358 aequalis

203 1372 356 1410 auctor
397 1369 508 1411 hanc
541 1370 843 1424 Aboriginum,
885 1384 982 1411 mox
1014 1370 1154 1412 Plauti
1195 1376 1237 1412 et
1278 1372 1400 1412 Ennii
1441 1372 1710 1414 insolentiam

204 1441 431 1478 renovaret
460 1442 559 1491 post
590 1438 655 1479 CL
692 1452 775 1478 non
815 1439 953 1479 minus
993 1444 1157 1480 annos?
1219 1453 1358 1481 nonne
1401 1454 1546 1481 omnes
1587 1441 1712 1482 huius

203 1506 408 1560 temporis
450 1510 604 1560 poetae
646 1506 790 1548 odium
833 1510 1211 1561 contemptumque
1248 1512 1437 1550 veterum
1481 1509 1711 1564 dactylico-

202 1588 309 1625 rum,
350 1574 506 1616 nedum
549 1575 857 1627 scaenicorum,
899 1590 1003 1630 prae
1035 1590 1079 1617 se
1110 1576 1285 1618 ferunt?
1340 1591 1475 1619 nonne
1506 1578 1712 1620 ridiculus

203 1643 415 1685 extitisset
447 1644 659 1696 Vergilius
692 1644 936 1697 aequalium
970 1658 1052 1686 non
1086 1645 1267 1687 inimicis
1298 1646 1436 1696 modo,
1469 1646 1543 1688 sed
1575 1648 1710 1688 fauto-

204 1711 322 1753 ribus
335 1717 354 1752 2²
392 1725 470 1766 ego
504 1726 604 1754 vero
637 1713 747 1754 sicut
779 1712 965 1754 concedo
997 1713 1204 1767 pleraque
1236 1714 1456 1756 Ritschelii
1489 1719 1531 1756 et
1565 1715 1712 1757 Fleck-

202 1780 334 1821 eiseni
357 1780 640 1834 Corssenique
672 1781 835 1835 placita
857 1781 1066 1823 Plautinis
1099 1786 1216 1824 recte
1248 1782 1443 1824 adhiberi
1475 1783 1609 1835 libris,
1651 1785 1712 1826 ita

202 1863 433 1903 numquam
465 1850 609 1904 patiar
640 1850 789 1892 eadem
820 1850 1063 1904 promiscue
1094 1851 1403 1905 dactylicorum
1426 1852 1595 1894 admitti
1618 1867 1711 1894 car-

200 1916 397 1960 minibus.

317 1987 485 2041 Quippe
533 1990 697 2029 certum
744 1987 1000 2041 firmumque
1047 1991 1216 2030 constat
1262 1989 1403 2031 animo
1450 2002 1533 2031 non
1580 1990 1710 2032 ullam

202 2054 373 2096 finalem
420 2068 471 2097 ex
516 2055 622 2107 illis,
669 2069 780 2109 quae
820 2056 994 2109 vulgato
1043 2057 1301 2110 optimorum
1347 2061 1589 2112 temporum
1630 2073 1709 2100 usu

200 2122 471 2175 breviantur,
514 2124 739 2178 pristinam
779 2124 894 2179 apud
935 2124 1012 2166 hos
1053 2125 1281 2167 retinuisse
1313 2128 1599 2179 quantitatem
1629 2128 1708 2168 nisi

200 2195 235 2231 is
267 2192 525 2233 coniunctivi
563 2193 744 2247 perfecti
784 2193 870 2235 sive
912 2193 1047 2235 futuri
1090 2194 1276 2236 secundi.
1339 2209 1437 2237 nam
1470 2195 1577 2238 haec.
1609 2210 1712 2238 sane

200 2260 242 2301 in
275 2261 371 2301 arsi·
394 2261 507 2302 omni
538 2265 731 2316 tempore
763 2262 978 2303 invenitur
1009 2266 1057 2304 ut
1087 2262 1241 2314 brevis,
1283 2263 1346 2305 ita
1374 2264 1515 2318 longa.
1577 2279 1711 2318 quare

201 2329 315 2382 quod
346 2329 388 2370 in
420 2329 532 2371 thesi
564 2330 783 2372 rarissime
823 2330 1091 2381 extenditur,
1136 2335 1183 2372 ut
1223 2331 1338 2385 apud
1370 2333 1583 2375 Catullum
1625 2335 1709 2388 [66.

202 2397 274 2451 91]
303 2401 400 2438 siris
432 2402 474 2439 et
505 2398 619 2452 apud
652 2402 873 2440 auctorem
914 2398 1218 2452 heptastichon
1250 2400 1302 2442 de
1335 2401 1412 2442 VII
1443 2402 1710 2455 sapientibus

201 2466 287 2519 [pg.
311 2468 394 2507 248
418 2465 530 2522 Sch.]
567 2470 701 2518 faxis,
735 2467 807 2509 ubi
830 2471 974 2510 tamen
997 2467 1277 2510 Schenkelius
1305 2482 1399 2510 cum
1426 2474 1551 2524 parte
1580 2460 1720 2512 libro-⁷

201 2548 295 2575 rum
325 2539 401 2585 fac
431 2538 500 2584 sis,
531 2534 571 2576 id
596 2548 696 2577 vero
729 2549 813 2577 non
836 2536 875 2578 vi
909 2537 1017 2579 arsis
1040 2537 1247 2591 provenit,
1280 2538 1355 2580 sed
1386 2538 1500 2591 quod
1524 2538 1710 2593 plerum-

201 2616 283 2656 que
314 2602 395 2645 hae
426 2603 588 2645 formae
629 2603 852 2659 dactylicis
895 2605 1041 2647 metris
1083 2606 1223 2648 minus
1265 2607 1531 2648 conveniunt.
1594 2612 1709 2649 certe

201 2685 253 2712 ne
295 2671 458 2726 vulgari
507 2672 680 2726 quidem
724 2674 1076 2726 pronuntiatione
1127 2678 1160 2713 is
1206 2674 1312 2716 illud
1362 2675 1526 2729 pariter
1580 2680 1710 2729 atque

201 2744 315 2787 lmus,
356 2744 421 2781 itis
463 2740 649 2783 breviari
693 2740 820 2783 solita
861 2741 1078 2795 prioribus
1109 2742 1341 2785 Caesarum
1384 2744 1567 2785 saeculis
1611 2744 1709 2785 inde

201 2808 438 2860 conficitur,
472 2808 587 2862 quod
618 2809 661 2850 in
692 2809 938 2864 Vergiliano
973 2809 1080 2866 [aen.
1114 2811 1182 2861 VI,
1213 2810 1336 2867 513]:

407 2912 562 2944 namque
592 2903 632 2934 ut
657 2912 865 2945 supremam
892 2901 980 2934 falsa
1006 2902 1102 2935 inter
1127 2902 1259 2946 gaudia
1287 2905 1433 2938 noctem

407 2958 599 3001 egerimus,
630 2959 735 2991 nosti.
774 2962 810 2992 et
836 2959 986 2992 nimium
1014 2960 1221 2993 meminisse
1250 2964 1434 2994 necessest
