1898 3292
725 248 843 273 LIBER
864 246 1041 279 QVINTVS.
1557 237 1635 274 387

133 351 253 405 [277]
298 350 476 401 “totoque
514 353 551 390 ἱη
586 353 736 391 vertice
766 353 970 390 scandunt
1001 352 1038 389 in
1075 345 1275 389 diversas.
1338 347 1411 388 ubi
1449 347 1637 388 scriben-

133 419 275 460 dumst
304 432 464 469 unoque
496 433 521 459 a
552 421 702 460 vertice
734 421 915 459 tendunt.
969 416 1084 470 apud
1106 416 1353 457 Petronium
1386 415 1511 469 [Mey.
1539 416 1637 469 172]

131 489 174 528 in
205 487 415 540 opusculo
444 487 495 527 de
527 478 632 539 saga
662 486 839 527 muliere
882 498 1142 538 quamquam
1174 484 1369 537 plerique
1401 483 1637 537 probavere

126 555 292 607 ‘florida
323 559 458 603 tellus,
495 568 582 595 cum
613 559 719 603 volo,
750 557 937 604 spis-satis
969 556 1122 594 arescit
1153 555 1351 603 Zanqulda
1383 549 1532 599 sucis’,
1573 555 1636 592 ta-

131 637 228 664 men
258 623 424 677 pridem
459 623 766 664 intellectumst
796 622 918 663 unice
941 621 1180 662 sententiae
1203 620 1428 661 convenire
1460 623 1635 661 siccatis.

132 695 283 732 contra
312 692 354 732 in
387 691 555 732 Arateis
588 690 831 732 Germanici
879 689 999 744 [405]
1042 689 1077 729 si
1109 692 1225 730 recte
1257 687 1430 741 scripsit
1463 688 1638 729 Grotius

131 763 360 810 spissentw·
382 773 460 813 pro
483 763 700 808 siccentur,
733 759 774 799 in
799 759 871 807 eis,
900 771 1010 811 quae
1034 761 1131 798 sunt
1163 764 1258 798 (cmc
1279 760 1375 796 mihi
1396 759 1638 806 sym-semar.

133 832 208 869 aut
238 827 474 881 cogendum
505 827 611 868 illud
644 831 740 868 milei
771 830 846 868 aut
878 826 1009 867 verba
1050 825 1144 866 loco
1186 824 1392 866 mutanda
1435 824 1495 865 sic
1536 829 1637 875 (spis-

131 904 272 937 senlur
311 899 406 936 milei
447 902 553 936 lunc.
616 895 730 949 apud
762 894 1038 948 Calpurnium
1079 908 1162 934 non
1204 897 1320 934 recte
1359 892 1638 934 Schenkelius

132 966 188 1019 [6,
212 964 283 1018 59]
316 967 452 1005 iudice
474 966 686 1015 Mnasyllo.
749 976 877 1016 porro
908 962 951 1002 in
974 961 1191 1015 Sulpiciae
1223 964 1489 1002 satura-cum
1515 961 1638 1001 mire-

131 1036 202 1074 tur
242 1032 420 1073 Carolus
464 1032 709 1073 Fridericus
756 1031 1027 1071 Hermannus
1074 1030 1260 1071 noluisse
1302 1029 1636 1070 Wernsdorfium

131 1101 326 1155 proclivi,
373 1114 501 1154 quam
540 1104 681 1149 vocat,
723 1099 1020 1140 emendatione
1062 1113 1182 1139 usum
1222 1111 1381 1152 ponere
1426 1097 1511 1153 155]
1557 1097 1639 1138 ‘asa‘

130 1173 198 1211 ubi
236 1184 329 1220 spes
370 1183 518 1210 secura
557 1166 686 1209 redlc'
728 1193 783 1198 —
825 1167 1035 1208 traditum
1080 1165 1162 1207 ‘ass
1196 1170 1262 1207 ulti
1293 1164 1413 1216 (φας’
1450 1191 1522 1216 -,
1561 1179 1638 1219 ego

130 1238 264 1279 multo
296 1238 432 1291 magis
462 1237 595 1278 miror
627 1235 742 1290 quod
775 1236 979 1276 creticum
1012 1248 1090 1288 pro
1123 1234 1293 1288 dactylo
1317 1234 1501 1283 admisit,
1536 1234 1638 1274 scri-

131 1306 446 1359 bendumquest
483 1309 636 1358 aperta
667 1304 848 1345 veritate
890 1302 972 1344 ‘as-l
1000 1306 1067 1344 ubi
1088 1317 1155 1344 res
1177 1316 1326 1343 secura
1348 1300 1494 1350 nullst,
1528 1303 1639 1342 sicut

132 1374 240 1416 (lixit
274 1373 485 1427 Vergilius
528 1374 638 1428 [aon.
670 1372 706 1423 Ι,
741 1372 839 1426 563]
885 1371 971 1412 ‘res
1005 1376 1112 1413 (lara
1152 1379 1188 1411 el
1230 1374 1349 1421 requi
1388 1374 1543 1411 novitas
1580 1384 1640 1411 me

133 1446 231 1484 lali«,
262 1439 449 1494 coqunt'.
510 1441 637 1482 huius
679 1440 793 1494 apud
836 1439 1059 1493 aequalem
1092 1438 1277 1480 Statium
1319 1439 1637 1491 quodquidam

131 1511 370 1565 probavere
419 1509 526 1564 [silv.
560 1510 631 1560 IV,
663 1512 699 1559 3,
732 1509 804 1562 81]
855 1507 948 1549 ‘sed
992 1515 1134 1559 wales
1181 1522 1258 1559 ayo
1306 1510 1473 1548 strictus
1519 1514 1640 1557 alque

132 1576 290 1620 (anle'sc’
326 1592 404 1632 pro
436 1579 561 1619 unice
592 1581 693 1631 apto
739 1576 1012 1627 <serviant-que
1043 1579 1181 1616 tantist
1199 1576 1221 1623 ',
1254 1590 1305 1617 ne
1336 1576 1439 1629 fingi
1468 1576 1638 1628 quidem

132 1647 399 1701 cogitarique
430 1650 575 1700 potest
606 1646 742 1699 magis
782 1645 1030 1686 barbarum.
1092 1648 1137 1685 at
1181 1644 1370 1686 eiusdem
1404 1644 1640 1685 Achilleide

132 1730 227 1757 cuni
270 1716 437 1757 feratur
476 1715 531 1769 [I‚
565 1715 664 1769 348]
717 1712 984 1764 ‘sparsosque
1023 1717 1158 1754 stude!
1201 1726 1440 1763 componere
1478 1710 1634 1753 erc'nes'

131 1786 195 1838 (at
224 1784 329 1825 illud
370 1787 476 1824 le'mel
514 1783 672 1837 legitur
712 1782 754 1822 in
786 1782 1035 1835 Puteaneo),
1078 1795 1154 1823 nos
1194 1782 1337 1835 potius
1381 1780 1491 1821 libro
1534 1782 1639 1821 (ἕνο-

131 1853 244 1894 novii
273 1866 357 1894 non
389 1850 710 1900 contemnendQ
744 1854 791 1891 ut
820 1851 880 1891 ait
910 1850 994 1900 ille,
1027 1849 1221 1891 obsecuti
1253 1863 1459 1903 ponemus
1503 1848 1638 1899 ‘sym-r-

131 1935 276 1971 sosque
321 1917 481 1969 emnec',
534 1919 649 1973 quod
698 1923 746 1960 ut
790 1918 935 1972 paullo
981 1918 1172 1959 inflatius
1220 1918 1390 1971 egregie
1443 1918 1641 1958 convenit

131 1990 271 2031 Statio
319 1989 395 2044 [ef.
428 1989 572 2030 Heins.
614 1988 669 2029 ad
710 1987 856 2029 Claud.
898 1986 995 2028 bell.
1031 1986 1140 2028 Gild.
1175 1987 1291 2040 330]
1368 1986 1552 2039 denique
1598 1986 1640 2026 in

134 2058 314 2100 Octavia
336 2058 416 2099 etsi
437 2070 668 2110 numquam
693 2055 857 2097 credidi
879 2059 996 2096 recte
1021 2055 1182 2096 habere
1211 2054 1326 2108 quod
1358 2054 1494 2095 fertur
1525 2054 1640 2095 nullo

132 2130 242 2168 teste
282 2126 404 2181 [152]
447 2123 622 2166 ‘iuvenis
662 2127 828 2176 infandi
870 2127 1008 2175 ingseni
1042 2137 1260 2174 capaxque
1289 2127 1505 2166 scelernm,
1549 2126 1640 2164 (lira

133 2199 198 2236 cui
225 2198 418 2247 yenetrix
449 2199 588 2246 facem
620 2190 847 2237 accenclit’,
880 2191 956 2234 sed
987 2191 1259 2234 scribendum
1291 2205 1383 2233 esse
1425 2190 1640 2232 ‘scelerum

134 2260 390 2315 capaxque',
422 2266 579 2314 tamen,
611 2276 663 2304 ne
695 2275 833 2315 aequo
861 2260 1069 2302 audacior
1101 2264 1214 2302 esset
1246 2274 1297 2301 ea
1328 2260 1523 2310 mutatio,
1551 2261 1641 2300 ani-

133 2346 227 2374 mus
261 2331 513 2385 angebatur.
574 2334 726 2384 postea
769 2330 1027 2383 cognitumst
1065 2329 1109 2369 in
1140 2328 1251 2370 libro
1283 2328 1519 2369 Turonensi
1550 2342 1641 2369 esse

127 2399 342 2441 ‘scelerum
378 2397 535 2450 capax'
581 2412 719 2452 neque
760 2398 803 2438 in
846 2398 941 2439 aliis
985 2397 1107 2439 desse
1149 2396 1420 2450 corruptelae
1462 2396 1641 2449 signum.

135 2483 219 2522 qua
258 2482 304 2510 re
347 2471 476 2510 aucta
517 2468 790 2509 coniecturae
830 2469 1003 2507 nostrae
1040 2465 1159 2507 fides.
1220 2478 1318 2505 nam
1351 2464 1405 2505 ab
1438 2465 1642 2506 Octaviae

134 2538 344 2591 scriptore
375 2550 459 2578 non
495 2535 694 2577 enclitica
724 2535 850 2577 modo
880 2535 1013 2590 [361]‚
1046 2534 1175 2576 etiam
1210 2532 1316 2574 illud
1346 2540 1468 2584 alque
1498 2533 1642 2574 traici-

134 2609 206 2647 tur
233 2605 357 2660 [1653
389 2605 504 2659 474}
557 2607 747 2645 ceterum
779 2603 893 2657 quod
922 2602 1096 2644 iambici
1126 2605 1281 2656 poetae
1309 2601 1382 2642 ubi
1406 2615 1488 2642 non
1511 2601 1642 2642 refer-

135 2677 213 2726 ret,
243 2673 426 2727 longane
459 2686 512 2714 an
543 2671 686 2714 brevis
718 2675 830 2713 esset
860 2671 1006 2722 thesis,
1040 2670 1298 2725 copularunt
1323 2683 1418 2711 cum
1442 2674 1643 2723 correpta

134 2741 251 2783 finali
282 2741 426 2791 verba,
461 2753 571 2793 quae
607 2739 819 2781 haberent
858 2753 924 2790 sp,
964 2753 1020 2785 sc,
1062 2739 1230 2790 similia,
1269 2738 1420 2791 nequis
1451 2738 1642 2790 regulam

136 2823 187 2851 ea
219 2823 265 2851 re
297 2809 414 2850 dicat
454 2808 606 2859 everti,
647 2821 799 2861 parum
828 2821 1034 2849 veremur.
1076 2833 1129 2837 -—
1175 2820 1304 2860 porro
1336 2819 1388 2846 ne
1421 2806 1643 2847 christiani

136 2877 307 2931 quidem
345 2876 471 2918 facile
509 2880 707 2917 auctores
749 2877 791 2917 in
823 2875 987 2917 Latinis
1029 2875 1204 2917 vocibus
1244 2874 1503 2928 positionum
1547 2888 1642 2915 nor—

136 2960 246 2987 mam
289 2947 540 2998 migrarunt.
601 2946 662 2985 ita
704 2949 846 2985 tamen
888 2944 1017 2984 semel
1058 2943 1315 2983 Prmzlentius
1353 2942 1464 2996 [peri
1494 2946 1544 2983 st.
1580 2946 1642 2992 10,

1301 3010 1368 3043 25*
