1898 3292
192 167 271 204 154
767 175 887 199 LIBER
906 174 1115 200 SECVNDVS.

187 277 365 329 exposui
408 276 568 329 placita
611 277 712 329 quin
755 277 883 317 etiam
924 277 1094 318 Tiberio
1128 277 1392 330 Claudioque
1433 291 1483 318 ac
1524 277 1693 318 Nerone

186 344 535 398 imperitantibus
581 345 794 386 valuerint
839 360 922 387 non
970 350 1034 387 est
1074 346 1263 387 dubium.
1336 346 1484 399 itaque
1527 347 1697 387 Persius

188 428 264 454 cur
305 413 444 454 nullos
485 413 818 467 spondiazontas
859 414 1082 456 admiserit
1123 415 1227 456 satis
1270 418 1420 468 aperte
1461 414 1697 455 declaravit

187 495 330 532 versu,
365 496 491 535 quem
524 483 696 523 unicum
729 481 861 523 habet
893 483 1255 536 spondiazontem.
1318 498 1502 536 namque
1534 484 1624 524 eius
1655 483 1697 523 in

185 551 326 603 prima
357 554 506 591 satura
538 550 644 591 haec
675 550 876 604 leguntur
908 552 1021 606 [92]:

437 642 501 676 sed
528 642 686 676 numeris
713 642 826 676 decor
852 645 908 676 est
933 645 971 676 et
998 642 1169 676 iunctura
1193 642 1318 676 addita
1344 642 1477 685 crudis,

438 700 609 734 claudere
635 700 685 733 sic
711 710 857 733 versum
883 699 1013 734 didicit
1036 697 1295 744 ‘Berecyntius
1320 695 1438 733 Attis'

439 760 475 790 ct
504 754 578 800 ‘qui
605 757 815 791 caeruleum
840 757 1035 791 dirimebat
1061 756 1182 791 Nerea
1208 753 1384 801 delphin⁷,

437 813 488 848 sic
512 811 666 848 ‘costam
691 814 802 858 longo
830 814 1068 848 subduximus
1094 810 1342 859 Appennino'.

186 896 227 935 in
270 894 336 936 his
379 894 494 948 quod
534 894 671 948 primo
700 894 794 935 loco
827 894 972 948 posuit
1002 894 1172 935 Persius
1214 890 1513 949 ‘Berecyntius
1546 893 1696 944 Attis’,

185 963 354 1004 videtur
387 963 441 1004 ab
475 977 523 1004 eo
555 963 729 1004 irrideri
760 963 978 1016 epicorum
1012 976 1101 1004 mos
1133 962 1292 1016 ubique
1325 962 1452 1004 rebus
1482 964 1696 1017 personis-

187 1046 269 1085 que
300 1031 365 1073 vel
401 1031 634 1072 notissimis
666 1030 852 1072 addendi
882 1030 1074 1085 epitheta
1096 1035 1218 1072 vasta
1240 1035 1282 1072 et
1313 1032 1521 1081 sonantia,
1552 1032 1696 1074 inania

184 1104 341 1141 tamen.
403 1099 589 1141 secundo
631 1113 756 1140 versu
803 1099 1014 1153 carpitur,
1057 1100 1171 1153 quod
1221 1100 1567 1153 frequentissimo
1615 1116 1694 1142 usu

186 1172 403 1222 ponuntur
437 1182 461 1209 a
490 1168 629 1222 poetis
651 1168 815 1209 Latinis
844 1168 1020 1210 deorum
1053 1169 1224 1210 nomina
1251 1183 1328 1222 pro
1360 1183 1506 1210 earum
1540 1184 1695 1220 rerum,

188 1252 371 1291 quarum
414 1251 561 1278 curam
592 1236 755 1278 habent
784 1251 834 1278 ac
865 1237 1057 1278 tutelam.
1119 1237 1172 1278 de
1205 1251 1289 1290 qua
1319 1251 1365 1278 re
1397 1237 1696 1279 Lachniannus

184 1307 241 1361 [p.
270 1307 366 1361 164]
407 1310 449 1347 et
479 1306 695 1359 Hauptius
737 1306 942 1360 [prooem.
966 1305 990 1346 l.
1016 1305 1154 1347 Berol.
1182 1309 1450 1348 1859—1860
1473 1321 1511 1360 p.
1535 1311 1559 1348 8
1583 1307 1695 1361 sqq]

185 1378 487 1428 exposuerunt.
540 1388 638 1415 nam
672 1388 768 1415 cum
800 1374 1012 1427 quaedam
1046 1388 1097 1415 cx
1128 1374 1211 1416 illis
1243 1378 1332 1415 tam
1364 1375 1559 1428 vulgaria
1580 1376 1697 1416 facta

185 1447 344 1494 essent,
387 1443 517 1484 etiam
559 1443 601 1484 in
643 1443 887 1497 pedestrem
932 1457 1170 1484 sermonem
1212 1447 1260 1484 ut
1295 1443 1547 1494 transirent,
1590 1447 1695 1497 puta

186 1515 300 1553 Mars
329 1526 407 1566 pro
440 1515 558 1561 bello,
599 1512 702 1553 item
738 1514 924 1553 Baccheis
956 1526 1034 1565 pro
1068 1516 1156 1553 vino
1188 1526 1263 1553 seu
1295 1525 1373 1565 pro
1408 1517 1538 1563 fraqe
1576 1514 1696 1553 Ceres

185 1580 251 1622 vel
293 1583 422 1622 Venus
454 1595 531 1635 pro
564 1583 732 1622 libidine
764 1580 892 1631 dicta,
922 1580 1007 1621 alia
1029 1584 1172 1621 tamen
1195 1580 1376 1622 subinde
1406 1585 1697 1634 provenerunt

185 1649 251 1690 vel
282 1650 478 1704 poeticae
511 1649 695 1691 orationi
731 1649 869 1690 nimia.
924 1649 1071 1702 qualia
1099 1653 1198 1690 sunt
1220 1663 1314 1690 cum
1338 1649 1477 1691 Ovidii
1500 1650 1695 1704 exempla

185 1718 398 1773 quaedam
440 1721 483 1760 et
513 1718 653 1769 Statii,
695 1721 786 1759 tum
824 1717 906 1758 hoc
938 1718 1029 1759 Silii
1069 1718 1135 1773 [V,
1169 1718 1270 1772 404]
1313 1716 1399 1759 ‘ille
1428 1721 1505 1759 sibi
1536 1723 1696 1770 longsam

191 1790 326 1829 Clotho
367 1790 605 1838 herbamque
645 1793 833 1837 nepotum
876 1784 1134 1828 credideras
1187 1790 1230 1827 et
1269 1786 1528 1828 Columellae
1574 1788 1695 1842 [217]

176 1854 275 1898 ‘ista
314 1863 437 1898 canat
473 1859 627 1897 maiore
669 1860 761 1904 (leo,
803 1869 917 1907 qzcem
949 1859 1148 1906 Delphica
1184 1859 1327 1896 laurus
1359 1853 1553 1906 impulit',
1600 1870 1694 1897 cum

186 1924 378 1966 modeste
423 1924 611 1966 dixerint
652 1924 859 1965 Horatius
906 1925 957 1979 [c.
991 1924 1066 1975 IV,
1099 1927 1141 1974 2,
1175 1923 1246 1978 33]
1291 1922 1500 1965 ‘concines
1542 1928 1696 1965 maiore

176 2000 302 2046 poela
345 1997 506 2044 plectro
553 1990 789 2034 Caesarem’
847 1996 890 2033 et
931 1992 1211 2034 Nemesianus
1258 1992 1349 2047 [63]
1394 1991 1504 2033 ‘mox
1542 2000 1696 2034 veslros

183 2066 347 2104 meliore
393 2067 486 2114 lyra
523 2075 749 2103 memorare
795 2065 1019 2113 triumphos
1062 2059 1300 2113 aecingsar'.
1375 2064 1563 2102 ceterum
1611 2075 1694 2102 non

183 2131 355 2172 memini
387 2131 502 2185 apud
533 2130 767 2185 dactylicos
799 2144 865 2172 ine
892 2131 1036 2184 legere
1076 2130 1200 2181 talia,
1245 2130 1390 2183 qualia
1439 2129 1573 2172 habes
1615 2145 1695 2171 usu

184 2201 401 2241 contrario
432 2199 503 2241 isti
534 2199 577 2240 in
609 2212 735 2240 versu
765 2199 847 2241 hoc
878 2199 1029 2240 comici
1062 2199 1204 2240 nescio
1238 2199 1357 2240 cuius
1397 2198 1460 2240 ‘id
1482 2202 1696 2250 persuasit

184 2273 317 2310 animo
350 2272 494 2317 vinum,
528 2271 619 2309 deu’
652 2271 720 2319 qm·
750 2272 909 2309 m'icltosc
937 2265 1177 2317 mamimus’,
1212 2271 1254 2309 et
1276 2270 1404 2321 porro
1427 2267 1542 2321 apud
1565 2267 1694 2308 alium

185 2351 322 2391 aeque
362 2336 593 2390 ignobilem
639 2335 791 2378 ‘vinum
825 2350 1065 2387 precemur,
1108 2350 1200 2377 nam
1243 2339 1309 2377 hie
1350 2340 1449 2377 decis
1489 2349 1695 2386 praesens

184 2403 338 2447 adest'.
390 2405 465 2447 sed
495 2408 543 2446 ut
573 2404 724 2446 redeat
754 2405 796 2446 in
827 2405 938 2446 viam
970 2406 1120 2456 oratio,
1152 2405 1195 2445 in
1226 2404 1355 2446 tertio
1388 2405 1582 2458 exemplo
1610 2418 1694 2445 non

183 2479 394 2516 tumorem
418 2473 554 2515 solum
583 2474 782 2515 dictionis
814 2473 967 2515 irridet
989 2473 1175 2524 Persius,
1207 2473 1280 2514 sed
1303 2474 1480 2527 pariter,
1514 2473 1558 2514 id
1580 2472 1694 2526 quod

183 2544 378 2598 plerique
411 2543 826 2593 animadverterunt,
864 2542 1131 2584 commodum
1164 2543 1303 2596 poetis
1335 2542 1472 2583 doctis
1501 2541 1693 2582 heroico-

184 2628 277 2654 rum
301 2627 500 2654 versuum
525 2612 686 2653 exitum
718 2611 1080 2665 spondiazontem.
1132 2611 1240 2652 bene
1268 2614 1412 2652 autem
1442 2610 1485 2651 id
1517 2609 1692 2651 verbum

183 2682 227 2722 in
259 2681 342 2722 fine
366 2695 513 2722 versus
538 2680 775 2731 collocavit,
809 2694 892 2732 quo
916 2680 1113 2720 certatim
1137 2680 1384 2721 conclusere
1406 2679 1692 2729 hexametros,

184 2754 232 2790 ut
263 2749 483 2800 Horatius,
516 2749 710 2800 Severus,
744 2747 931 2798 Ovidius,
954 2748 1165 2799 Lucanus,
1189 2748 1328 2798 Silius,
1351 2747 1548 2797 Rutilum,
1572 2746 1692 2788 Sido-

184 2819 298 2869 nius,
330 2818 587 2859 Priscianus.
649 2831 796 2859 verum
838 2816 948 2857 enim
986 2830 1087 2857 vero
1118 2817 1291 2857 minimo
1324 2815 1531 2869 temporis
1561 2815 1692 2856 inter-

184 2887 296 2930 vallo
319 2886 405 2928 alia
427 2886 543 2941 apud
566 2889 766 2928 auctores
787 2885 964 2927 Latinos
987 2886 1264 2939 optinuerunt
1284 2884 1458 2939 placita.
1508 2897 1692 2938 namque
