<?xml version="1.0" encoding="UTF-8"?>
<!DOCTYPE html PUBLIC "-//W3C//DTD XHTML 1.0 Transitional//EN"
    "http://www.w3.org/TR/xhtml1/DTD/xhtml1-transitional.dtd">
<html xmlns="http://www.w3.org/1999/xhtml" xml:lang="en" lang="en">
 <head>
  <title>
</title>
<meta http-equiv="Content-Type" content="text/html;charset=utf-8" />
  <meta name='ocr-system' content='tesseract 3.04.00' />
  <meta name='ocr-capabilities' content='ocr_page ocr_carea ocr_par ocr_line ocrx_word'/>
</head>
<body>
  <div class='ocr_page' id='page_1' title='image "./deremetricapoeta00mluoft_0353.png"; bbox 0 0 1898 3292; ppageno 0'>
   <div class='ocr_carea' id='block_1_1' title="bbox 788 187 1696 227">
    <p class='ocr_par' dir='ltr' id='par_1_1' title="bbox 788 187 1696 227">
     <span class='ocr_line' id='line_1_1' title="bbox 788 187 1696 227; baseline 0.003 -6"><span class='ocrx_word' id='word_1_1' title='bbox 788 197 906 221; x_wconf 71' lang='lat' dir='ltr'><strong>LIBER</strong></span> <span class='ocrx_word' id='word_1_2' title='bbox 927 196 1112 227; x_wconf 56' lang='lat' dir='ltr'>qxzxnrvs</span> <span class='ocrx_word' id='word_1_3' title='bbox 1621 187 1696 224; x_wconf 79' lang='lat'>331</span> 
     </span>
    </p>
   </div>
   <div class='ocr_carea' id='block_1_2' title="bbox 196 298 1710 2950">
    <p class='ocr_par' dir='ltr' id='par_1_2' title="bbox 197 298 1704 696">
     <span class='ocr_line' id='line_1_2' title="bbox 198 298 1701 353; baseline -0.001 -13"><span class='ocrx_word' id='word_1_4' title='bbox 198 300 326 353; x_wconf 88' lang='lat' dir='ltr'>longa</span> <span class='ocrx_word' id='word_1_5' title='bbox 358 303 399 341; x_wconf 90' lang='lat' dir='ltr'>et</span> <span class='ocrx_word' id='word_1_6' title='bbox 430 299 556 340; x_wconf 78' lang='lat' dir='ltr'>tarda</span> <span class='ocrx_word' id='word_1_7' title='bbox 589 299 852 353; x_wconf 73' lang='lat' dir='ltr'>pamiultima</span> <span class='ocrx_word' id='word_1_8' title='bbox 874 299 1007 339; x_wconf 69' lang='lat' dir='ltr'>visum</span> <span class='ocrx_word' id='word_1_9' title='bbox 1042 313 1132 339; x_wconf 76' lang='lat' dir='ltr'>esso</span> <span class='ocrx_word' id='word_1_10' title='bbox 1166 302 1208 338; x_wconf 79' lang='lat' dir='ltr'>ot·</span> <span class='ocrx_word' id='word_1_11' title='bbox 1231 312 1275 338; x_wconf 90' lang='lat' dir='ltr'>re</span> <span class='ocrx_word' id='word_1_12' title='bbox 1297 298 1391 350; x_wconf 83' lang='lat' dir='ltr'>ipsa</span> <span class='ocrx_word' id='word_1_13' title='bbox 1413 301 1454 338; x_wconf 78' lang='lat' dir='ltr'>et</span> <span class='ocrx_word' id='word_1_14' title='bbox 1477 301 1701 350; x_wconf 84' lang='lat' dir='ltr'>poctarum</span> 
     </span>
     <span class='ocr_line' id='line_1_3' title="bbox 198 365 1701 409; baseline -0.002 0"><span class='ocrx_word' id='word_1_15' title='bbox 198 369 396 409; x_wconf 88' lang='lat' dir='ltr'>firmatur</span> <span class='ocrx_word' id='word_1_16' title='bbox 429 368 699 409; x_wconf 87' lang='lat' dir='ltr'>auctoritate.</span> <span class='ocrx_word' id='word_1_17' title='bbox 753 371 940 408; x_wconf 86' lang='lat' dir='ltr'>ceterum</span> <span class='ocrx_word' id='word_1_18' title='bbox 973 381 1051 408; x_wconf 86' lang='lat' dir='ltr'>nec</span> <span class='ocrx_word' id='word_1_19' title='bbox 1080 367 1199 408; x_wconf 89' lang='lat' dir='ltr'>brevi</span> <span class='ocrx_word' id='word_1_20' title='bbox 1231 380 1299 407; x_wconf 85' lang='lat' dir='ltr'>res</span> <span class='ocrx_word' id='word_1_21' title='bbox 1328 370 1395 407; x_wconf 86' lang='lat' dir='ltr'>sat</span> <span class='ocrx_word' id='word_1_22' title='bbox 1424 366 1532 407; x_wconf 89' lang='lat' dir='ltr'>bene</span> <span class='ocrx_word' id='word_1_23' title='bbox 1557 365 1701 407; x_wconf 84' lang='lat' dir='ltr'>habet.</span> 
     </span>
     <span class='ocr_line' id='line_1_4' title="bbox 199 433 1704 490; baseline -0.002 -13"><span class='ocrx_word' id='word_1_24' title='bbox 199 437 310 478; x_wconf 90' lang='lat' dir='ltr'>unde</span> <span class='ocrx_word' id='word_1_25' title='bbox 350 436 571 485; x_wconf 39' lang='lat' dir='ltr'>Horat-ius,</span> <span class='ocrx_word' id='word_1_26' title='bbox 596 436 747 476; x_wconf 88' lang='lat' dir='ltr'>maluit</span> <span class='ocrx_word' id='word_1_27' title='bbox 788 435 930 477; x_wconf 86' lang='lat' dir='ltr'>dicere</span> <span class='ocrx_word' id='word_1_28' title='bbox 975 437 1026 490; x_wconf 77' lang='lat' dir='ltr'>[c.</span> <span class='ocrx_word' id='word_1_29' title='bbox 1059 436 1094 481; x_wconf 89' lang='lat' dir='ltr'>I,</span> <span class='ocrx_word' id='word_1_30' title='bbox 1130 438 1193 485; x_wconf 85' lang='lat'>12,</span> <span class='ocrx_word' id='word_1_31' title='bbox 1228 434 1265 490; x_wconf 92' lang='lat' dir='ltr'>l]</span> <span class='ocrx_word' id='word_1_32' title='bbox 1312 433 1446 485; x_wconf 76' lang='lat' dir='ltr'>‘quem</span> <span class='ocrx_word' id='word_1_33' title='bbox 1479 438 1605 475; x_wconf 70' lang='lat' dir='ltr'>virum</span> <span class='ocrx_word' id='word_1_34' title='bbox 1634 440 1704 474; x_wconf 76' lang='lat' dir='ltr'>(ml</span> 
     </span>
     <span class='ocr_line' id='line_1_5' title="bbox 198 500 1697 557; baseline -0.003 -11"><span class='ocrx_word' id='word_1_35' title='bbox 198 509 324 546; x_wconf 75' lang='lat' dir='ltr'>heroa</span> <span class='ocrx_word' id='word_1_36' title='bbox 357 509 449 557; x_wconf 75' lang='lat' dir='ltr'>lyra</span> <span class='ocrx_word' id='word_1_37' title='bbox 480 509 542 546; x_wconf 70' lang='lat' dir='ltr'>vel</span> <span class='ocrx_word' id='word_1_38' title='bbox 570 508 659 545; x_wconf 74' lang='lat' dir='ltr'>acri</span> <span class='ocrx_word' id='word_1_39' title='bbox 691 507 787 545; x_wconf 74' lang='lat' dir='ltr'>libia</span> <span class='ocrx_word' id='word_1_40' title='bbox 818 507 941 544; x_wconf 59' lang='lat' dir='ltr'>semus</span> <span class='ocrx_word' id='word_1_41' title='bbox 972 506 1200 552; x_wconf 71' lang='lat' dir='ltr'>celebrare,</span> <span class='ocrx_word' id='word_1_42' title='bbox 1239 505 1348 543; x_wconf 74' lang='lat' dir='ltr'><em>Clio?</em></span> <span class='ocrx_word' id='word_1_43' title='bbox 1389 516 1503 553; x_wconf 69' lang='lat' dir='ltr'>quem</span> <span class='ocrx_word' id='word_1_44' title='bbox 1535 500 1697 543; x_wconf 47' lang='lat' dir='ltr'>delun?</span> 
     </span>
     <span class='ocr_line' id='line_1_6' title="bbox 198 570 1702 624; baseline -0.002 -11"><span class='ocrx_word' id='word_1_45' title='bbox 198 586 281 614; x_wconf 87' lang='lat' dir='ltr'>non</span> <span class='ocrx_word' id='word_1_46' title='bbox 304 587 426 614; x_wconf 86' lang='lat' dir='ltr'>verso</span> <span class='ocrx_word' id='word_1_47' title='bbox 456 572 605 613; x_wconf 88' lang='lat' dir='ltr'>ordine</span> <span class='ocrx_word' id='word_1_48' title='bbox 649 571 780 623; x_wconf 72' lang='lat' dir='ltr'>‘qzcem</span> <span class='ocrx_word' id='word_1_49' title='bbox 815 577 943 621; x_wconf 75' lang='lat' dir='ltr'>(lemn,</span> <span class='ocrx_word' id='word_1_50' title='bbox 975 586 1088 622; x_wconf 73' lang='lat' dir='ltr'>quem</span> <span class='ocrx_word' id='word_1_51' title='bbox 1118 574 1285 619; x_wconf 69' lang='lat' dir='ltr'>m&#39;rmnx’,</span> <span class='ocrx_word' id='word_1_52' title='bbox 1319 570 1433 624; x_wconf 88' lang='lat' dir='ltr'>quod</span> <span class='ocrx_word' id='word_1_53' title='bbox 1465 574 1507 611; x_wconf 86' lang='lat' dir='ltr'>et</span> <span class='ocrx_word' id='word_1_54' title='bbox 1536 571 1702 611; x_wconf 82' lang='lat' dir='ltr'>ratione</span> 
     </span>
     <span class='ocr_line' id='line_1_7' title="bbox 197 639 1209 696; baseline -0.003 -14"><span class='ocrx_word' id='word_1_55' title='bbox 197 641 292 696; x_wconf 87' lang='lat' dir='ltr'>ipsa</span> <span class='ocrx_word' id='word_1_56' title='bbox 322 644 364 682; x_wconf 89' lang='lat' dir='ltr'>et</span> <span class='ocrx_word' id='word_1_57' title='bbox 392 640 585 694; x_wconf 84' lang='lat' dir='ltr'>exemplo</span> <span class='ocrx_word' id='word_1_58' title='bbox 618 639 791 681; x_wconf 86' lang='lat' dir='ltr'>Pindari</span> <span class='ocrx_word' id='word_1_59' title='bbox 827 639 1209 681; x_wconf 76' lang='lat' dir='ltr'>commendaretur.</span> 
     </span>
    </p>

    <p class='ocr_par' dir='ltr' id='par_1_3' title="bbox 197 707 1704 902">
     <span class='ocr_line' id='line_1_8' title="bbox 312 707 1703 761; baseline -0.002 -11"><span class='ocrx_word' id='word_1_60' title='bbox 312 710 544 751; x_wconf 86' lang='lat' dir='ltr'>Praeterea</span> <span class='ocrx_word' id='word_1_61' title='bbox 573 712 779 750; x_wconf 85' lang='lat' dir='ltr'>certumst</span> <span class='ocrx_word' id='word_1_62' title='bbox 810 709 1038 761; x_wconf 84' lang='lat' dir='ltr'>plerosque</span> <span class='ocrx_word' id='word_1_63' title='bbox 1079 711 1278 749; x_wconf 78' lang='lat' dir='ltr'>auctores</span> <span class='ocrx_word' id='word_1_64' title='bbox 1310 707 1468 748; x_wconf 86' lang='lat' dir='ltr'>veritos</span> <span class='ocrx_word' id='word_1_65' title='bbox 1510 720 1602 747; x_wconf 81' lang='lat' dir='ltr'>esse</span> <span class='ocrx_word' id='word_1_66' title='bbox 1633 720 1703 747; x_wconf 77' lang='lat' dir='ltr'>vo-</span> 
     </span>
     <span class='ocr_line' id='line_1_9' title="bbox 200 774 1704 830; baseline -0.003 -11"><span class='ocrx_word' id='word_1_67' title='bbox 200 778 313 819; x_wconf 87' lang='lat' dir='ltr'>cales</span> <span class='ocrx_word' id='word_1_68' title='bbox 337 778 527 819; x_wconf 85' lang='lat' dir='ltr'>Graecas</span> <span class='ocrx_word' id='word_1_69' title='bbox 550 776 721 828; x_wconf 75' lang='lat' dir='ltr'>elidere,</span> <span class='ocrx_word' id='word_1_70' title='bbox 753 777 804 818; x_wconf 91' lang='lat' dir='ltr'>de</span> <span class='ocrx_word' id='word_1_71' title='bbox 833 790 918 830; x_wconf 88' lang='lat' dir='ltr'>qua</span> <span class='ocrx_word' id='word_1_72' title='bbox 949 791 994 817; x_wconf 94' lang='lat' dir='ltr'>re</span> <span class='ocrx_word' id='word_1_73' title='bbox 1027 777 1131 817; x_wconf 86' lang='lat' dir='ltr'>satis</span> <span class='ocrx_word' id='word_1_74' title='bbox 1163 776 1288 830; x_wconf 85' lang='lat' dir='ltr'>plene</span> <span class='ocrx_word' id='word_1_75' title='bbox 1310 775 1547 830; x_wconf 85' lang='lat' dir='ltr'>disputavit</span> <span class='ocrx_word' id='word_1_76' title='bbox 1568 774 1704 816; x_wconf 88' lang='lat' dir='ltr'>Lach-</span> 
     </span>
     <span class='ocr_line' id='line_1_10' title="bbox 197 845 608 902; baseline -0.002 -15"><span class='ocrx_word' id='word_1_77' title='bbox 197 861 377 887; x_wconf 86' lang='lat' dir='ltr'>mannus</span> <span class='ocrx_word' id='word_1_78' title='bbox 409 845 461 902; x_wconf 88' lang='lat' dir='ltr'>[p.</span> <span class='ocrx_word' id='word_1_79' title='bbox 496 845 608 902; x_wconf 80' lang='lat'>272]</span> 
     </span>
    </p>

    <p class='ocr_par' dir='ltr' id='par_1_4' title="bbox 200 911 1707 1651">
     <span class='ocr_line' id='line_1_11' title="bbox 313 911 1704 968; baseline -0.003 -13"><span class='ocrx_word' id='word_1_80' title='bbox 313 915 450 968; x_wconf 89' lang='lat' dir='ltr'>Igitur</span> <span class='ocrx_word' id='word_1_81' title='bbox 482 913 680 968; x_wconf 76' lang='lat' dir='ltr'>dactylici</span> <span class='ocrx_word' id='word_1_82' title='bbox 713 914 839 967; x_wconf 86' lang='lat' dir='ltr'>pauci</span> <span class='ocrx_word' id='word_1_83' title='bbox 872 913 1099 954; x_wconf 80' lang='lat' dir='ltr'>admodum</span> <span class='ocrx_word' id='word_1_84' title='bbox 1131 912 1259 954; x_wconf 88' lang='lat' dir='ltr'>talem</span> <span class='ocrx_word' id='word_1_85' title='bbox 1288 912 1555 953; x_wconf 82' lang='lat' dir='ltr'>admiserunt</span> <span class='ocrx_word' id='word_1_86' title='bbox 1574 911 1704 952; x_wconf 86' lang='lat' dir='ltr'>licen-</span> 
     </span>
     <span class='ocr_line' id='line_1_12' title="bbox 201 980 1704 1037; baseline -0.003 -13"><span class='ocrx_word' id='word_1_87' title='bbox 201 983 320 1033; x_wconf 86' lang='lat' dir='ltr'>tiam,</span> <span class='ocrx_word' id='word_1_88' title='bbox 355 986 397 1023; x_wconf 88' lang='lat' dir='ltr'>et</span> <span class='ocrx_word' id='word_1_89' title='bbox 428 982 599 1036; x_wconf 90' lang='lat' dir='ltr'>quidem</span> <span class='ocrx_word' id='word_1_90' title='bbox 631 996 747 1033; x_wconf 85' lang='lat' dir='ltr'>raro,</span> <span class='ocrx_word' id='word_1_91' title='bbox 780 986 827 1023; x_wconf 88' lang='lat' dir='ltr'>ut</span> <span class='ocrx_word' id='word_1_92' title='bbox 860 981 1070 1035; x_wconf 85' lang='lat' dir='ltr'>Vergilius</span> <span class='ocrx_word' id='word_1_93' title='bbox 1102 981 1208 1037; x_wconf 65' lang='lat' dir='ltr'>[aen.</span> <span class='ocrx_word' id='word_1_94' title='bbox 1242 981 1331 1028; x_wconf 76' lang='lat' dir='ltr'>VH,</span> <span class='ocrx_word' id='word_1_95' title='bbox 1364 980 1438 1032; x_wconf 74' lang='lat'>203</span> <span class='ocrx_word' id='word_1_96' title='bbox 1471 984 1573 1032; x_wconf 78' lang='lat'><strong>3413</strong></span> <span class='ocrx_word' id='word_1_97' title='bbox 1606 980 1704 1035; x_wconf 72' lang='lat'>476]</span> 
     </span>
     <span class='ocr_line' id='line_1_13' title="bbox 206 1048 1705 1104; baseline -0.002 -13"><span class='ocrx_word' id='word_1_98' title='bbox 206 1054 321 1093; x_wconf 77' lang='lat' dir='ltr'>Circe</span> <span class='ocrx_word' id='word_1_99' title='bbox 349 1055 402 1100; x_wconf 75' lang='lat' dir='ltr'>in,</span> <span class='ocrx_word' id='word_1_100' title='bbox 434 1055 585 1092; x_wconf 73' lang='lat' dir='ltr'>Allecto</span> <span class='ocrx_word' id='word_1_101' title='bbox 617 1054 788 1103; x_wconf 70' lang='lat' dir='ltr'>iufecla,</span> <span class='ocrx_word' id='word_1_102' title='bbox 821 1055 970 1091; x_wconf 67' lang='lat' dir='ltr'>Alleclo</span> <span class='ocrx_word' id='word_1_103' title='bbox 1003 1054 1040 1091; x_wconf 73' lang='lat' dir='ltr'>ln</span> <span class='ocrx_word' id='word_1_104' title='bbox 1076 1049 1282 1104; x_wconf 73' lang='lat' dir='ltr'>(nondum</span> <span class='ocrx_word' id='word_1_105' title='bbox 1314 1048 1560 1103; x_wconf 80' lang='lat' dir='ltr'>expeditum</span> <span class='ocrx_word' id='word_1_106' title='bbox 1592 1048 1705 1101; x_wconf 84' lang='lat' dir='ltr'>apud</span> 
     </span>
     <span class='ocr_line' id='line_1_14' title="bbox 200 1116 1701 1174; baseline -0.003 -13"><span class='ocrx_word' id='word_1_107' title='bbox 200 1119 379 1161; x_wconf 86' lang='lat' dir='ltr'>eundem</span> <span class='ocrx_word' id='word_1_108' title='bbox 411 1120 462 1170; x_wconf 83' lang='lat' dir='ltr'>X,</span> <span class='ocrx_word' id='word_1_109' title='bbox 496 1123 574 1161; x_wconf 72' lang='lat' dir='ltr'>18ss</span> <span class='ocrx_word' id='word_1_110' title='bbox 605 1119 711 1160; x_wconf 88' lang='lat' dir='ltr'>illud</span> <span class='ocrx_word' id='word_1_111' title='bbox 750 1122 901 1171; x_wconf 69' lang='lat' dir='ltr'>Cinyra</span> <span class='ocrx_word' id='word_1_112' title='bbox 933 1120 1000 1172; x_wconf 75' lang='lat' dir='ltr'>el),</span> <span class='ocrx_word' id='word_1_113' title='bbox 1031 1118 1282 1172; x_wconf 71' lang='lat' dir='ltr'>Propertius</span> <span class='ocrx_word' id='word_1_114' title='bbox 1316 1117 1403 1174; x_wconf 79' lang='lat' dir='ltr'>[HL</span> <span class='ocrx_word' id='word_1_115' title='bbox 1437 1122 1501 1167; x_wconf 76' lang='lat'>24,</span> <span class='ocrx_word' id='word_1_116' title='bbox 1528 1121 1600 1168; x_wconf 76' lang='lat'>19,</span> <span class='ocrx_word' id='word_1_117' title='bbox 1633 1116 1701 1171; x_wconf 72' lang='lat'>⁴23]</span> 
     </span>
     <span class='ocr_line' id='line_1_15' title="bbox 202 1186 1704 1242; baseline -0.002 -14"><span class='ocrx_word' id='word_1_118' title='bbox 202 1192 274 1229; x_wconf 82' lang='lat' dir='ltr'>[no</span> <span class='ocrx_word' id='word_1_119' title='bbox 319 1192 460 1237; x_wconf 66' lang='lat' dir='ltr'>etima,-</span> <span class='ocrx_word' id='word_1_120' title='bbox 513 1192 673 1229; x_wconf 72' lang='lat' dir='ltr'>Calle&#39;slo</span> <span class='ocrx_word' id='word_1_121' title='bbox 711 1191 936 1236; x_wconf 57' lang='lat' dir='ltr'>Arcadios:</span> <span class='ocrx_word' id='word_1_122' title='bbox 978 1186 1105 1227; x_wconf 78' lang='lat' dir='ltr'>Silius</span> <span class='ocrx_word' id='word_1_123' title='bbox 1148 1186 1279 1242; x_wconf 73' lang='lat' dir='ltr'>[VHL</span> <span class='ocrx_word' id='word_1_124' title='bbox 1314 1190 1417 1238; x_wconf 64' lang='lat'>5323,</span> <span class='ocrx_word' id='word_1_125' title='bbox 1460 1186 1569 1235; x_wconf 83' lang='lat' dir='ltr'>XIV,</span> <span class='ocrx_word' id='word_1_126' title='bbox 1600 1189 1704 1235; x_wconf 77' lang='lat'>2513</span> 
     </span>
     <span class='ocr_line' id='line_1_16' title="bbox 202 1254 1704 1312; baseline -0.003 -14"><span class='ocrx_word' id='word_1_127' title='bbox 202 1256 298 1312; x_wconf 81' lang='lat'>269]</span> <span class='ocrx_word' id='word_1_128' title='bbox 342 1260 600 1307; x_wconf 72' lang='lat' dir='ltr'>Parthenope</span> <span class='ocrx_word' id='word_1_129' title='bbox 639 1270 712 1304; x_wconf 75' lang='lat' dir='ltr'>ac;</span> <span class='ocrx_word' id='word_1_130' title='bbox 754 1259 889 1296; x_wconf 73' lang='lat' dir='ltr'>Melite</span> <span class='ocrx_word' id='word_1_131' title='bbox 932 1263 991 1304; x_wconf 81' lang='lat' dir='ltr'>el;</span> <span class='ocrx_word' id='word_1_132' title='bbox 1030 1258 1225 1305; x_wconf 74' lang='lat' dir='ltr'>Drepane</span> <span class='ocrx_word' id='word_1_133' title='bbox 1265 1263 1396 1305; x_wconf 71' lang='lat' dir='ltr'>atque.</span> <span class='ocrx_word' id='word_1_134' title='bbox 1468 1258 1619 1296; x_wconf 87' lang='lat' dir='ltr'>contra</span> <span class='ocrx_word' id='word_1_135' title='bbox 1663 1254 1704 1294; x_wconf 88' lang='lat' dir='ltr'>in</span> 
     </span>
     <span class='ocr_line' id='line_1_17' title="bbox 201 1322 1705 1380; baseline -0.002 -14"><span class='ocrx_word' id='word_1_136' title='bbox 201 1324 398 1366; x_wconf 82' lang='lat' dir='ltr'>Statiano</span> <span class='ocrx_word' id='word_1_137' title='bbox 432 1324 560 1380; x_wconf 74' lang='lat' dir='ltr'>[theb.</span> <span class='ocrx_word' id='word_1_138' title='bbox 595 1324 704 1375; x_wconf 81' lang='lat' dir='ltr'>VIII,</span> <span class='ocrx_word' id='word_1_139' title='bbox 739 1323 807 1379; x_wconf 86' lang='lat'>66]</span> <span class='ocrx_word' id='word_1_140' title='bbox 848 1326 1064 1373; x_wconf 62' lang='lat' dir='ltr'>TIsisthone</span> <span class='ocrx_word' id='word_1_141' title='bbox 1097 1330 1134 1363; x_wconf 83' lang='lat' dir='ltr'>el</span> <span class='ocrx_word' id='word_1_142' title='bbox 1167 1323 1380 1364; x_wconf 84' lang='lat' dir='ltr'>omittitur</span> <span class='ocrx_word' id='word_1_143' title='bbox 1412 1323 1565 1377; x_wconf 92' lang='lat' dir='ltr'>copula</span> <span class='ocrx_word' id='word_1_144' title='bbox 1594 1322 1705 1363; x_wconf 89' lang='lat' dir='ltr'>libro</span> 
     </span>
     <span class='ocr_line' id='line_1_18' title="bbox 202 1391 1706 1446; baseline -0.002 -12"><span class='ocrx_word' id='word_1_145' title='bbox 202 1393 430 1434; x_wconf 84' lang='lat' dir='ltr'>Casselano</span> <span class='ocrx_word' id='word_1_146' title='bbox 463 1392 657 1446; x_wconf 87' lang='lat' dir='ltr'>aliisque,</span> <span class='ocrx_word' id='word_1_147' title='bbox 691 1406 800 1446; x_wconf 91' lang='lat' dir='ltr'>quae</span> <span class='ocrx_word' id='word_1_148' title='bbox 822 1395 870 1432; x_wconf 90' lang='lat' dir='ltr'>ut</span> <span class='ocrx_word' id='word_1_149' title='bbox 891 1392 1079 1445; x_wconf 85' lang='lat' dir='ltr'>graviter</span> <span class='ocrx_word' id='word_1_150' title='bbox 1103 1393 1318 1432; x_wconf 81' lang='lat' dir='ltr'>concitata</span> <span class='ocrx_word' id='word_1_151' title='bbox 1340 1392 1532 1433; x_wconf 87' lang='lat' dir='ltr'>oratione</span> <span class='ocrx_word' id='word_1_152' title='bbox 1555 1391 1706 1431; x_wconf 90' lang='lat' dir='ltr'>melius</span> 
     </span>
     <span class='ocr_line' id='line_1_19' title="bbox 201 1459 1707 1513; baseline -0.002 -10"><span class='ocrx_word' id='word_1_153' title='bbox 201 1461 337 1503; x_wconf 86' lang='lat' dir='ltr'>abest.</span> <span class='ocrx_word' id='word_1_154' title='bbox 397 1461 482 1502; x_wconf 88' lang='lat' dir='ltr'>iam</span> <span class='ocrx_word' id='word_1_155' title='bbox 524 1475 575 1502; x_wconf 81' lang='lat' dir='ltr'>ex</span> <span class='ocrx_word' id='word_1_156' title='bbox 607 1461 667 1503; x_wconf 87' lang='lat' dir='ltr'>eis</span> <span class='ocrx_word' id='word_1_157' title='bbox 704 1460 974 1511; x_wconf 87' lang='lat' dir='ltr'>auctoribus,</span> <span class='ocrx_word' id='word_1_158' title='bbox 1020 1474 1126 1513; x_wconf 88' lang='lat' dir='ltr'>quos</span> <span class='ocrx_word' id='word_1_159' title='bbox 1168 1460 1336 1502; x_wconf 83' lang='lat' dir='ltr'>silentio</span> <span class='ocrx_word' id='word_1_160' title='bbox 1367 1460 1540 1501; x_wconf 83' lang='lat' dir='ltr'>transiit</span> <span class='ocrx_word' id='word_1_161' title='bbox 1570 1459 1707 1500; x_wconf 89' lang='lat' dir='ltr'>Lach-</span> 
     </span>
     <span class='ocr_line' id='line_1_20' title="bbox 201 1528 1706 1583; baseline -0.002 -12"><span class='ocrx_word' id='word_1_162' title='bbox 201 1544 399 1581; x_wconf 88' lang='lat' dir='ltr'>mannus,</span> <span class='ocrx_word' id='word_1_163' title='bbox 443 1532 491 1570; x_wconf 88' lang='lat' dir='ltr'>ut</span> <span class='ocrx_word' id='word_1_164' title='bbox 532 1530 713 1583; x_wconf 85' lang='lat' dir='ltr'>quisque</span> <span class='ocrx_word' id='word_1_165' title='bbox 755 1530 891 1583; x_wconf 83' lang='lat' dir='ltr'>magis</span> <span class='ocrx_word' id='word_1_166' title='bbox 932 1528 1185 1570; x_wconf 81' lang='lat' dir='ltr'>Ovidianam</span> <span class='ocrx_word' id='word_1_167' title='bbox 1227 1530 1364 1570; x_wconf 88' lang='lat' dir='ltr'>tenuit</span> <span class='ocrx_word' id='word_1_168' title='bbox 1402 1542 1614 1579; x_wconf 87' lang='lat' dir='ltr'>normam,</span> <span class='ocrx_word' id='word_1_169' title='bbox 1657 1541 1706 1568; x_wconf 87' lang='lat' dir='ltr'>eo</span> 
     </span>
     <span class='ocr_line' id='line_1_21' title="bbox 201 1597 1399 1651; baseline -0.001 -12"><span class='ocrx_word' id='word_1_170' title='bbox 201 1599 340 1640; x_wconf 86' lang='lat' dir='ltr'>minus</span> <span class='ocrx_word' id='word_1_171' title='bbox 373 1601 438 1640; x_wconf 85' lang='lat' dir='ltr'>est</span> <span class='ocrx_word' id='word_1_172' title='bbox 467 1612 597 1640; x_wconf 89' lang='lat' dir='ltr'>ausus</span> <span class='ocrx_word' id='word_1_173' title='bbox 630 1598 788 1640; x_wconf 88' lang='lat' dir='ltr'>elidere</span> <span class='ocrx_word' id='word_1_174' title='bbox 818 1598 987 1639; x_wconf 86' lang='lat' dir='ltr'>vocales</span> <span class='ocrx_word' id='word_1_175' title='bbox 1013 1597 1164 1651; x_wconf 86' lang='lat' dir='ltr'>longas</span> <span class='ocrx_word' id='word_1_176' title='bbox 1198 1597 1399 1639; x_wconf 77' lang='lat' dir='ltr'>Graecas.</span> 
     </span>
    </p>

    <p class='ocr_par' dir='ltr' id='par_1_5' title="bbox 196 1663 1710 2596">
     <span class='ocr_line' id='line_1_22' title="bbox 316 1663 1707 1720; baseline -0.002 -12"><span class='ocrx_word' id='word_1_177' title='bbox 316 1667 532 1717; x_wconf 80' lang='lat' dir='ltr'>Quantum</span> <span class='ocrx_word' id='word_1_178' title='bbox 565 1666 619 1708; x_wconf 88' lang='lat' dir='ltr'>ad</span> <span class='ocrx_word' id='word_1_179' title='bbox 658 1667 898 1720; x_wconf 83' lang='lat' dir='ltr'>proximam</span> <span class='ocrx_word' id='word_1_180' title='bbox 926 1666 1138 1717; x_wconf 85' lang='lat' dir='ltr'>vocalem,</span> <span class='ocrx_word' id='word_1_181' title='bbox 1179 1680 1291 1707; x_wconf 86' lang='lat' dir='ltr'>nunc</span> <span class='ocrx_word' id='word_1_182' title='bbox 1334 1665 1506 1719; x_wconf 88' lang='lat' dir='ltr'>quidem</span> <span class='ocrx_word' id='word_1_183' title='bbox 1546 1663 1707 1706; x_wconf 80' lang='lat' dir='ltr'>notabo</span> 
     </span>
     <span class='ocr_line' id='line_1_23' title="bbox 203 1734 1707 1788; baseline -0.002 -12"><span class='ocrx_word' id='word_1_184' title='bbox 203 1734 439 1777; x_wconf 85' lang='lat' dir='ltr'>foediorem</span> <span class='ocrx_word' id='word_1_185' title='bbox 472 1735 640 1776; x_wconf 89' lang='lat' dir='ltr'>evenire</span> <span class='ocrx_word' id='word_1_186' title='bbox 670 1749 843 1786; x_wconf 83' lang='lat' dir='ltr'>sonum,</span> <span class='ocrx_word' id='word_1_187' title='bbox 883 1736 917 1776; x_wconf 84' lang='lat' dir='ltr'>si</span> <span class='ocrx_word' id='word_1_188' title='bbox 958 1735 1013 1776; x_wconf 87' lang='lat' dir='ltr'>sit</span> <span class='ocrx_word' id='word_1_189' title='bbox 1045 1734 1196 1776; x_wconf 88' lang='lat' dir='ltr'>eadem</span> <span class='ocrx_word' id='word_1_190' title='bbox 1229 1749 1324 1776; x_wconf 87' lang='lat' dir='ltr'>cum</span> <span class='ocrx_word' id='word_1_191' title='bbox 1355 1734 1549 1788; x_wconf 82' lang='lat' dir='ltr'>proxime</span> <span class='ocrx_word' id='word_1_192' title='bbox 1582 1745 1707 1786; x_wconf 88' lang='lat' dir='ltr'>prae-</span> 
     </span>
     <span class='ocr_line' id='line_1_24' title="bbox 204 1801 1708 1859; baseline -0.003 -14"><span class='ocrx_word' id='word_1_193' title='bbox 204 1803 392 1845; x_wconf 86' lang='lat' dir='ltr'>cedente.</span> <span class='ocrx_word' id='word_1_194' title='bbox 442 1817 541 1844; x_wconf 88' lang='lat' dir='ltr'>nam</span> <span class='ocrx_word' id='word_1_195' title='bbox 575 1803 690 1857; x_wconf 88' lang='lat' dir='ltr'>quod</span> <span class='ocrx_word' id='word_1_196' title='bbox 713 1804 875 1845; x_wconf 83' lang='lat' dir='ltr'>Gellius</span> <span class='ocrx_word' id='word_1_197' title='bbox 909 1803 992 1859; x_wconf 80' lang='lat' dir='ltr'>[VL</span> <span class='ocrx_word' id='word_1_198' title='bbox 1016 1806 1081 1853; x_wconf 85' lang='lat'>20,</span> <span class='ocrx_word' id='word_1_199' title='bbox 1105 1806 1127 1844; x_wconf 84' lang='lat'><strong>2</strong></span> <span class='ocrx_word' id='word_1_200' title='bbox 1153 1802 1260 1859; x_wconf 81' lang='lat' dir='ltr'>sqq]</span> <span class='ocrx_word' id='word_1_201' title='bbox 1293 1803 1463 1844; x_wconf 86' lang='lat' dir='ltr'>mollem</span> <span class='ocrx_word' id='word_1_202' title='bbox 1495 1801 1708 1855; x_wconf 81' lang='lat' dir='ltr'>quendam</span> 
     </span>
     <span class='ocr_line' id='line_1_25' title="bbox 201 1867 1707 1927; baseline 0 -14"><span class='ocrx_word' id='word_1_203' title='bbox 201 1872 367 1913; x_wconf 87' lang='lat' dir='ltr'>hiatum</span> <span class='ocrx_word' id='word_1_204' title='bbox 399 1873 551 1914; x_wconf 85' lang='lat' dir='ltr'>statuit</span> <span class='ocrx_word' id='word_1_205' title='bbox 591 1873 730 1914; x_wconf 83' lang='lat' dir='ltr'>inesse</span> <span class='ocrx_word' id='word_1_206' title='bbox 773 1873 817 1913; x_wconf 91' lang='lat' dir='ltr'>in</span> <span class='ocrx_word' id='word_1_207' title='bbox 847 1872 1076 1913; x_wconf 91' lang='lat' dir='ltr'>Homerico</span> <span class='ocrx_word' id='word_1_208' title='bbox 1115 1871 1197 1927; x_wconf 86' lang='lat' dir='ltr'>[od.</span> <span class='ocrx_word' id='word_1_209' title='bbox 1229 1872 1300 1922; x_wconf 81' lang='lat' dir='ltr'>XI,</span> <span class='ocrx_word' id='word_1_210' title='bbox 1335 1871 1430 1927; x_wconf 76' lang='lat'>596]</span> <span class='ocrx_word' id='word_1_211' title='bbox 1474 1876 1585 1913; x_wconf 79' lang='grc' dir='ltr'><strong><em>λᾶαν</em></strong></span> <span class='ocrx_word' id='word_1_212' title='bbox 1615 1867 1707 1912; x_wconf 73' lang='grc' dir='ltr'>ἄνω</span> 
     </span>
     <span class='ocr_line' id='line_1_26' title="bbox 207 1937 1704 1996; baseline -0.003 -12"><span class='ocrx_word' id='word_1_213' title='bbox 207 1938 371 1984; x_wconf 77' lang='grc' dir='ltr'>ὤθεσκε</span> <span class='ocrx_word' id='word_1_214' title='bbox 413 1941 515 1984; x_wconf 83' lang='grc' dir='ltr'><em>ποτὶ</em></span> <span class='ocrx_word' id='word_1_215' title='bbox 556 1940 700 1996; x_wconf 82' lang='grc' dir='ltr'><em>λόφου</em></span> <span class='ocrx_word' id='word_1_216' title='bbox 746 1945 788 1982; x_wconf 85' lang='lat' dir='ltr'>et</span> <span class='ocrx_word' id='word_1_217' title='bbox 829 1945 877 1982; x_wconf 89' lang='lat' dir='ltr'>ut</span> <span class='ocrx_word' id='word_1_218' title='bbox 917 1941 999 1994; x_wconf 87' lang='lat' dir='ltr'>ipsi</span> <span class='ocrx_word' id='word_1_219' title='bbox 1040 1940 1209 1981; x_wconf 85' lang='lat' dir='ltr'>videtur</span> <span class='ocrx_word' id='word_1_220' title='bbox 1250 1940 1490 1981; x_wconf 87' lang='lat' dir='ltr'>Catulliano</span> <span class='ocrx_word' id='word_1_221' title='bbox 1540 1938 1622 1995; x_wconf 82' lang='lat'>[27,</span> <span class='ocrx_word' id='word_1_222' title='bbox 1663 1937 1704 1994; x_wconf 83' lang='lat'>4]</span> 
     </span>
     <span class='ocr_line' id='line_1_27' title="bbox 196 2005 1707 2065; baseline -0.001 -15"><span class='ocrx_word' id='word_1_223' title='bbox 196 2008 331 2050; x_wconf 73' lang='lat' dir='ltr'>‘ebria</span> <span class='ocrx_word' id='word_1_224' title='bbox 353 2013 474 2050; x_wconf 74' lang='lat' dir='ltr'>acina</span> <span class='ocrx_word' id='word_1_225' title='bbox 497 2007 752 2050; x_wconf 71' lang='lat' dir='ltr'>ebriosioris&#39;</span> <span class='ocrx_word' id='word_1_226' title='bbox 793 2008 860 2065; x_wconf 82' lang='lat' dir='ltr'>[cf.</span> <span class='ocrx_word' id='word_1_227' title='bbox 884 2009 1043 2062; x_wconf 86' lang='lat' dir='ltr'>Haupt.</span> <span class='ocrx_word' id='word_1_228' title='bbox 1066 2022 1255 2062; x_wconf 87' lang='lat' dir='ltr'>prooem.</span> <span class='ocrx_word' id='word_1_229' title='bbox 1279 2012 1383 2050; x_wconf 86' lang='lat' dir='ltr'>aest.</span> <span class='ocrx_word' id='word_1_230' title='bbox 1406 2007 1545 2049; x_wconf 82' lang='lat' dir='ltr'>Berol.</span> <span class='ocrx_word' id='word_1_231' title='bbox 1568 2005 1707 2062; x_wconf 78' lang='lat'>1857]‚</span> 
     </span>
     <span class='ocr_line' id='line_1_28' title="bbox 202 2075 1709 2129; baseline -0.001 -11"><span class='ocrx_word' id='word_1_232' title='bbox 202 2077 258 2129; x_wconf 90' lang='lat' dir='ltr'>id,</span> <span class='ocrx_word' id='word_1_233' title='bbox 292 2077 434 2119; x_wconf 89' lang='lat' dir='ltr'>aliena</span> <span class='ocrx_word' id='word_1_234' title='bbox 463 2077 711 2119; x_wconf 80' lang='lat' dir='ltr'>testimonia</span> <span class='ocrx_word' id='word_1_235' title='bbox 741 2081 789 2119; x_wconf 86' lang='lat' dir='ltr'>ut</span> <span class='ocrx_word' id='word_1_236' title='bbox 821 2078 1038 2127; x_wconf 85' lang='lat' dir='ltr'>omittam,</span> <span class='ocrx_word' id='word_1_237' title='bbox 1080 2077 1272 2118; x_wconf 83' lang='lat' dir='ltr'>cultioris</span> <span class='ocrx_word' id='word_1_238' title='bbox 1315 2077 1462 2118; x_wconf 85' lang='lat' dir='ltr'>iudicii</span> <span class='ocrx_word' id='word_1_239' title='bbox 1494 2075 1709 2129; x_wconf 81' lang='lat' dir='ltr'>elegantia</span> 
     </span>
     <span class='ocr_line' id='line_1_29' title="bbox 204 2144 1709 2199; baseline -0.001 -12"><span class='ocrx_word' id='word_1_240' title='bbox 204 2149 246 2187; x_wconf 90' lang='lat' dir='ltr'>et</span> <span class='ocrx_word' id='word_1_241' title='bbox 285 2146 545 2199; x_wconf 86' lang='lat' dir='ltr'>comparatis</span> <span class='ocrx_word' id='word_1_242' title='bbox 582 2146 726 2187; x_wconf 83' lang='lat' dir='ltr'>hiatus</span> <span class='ocrx_word' id='word_1_243' title='bbox 767 2146 810 2187; x_wconf 89' lang='lat' dir='ltr'>in</span> <span class='ocrx_word' id='word_1_244' title='bbox 852 2145 992 2187; x_wconf 90' lang='lat' dir='ltr'>medio</span> <span class='ocrx_word' id='word_1_245' title='bbox 1024 2145 1155 2187; x_wconf 81' lang='lat' dir='ltr'>verbo</span> <span class='ocrx_word' id='word_1_246' title='bbox 1194 2145 1428 2187; x_wconf 84' lang='lat' dir='ltr'>accidentis</span> <span class='ocrx_word' id='word_1_247' title='bbox 1469 2144 1709 2186; x_wconf 86' lang='lat' dir='ltr'>rationibus</span> 
     </span>
     <span class='ocr_line' id='line_1_30' title="bbox 202 2213 1709 2268; baseline 0 -14"><span class='ocrx_word' id='word_1_248' title='bbox 202 2214 425 2255; x_wconf 82' lang='lat' dir='ltr'>refellitur.</span> <span class='ocrx_word' id='word_1_249' title='bbox 487 2214 562 2256; x_wconf 83' lang='lat' dir='ltr'>sed</span> <span class='ocrx_word' id='word_1_250' title='bbox 605 2214 719 2267; x_wconf 91' lang='lat' dir='ltr'>quod</span> <span class='ocrx_word' id='word_1_251' title='bbox 764 2214 867 2255; x_wconf 88' lang='lat' dir='ltr'>dicit</span> <span class='ocrx_word' id='word_1_252' title='bbox 906 2214 1017 2255; x_wconf 87' lang='lat' dir='ltr'>idem</span> <span class='ocrx_word' id='word_1_253' title='bbox 1048 2214 1155 2255; x_wconf 87' lang='lat' dir='ltr'>adeo</span> <span class='ocrx_word' id='word_1_254' title='bbox 1188 2215 1368 2255; x_wconf 85' lang='lat' dir='ltr'>inveniri</span> <span class='ocrx_word' id='word_1_255' title='bbox 1400 2214 1515 2268; x_wconf 84' lang='lat' dir='ltr'>apud</span> <span class='ocrx_word' id='word_1_256' title='bbox 1546 2213 1709 2254; x_wconf 87' lang='lat' dir='ltr'>nobiles</span> 
     </span>
     <span class='ocr_line' id='line_1_31' title="bbox 202 2280 1708 2337; baseline -0.001 -14"><span class='ocrx_word' id='word_1_257' title='bbox 202 2286 354 2336; x_wconf 85' lang='lat' dir='ltr'>poetas</span> <span class='ocrx_word' id='word_1_258' title='bbox 393 2282 540 2333; x_wconf 89' lang='lat' dir='ltr'>huius,</span> <span class='ocrx_word' id='word_1_259' title='bbox 583 2283 617 2323; x_wconf 85' lang='lat' dir='ltr'>si</span> <span class='ocrx_word' id='word_1_260' title='bbox 658 2282 722 2324; x_wconf 84' lang='lat' dir='ltr'>dis</span> <span class='ocrx_word' id='word_1_261' title='bbox 762 2284 925 2337; x_wconf 88' lang='lat' dir='ltr'>placet,</span> <span class='ocrx_word' id='word_1_262' title='bbox 965 2283 1190 2324; x_wconf 84' lang='lat' dir='ltr'>suavitatis</span> <span class='ocrx_word' id='word_1_263' title='bbox 1228 2283 1383 2334; x_wconf 88' lang='lat' dir='ltr'>multa,</span> <span class='ocrx_word' id='word_1_264' title='bbox 1426 2283 1471 2324; x_wconf 91' lang='lat' dir='ltr'>id</span> <span class='ocrx_word' id='word_1_265' title='bbox 1503 2280 1708 2335; x_wconf 82' lang='lat' dir='ltr'>exemplis</span> 
     </span>
     <span class='ocr_line' id='line_1_32' title="bbox 203 2350 1710 2404; baseline -0.001 -12"><span class='ocrx_word' id='word_1_266' title='bbox 203 2350 396 2404; x_wconf 89' lang='lat' dir='ltr'>oportuit</span> <span class='ocrx_word' id='word_1_267' title='bbox 441 2351 725 2404; x_wconf 85' lang='lat' dir='ltr'>comprobari.</span> <span class='ocrx_word' id='word_1_268' title='bbox 797 2355 986 2392; x_wconf 88' lang='lat' dir='ltr'>ceterum</span> <span class='ocrx_word' id='word_1_269' title='bbox 1033 2351 1159 2392; x_wconf 85' lang='lat' dir='ltr'>facile</span> <span class='ocrx_word' id='word_1_270' title='bbox 1211 2351 1325 2393; x_wconf 91' lang='lat' dir='ltr'>coire</span> <span class='ocrx_word' id='word_1_271' title='bbox 1370 2351 1538 2392; x_wconf 82' lang='lat' dir='ltr'>litteras</span> <span class='ocrx_word' id='word_1_272' title='bbox 1582 2363 1710 2404; x_wconf 85' lang='lat' dir='ltr'>pares</span> 
     </span>
     <span class='ocr_line' id='line_1_33' title="bbox 203 2418 1709 2474; baseline 0 -15"><span class='ocrx_word' id='word_1_273' title='bbox 203 2418 333 2459; x_wconf 82' lang='lat' dir='ltr'>etiam</span> <span class='ocrx_word' id='word_1_274' title='bbox 378 2418 576 2460; x_wconf 84' lang='lat' dir='ltr'>firmatur</span> <span class='ocrx_word' id='word_1_275' title='bbox 622 2419 750 2460; x_wconf 83' lang='lat' dir='ltr'>Tullii</span> <span class='ocrx_word' id='word_1_276' title='bbox 795 2420 1121 2461; x_wconf 84' lang='lat' dir='ltr'>narratiuncula</span> <span class='ocrx_word' id='word_1_277' title='bbox 1167 2420 1253 2461; x_wconf 87' lang='lat' dir='ltr'>iam</span> <span class='ocrx_word' id='word_1_278' title='bbox 1299 2433 1430 2474; x_wconf 84' lang='lat' dir='ltr'>supra</span> <span class='ocrx_word' id='word_1_279' title='bbox 1474 2419 1577 2460; x_wconf 88' lang='lat' dir='ltr'>mihi</span> <span class='ocrx_word' id='word_1_280' title='bbox 1622 2432 1709 2459; x_wconf 87' lang='lat' dir='ltr'>me-</span> 
     </span>
     <span class='ocr_line' id='line_1_34' title="bbox 202 2488 1710 2540; baseline 0 -13"><span class='ocrx_word' id='word_1_281' title='bbox 202 2490 389 2537; x_wconf 85' lang='lat' dir='ltr'>morata,</span> <span class='ocrx_word' id='word_1_282' title='bbox 429 2501 514 2540; x_wconf 87' lang='lat' dir='ltr'>qua</span> <span class='ocrx_word' id='word_1_283' title='bbox 559 2488 766 2528; x_wconf 81' lang='lat' dir='ltr'>asseritur</span> <span class='ocrx_word' id='word_1_284' title='bbox 808 2488 920 2529; x_wconf 90' lang='lat' dir='ltr'>idem</span> <span class='ocrx_word' id='word_1_285' title='bbox 962 2488 1052 2529; x_wconf 82' lang='lat' dir='ltr'>fere</span> <span class='ocrx_word' id='word_1_286' title='bbox 1091 2489 1283 2530; x_wconf 88' lang='lat' dir='ltr'>sonuisse</span> <span class='ocrx_word' id='word_1_287' title='bbox 1320 2491 1505 2529; x_wconf 73' lang='lat' dir='ltr'>Cauneas</span> <span class='ocrx_word' id='word_1_288' title='bbox 1539 2491 1581 2528; x_wconf 88' lang='lat' dir='ltr'>et</span> <span class='ocrx_word' id='word_1_289' title='bbox 1614 2501 1710 2528; x_wconf 66' lang='lat' dir='ltr'>cave</span> 
     </span>
     <span class='ocr_line' id='line_1_35' title="bbox 203 2568 366 2596; baseline 0.006 -2"><span class='ocrx_word' id='word_1_290' title='bbox 203 2568 253 2596; x_wconf 77' lang='lat' dir='ltr'>ne</span> <span class='ocrx_word' id='word_1_291' title='bbox 286 2568 366 2596; x_wconf 80' lang='lat' dir='ltr'>eas.</span> 
     </span>
    </p>

    <p class='ocr_par' dir='ltr' id='par_1_6' title="bbox 203 2622 1709 2950">
     <span class='ocr_line' id='line_1_36' title="bbox 317 2622 1709 2678; baseline 0 -14"><span class='ocrx_word' id='word_1_292' title='bbox 317 2622 401 2664; x_wconf 85' lang='lat' dir='ltr'>Sed</span> <span class='ocrx_word' id='word_1_293' title='bbox 432 2623 486 2664; x_wconf 88' lang='lat' dir='ltr'>ad</span> <span class='ocrx_word' id='word_1_294' title='bbox 519 2623 821 2665; x_wconf 87' lang='lat' dir='ltr'>removendam</span> <span class='ocrx_word' id='word_1_295' title='bbox 856 2624 1000 2666; x_wconf 86' lang='lat' dir='ltr'>hiatus</span> <span class='ocrx_word' id='word_1_296' title='bbox 1037 2625 1395 2666; x_wconf 87' lang='lat' dir='ltr'>iniucunditatem</span> <span class='ocrx_word' id='word_1_297' title='bbox 1425 2628 1579 2678; x_wconf 87' lang='lat' dir='ltr'>poetae</span> <span class='ocrx_word' id='word_1_298' title='bbox 1610 2623 1709 2664; x_wconf 88' lang='lat' dir='ltr'>dac-</span> 
     </span>
     <span class='ocr_line' id='line_1_37' title="bbox 203 2691 1709 2747; baseline 0.001 -16"><span class='ocrx_word' id='word_1_299' title='bbox 203 2691 342 2746; x_wconf 84' lang='lat' dir='ltr'>tylici,</span> <span class='ocrx_word' id='word_1_300' title='bbox 384 2695 489 2745; x_wconf 87' lang='lat' dir='ltr'>puto</span> <span class='ocrx_word' id='word_1_301' title='bbox 530 2695 573 2732; x_wconf 86' lang='lat' dir='ltr'>et</span> <span class='ocrx_word' id='word_1_302' title='bbox 612 2693 796 2733; x_wconf 84' lang='lat' dir='ltr'>scaenici</span> <span class='ocrx_word' id='word_1_303' title='bbox 835 2697 878 2733; x_wconf 89' lang='lat' dir='ltr'>et</span> <span class='ocrx_word' id='word_1_304' title='bbox 918 2694 990 2745; x_wconf 88' lang='lat' dir='ltr'>qui</span> <span class='ocrx_word' id='word_1_305' title='bbox 1023 2693 1218 2734; x_wconf 85' lang='lat' dir='ltr'>saturnia</span> <span class='ocrx_word' id='word_1_306' title='bbox 1251 2707 1528 2747; x_wconf 84' lang='lat' dir='ltr'>composuere</span> <span class='ocrx_word' id='word_1_307' title='bbox 1559 2696 1709 2743; x_wconf 85' lang='lat' dir='ltr'>metra,</span> 
     </span>
     <span class='ocr_line' id='line_1_38' title="bbox 203 2759 1709 2815; baseline 0.001 -16"><span class='ocrx_word' id='word_1_308' title='bbox 203 2759 269 2800; x_wconf 87' lang='lat' dir='ltr'>his</span> <span class='ocrx_word' id='word_1_309' title='bbox 300 2759 389 2800; x_wconf 89' lang='lat' dir='ltr'>fere</span> <span class='ocrx_word' id='word_1_310' title='bbox 411 2759 610 2800; x_wconf 85' lang='lat' dir='ltr'>videntur</span> <span class='ocrx_word' id='word_1_311' title='bbox 641 2760 707 2800; x_wconf 89' lang='lat' dir='ltr'>usi</span> <span class='ocrx_word' id='word_1_312' title='bbox 738 2761 933 2810; x_wconf 87' lang='lat' dir='ltr'>modulis,</span> <span class='ocrx_word' id='word_1_313' title='bbox 968 2766 1015 2802; x_wconf 89' lang='lat' dir='ltr'>ut</span> <span class='ocrx_word' id='word_1_314' title='bbox 1043 2762 1232 2815; x_wconf 88' lang='lat' dir='ltr'>priorem</span> <span class='ocrx_word' id='word_1_315' title='bbox 1255 2763 1445 2802; x_wconf 87' lang='lat' dir='ltr'>vocalem</span> <span class='ocrx_word' id='word_1_316' title='bbox 1477 2764 1552 2801; x_wconf 84' lang='lat' dir='ltr'>aut·</span> <span class='ocrx_word' id='word_1_317' title='bbox 1581 2774 1709 2815; x_wconf 89' lang='lat' dir='ltr'>copu-</span> 
     </span>
     <span class='ocr_line' id='line_1_39' title="bbox 203 2827 1709 2883; baseline 0.001 -15"><span class='ocrx_word' id='word_1_318' title='bbox 203 2827 343 2868; x_wconf 86' lang='lat' dir='ltr'>larent</span> <span class='ocrx_word' id='word_1_319' title='bbox 389 2841 484 2868; x_wconf 87' lang='lat' dir='ltr'>cum</span> <span class='ocrx_word' id='word_1_320' title='bbox 528 2828 781 2881; x_wconf 77' lang='lat' dir='ltr'>insequente</span> <span class='ocrx_word' id='word_1_321' title='bbox 826 2829 954 2883; x_wconf 88' lang='lat' dir='ltr'>longa</span> <span class='ocrx_word' id='word_1_322' title='bbox 996 2830 1118 2883; x_wconf 86' lang='lat' dir='ltr'>quasi</span> <span class='ocrx_word' id='word_1_323' title='bbox 1158 2844 1235 2883; x_wconf 87' lang='lat' dir='ltr'>per</span> <span class='ocrx_word' id='word_1_324' title='bbox 1280 2829 1592 2883; x_wconf 79' lang='lat' dir='ltr'>diphthongum</span> <span class='ocrx_word' id='word_1_325' title='bbox 1634 2833 1709 2872; x_wconf 89' lang='lat' dir='ltr'>aut</span> 
     </span>
     <span class='ocr_line' id='line_1_40' title="bbox 205 2897 1537 2950; baseline 0.002 -12"><span class='ocrx_word' id='word_1_326' title='bbox 205 2898 491 2947; x_wconf 80' lang='lat' dir='ltr'>attenuarent,</span> <span class='ocrx_word' id='word_1_327' title='bbox 524 2901 731 2950; x_wconf 86' lang='lat' dir='ltr'>quantum</span> <span class='ocrx_word' id='word_1_328' title='bbox 759 2902 859 2950; x_wconf 87' lang='lat' dir='ltr'>pote</span> <span class='ocrx_word' id='word_1_329' title='bbox 890 2899 1086 2950; x_wconf 84' lang='lat' dir='ltr'>maxime,</span> <span class='ocrx_word' id='word_1_330' title='bbox 1119 2898 1374 2941; x_wconf 85' lang='lat' dir='ltr'>succedente</span> <span class='ocrx_word' id='word_1_331' title='bbox 1406 2897 1537 2940; x_wconf 82' lang='lat' dir='ltr'>brevi.</span> 
     </span>
    </p>
   </div>
  </div>
 </body>
</html>
