1898 3292
255 244 335 282 556
857 251 1092 277 OPVSCVLVM
1113 252 1150 277 11.

256 368 327 394 eos
361 380 383 382 —
417 387 423 403 ,
457 354 551 406 quis
583 355 665 393 iam
700 354 845 394 credet
876 353 969 393 illos
1004 353 1230 406 popularia
1262 354 1453 393 carmina
1479 369 1614 407 nuper
1636 355 1758 395 illata

255 423 398 475 potius
431 426 473 462 et
503 436 639 475 paene
671 423 818 475 ignota
851 436 978 475 quam
1002 422 1125 474 vulgo
1149 421 1367 474 optinente
1391 426 1433 462 et
1457 437 1482 463 a
1502 423 1757 476 parentibus

257 494 437 544 accepta
469 491 758 544 composuisse
800 490 1025 531 oratione?
1088 489 1339 543 quodsiquis
1378 490 1457 531 sibi
1497 491 1761 543 persuaserit

257 558 369 612 apud
412 559 526 612 ipsos
571 558 702 599 Italos
748 558 993 611 provenisse
1039 558 1221 611 primum
1270 558 1472 611 antiquae
1514 559 1619 600 artis
1663 573 1761 600 con-

255 632 476 681 temptum,
507 641 555 668 eo
589 627 746 667 certius
772 625 1015 666 firmabitur
1037 626 1179 679 opinio
1203 640 1334 679 supra
1356 627 1590 680 proposita.
1641 642 1759 667 nam—

256 711 337 749 que
379 710 472 736 cum
512 695 566 736 ad
599 694 764 736 Galbae
795 708 928 747 usque
960 695 1235 747 imperatoris
1267 698 1435 748 tempus
1468 695 1657 735 carmina
1687 709 1761 748 po-

255 764 442 817 pularia,
486 778 596 817 quae
633 763 830 803 feruntur
863 762 977 815 apud
1010 763 1279 812 Suetonium,
1313 763 1439 816 plane
1471 764 1761 816 quantitatum

257 836 298 873 et
331 832 552 873 elisionum
585 835 754 872 servent
795 831 932 884 leges,
975 844 1056 871 non
1098 831 1239 884 potuit
1273 831 1534 873 invalescere
1568 831 1763 873 modulus

257 900 491 954 rythmicus
536 903 635 941 ante
676 899 843 940 finitum
885 898 1101 940 saeculum
1140 913 1175 939 a.
1206 914 1244 939 u.
1277 914 1309 940 c.
1341 913 1510 940 nonum.
1573 904 1763 941 ceterum

256 969 335 1010 etsi
382 968 589 1022 plurimas
636 972 814 1021 propter
861 980 1013 1008 causas
1064 966 1232 1008 facilius
1282 967 1480 1008 Latinum
1526 982 1762 1009 sermonem

256 1052 383 1090 quam
408 1037 620 1078 Graecum
645 1036 861 1089 corrumpi
887 1035 1078 1090 potuisse
1107 1035 1213 1076 haut
1235 1049 1355 1089 nego,
1388 1040 1531 1077 tamen
1561 1049 1645 1077 non
1676 1050 1761 1077 om-

255 1106 353 1146 nino
386 1109 562 1155 certum,
600 1105 713 1158 quod
750 1104 853 1145 dicit
885 1103 1203 1144 Henrichsenus
1245 1104 1315 1158 [de
1347 1118 1453 1145 vers.
1486 1104 1604 1157 polit.
1638 1119 1677 1158 p.
1712 1108 1762 1146 25

255 1174 318 1215 ed.
357 1174 576 1227 German]
620 1187 703 1214 non
750 1177 848 1214 ante
891 1172 1019 1213 medii
1066 1171 1179 1225 quod
1227 1172 1384 1213 dicitur
1431 1172 1524 1213 aevi
1569 1176 1764 1226 tempora

257 1242 450 1283 extitisse
483 1241 597 1295 apud
621 1242 810 1282 Graecos
843 1241 915 1293 qui
948 1244 1171 1281 accentum
1210 1240 1536 1293 grammaticum
1559 1241 1765 1294 quadani-

256 1314 380 1351 tenus
412 1310 454 1350 in
484 1309 722 1364 pangendis
758 1309 1023 1362 respicerent
1057 1308 1330 1350 carminibus.
1383 1309 1538 1350 etenim
1563 1323 1658 1350 cum
1679 1309 1764 1350 iam

255 1378 466 1431 Georgius
497 1378 675 1427 Pisides,
718 1392 795 1431 per
834 1378 1021 1431 priorem
1067 1377 1226 1418 saeculi
1268 1377 1437 1431 septimi
1480 1381 1647 1430 partem
1693 1379 1766 1431 qui

255 1447 357 1497 fuit,
402 1446 618 1488 interdum
650 1460 742 1487 eam
778 1450 984 1499 sequatur
1016 1446 1239 1496 rationem,
1274 1449 1320 1486 ut
1351 1446 1510 1487 vocalis
1546 1445 1764 1499 quaelibet

256 1520 462 1569 sequente
496 1529 582 1556 una
614 1528 800 1556 consona
833 1515 888 1556 sit
916 1515 1164 1565 communis,
1195 1518 1503 1568 praeterquam
1539 1528 1649 1568 quae
1683 1529 1761 1568 pro

256 1584 540 1637 ambiguitate
568 1597 793 1625 mensurae
827 1583 1006 1624 diversis
1038 1583 1361 1636 distinguuntur
1382 1582 1551 1633 litteris,
1584 1587 1766 1637 apparet

254 1652 429 1694 hercule
461 1652 575 1694 illius
606 1652 812 1706 temporis
845 1652 1081 1693 Graeculos
1112 1655 1199 1692 tam
1232 1651 1362 1692 fuisse
1393 1651 1565 1704 ignaros
1596 1652 1766 1705 quanti-

256 1724 392 1762 tatum
419 1725 593 1774 tamque
616 1720 824 1762 obnoxios
846 1720 1089 1774 praeceptis
1121 1719 1334 1769 scholicis,
1369 1719 1562 1773 pessimis
1595 1719 1766 1773 quidem

254 1790 420 1843 pariter
451 1793 581 1842 atque
612 1789 902 1842 ineptissimis,
936 1792 982 1829 ut
1013 1789 1188 1842 propius
1220 1788 1364 1829 absint
1396 1787 1449 1829 ab
1473 1791 1566 1829 arte
1588 1788 1767 1829 metrica

256 1861 447 1899 veterum
480 1858 731 1898 Latinorum
770 1871 853 1898 non
884 1857 1120 1897 Venantius
1163 1856 1288 1897 modo
1333 1860 1374 1897 et
1414 1856 1649 1909 Eugenius,
1683 1857 1767 1897 Ro-

255 1926 370 1967 mani
392 1926 598 1976 homines,
632 1926 706 1967 sed
728 1925 905 1967 barbari
930 1925 1047 1965 Beda
1069 1929 1111 1965 et
1134 1924 1380 1965 Rhabanus.
1434 1924 1585 1977 quodsi
1619 1924 1764 1965 docto-

256 2010 350 2036 rum
380 1995 597 2036 hominum
642 1994 854 2035 tantillam
888 1993 1079 2034 videmus
1117 1994 1159 2033 in
1201 1993 1449 2034 certissimis
1491 1992 1766 2046 antiquorum

255 2064 427 2117 placitis
472 2063 775 2113 reverentiam,
819 2061 987 2115 qualem
1029 2061 1203 2102 tandem
1237 2061 1350 2113 vulgi
1393 2060 1523 2102 fuisse
1555 2061 1768 2102 existima-

257 2132 419 2174 bimus?
489 2135 534 2172 at
578 2131 769 2172 extincta
815 2130 972 2184 peritia
1017 2129 1157 2183 legum
1200 2128 1555 2182 prosodiacarum
1598 2132 1640 2169 et
1682 2142 1769 2169 me-

256 2201 410 2241 tricam
452 2200 535 2241 cito
577 2199 718 2253 perire
761 2198 952 2252 oportuit
994 2197 1075 2238 fuit
1117 2197 1447 2238 observantiam.
1510 2210 1644 2250 quare
1686 2210 1769 2237 non

259 2267 558 2310 aberrabimus
591 2281 616 2308 a
647 2281 746 2308 vero
779 2269 1019 2308 statuentes
1062 2265 1223 2306 ultimis
1255 2266 1435 2306 Romani
1467 2265 1634 2319 imperii
1664 2269 1768 2306 tem-

258 2337 436 2390 poribus
468 2336 698 2377 invaluisse
731 2334 845 2388 apud
870 2333 1060 2375 Graecos
1083 2334 1245 2387 poesim
1268 2334 1534 2388 rythmicam.
1587 2336 1770 2386 apparet

260 2408 401 2446 autem
441 2404 620 2445 multum
654 2403 975 2444 increbescente
1017 2401 1100 2442 fide
1133 2402 1369 2443 christiana
1399 2405 1643 2456 promotum
1677 2415 1768 2442 esse

198 2495 204 2501 ·
259 2473 444 2514 recentis
481 2486 613 2526 genus
646 2472 764 2521 artis,
796 2471 979 2524 primum
1013 2470 1128 2523 quod
1160 2470 1325 2523 gratius
1358 2470 1438 2510 fuit
1470 2469 1769 2511 sacerdotibus

260 2545 303 2583 et
331 2541 544 2595 episcopis
577 2554 707 2581 novos
740 2552 959 2588 numeros,
1002 2552 1129 2591 quam
1173 2538 1245 2590 qui
1280 2537 1456 2591 Vergilii
1489 2542 1531 2579 et
1559 2537 1698 2578 Ovidii
1728 2541 1771 2578 et

258 2623 524 2663 paganorum
565 2612 789 2649 auctorum
832 2607 1120 2648 aemulatione
1161 2609 1530 2659 temperarentur,
1574 2606 1768 2659 optinere

259 2679 301 2718 in
324 2678 438 2730 vulgi
461 2676 736 2727 carminibus,
769 2675 921 2716 deinde
944 2678 1121 2728 propter
1144 2688 1238 2715 eum
1269 2673 1432 2715 formae
1465 2677 1767 2727 contemptum,

260 2746 331 2798 qui
372 2745 426 2786 ab
468 2744 749 2786 orientalibus
791 2743 989 2796 gentibus
1019 2757 1096 2796 per
1129 2746 1329 2795 quartum
1363 2742 1645 2795 quintumque
1677 2755 1769 2782 sae-

260 2813 399 2854 culum
433 2827 528 2854 cum
561 2812 755 2853 fluxisset
784 2811 838 2852 ad
860 2810 1161 2860 occidentales,
1195 2824 1276 2851 non
1300 2810 1436 2863 pluris
1458 2824 1584 2863 quam
1608 2809 1769 2863 templa

260 2885 302 2922 et
334 2885 500 2922 statuas
526 2881 702 2921 deorum
725 2879 918 2920 habuere
946 2879 1140 2932 plerique
1162 2879 1300 2932 ipsum
1323 2878 1527 2919 metricae
1552 2877 1767 2930 antiquae,

259 2952 308 3002 ut
338 2949 400 2990 ita
431 2949 583 3001 dicam,
615 2948 870 2990 aedificium.
