1898 3292
237 207 317 246 (300
908 213 1033 238 INDEX
1053 212 1075 238 1.

234 318 492 372 pentametri
520 330 623 357 usus
657 319 864 357 249—51.
915 315 1031 368 leges
1063 314 1301 369 rythmicae
1327 314 1567 355 hexametri
1593 314 1742 368 partis,

235 401 345 440 quae
378 386 427 426 fit
457 388 555 439 post
587 398 811 425 caesuram
855 387 1079 424 251—258
1111 383 1515 436 (vetustissimorum
1548 396 1650 423 usus
1681 382 1741 423 di-

232 469 381 496 versus
414 468 439 495 a
468 453 783 494 neotericorum
817 455 910 501 251,
943 455 978 492 2.
1040 450 1380 505 monosyllabum
1419 450 1462 490 in
1500 449 1583 490 fine
1618 464 1741 503 prae-

235 523 413 565 cedente
453 522 549 575 plus
584 535 712 574 quam
743 520 1037 574 monosyllabo
1070 520 1256 573 positum
1289 522 1383 569 252,
1419 522 1454 558 3.
1519 522 1743 559 auctorum

234 605 336 633 usus
382 591 425 631 in
476 589 664 631 numeris
708 588 895 630 finientis
948 588 1188 629 hexametri
1240 587 1445 640 exemplis
1498 586 1744 627 declaratus

237 662 445 701 253—56.
506 672 654 699 versus
686 657 907 711 spondiaci
949 658 1174 710 256—58).

350 728 623 768 Pentameter
653 729 861 767 258—60.

351 795 579 837 Iambici
611 808 669 836 ac
699 794 977 835 trochaici
1011 795 1218 834 260-63,

350 863 684 918 Logaoedici
716 866 809 913 263,
841 867 877 904 4.

351 933 511 974 Fines
560 946 809 973 sensuum
855 945 911 972 ac
962 943 1305 972 numerorum
1355 933 1624 983 quatenus
1673 929 1746 970 in-

234 1006 372 1044 terse
400 1001 691 1043 concinere
725 1000 939 1041 soleant
971 999 1053 1041 vel
1087 999 1388 1041 dissentire
1421 1001 1657 1040 264ffl277.

349 1070 652 1112 Prohoemium
671 1072 879 1111 264-66.
927 1082 1054 1109 voces
1079 1082 1163 1109 non
1193 1069 1359 1122 positae
1392 1067 1513 1108 initio
1537 1067 1747 1108 enuntiati

238 1143 334 1181 266.
397 1139 663 1180 dissonantia
707 1138 903 1179 ordinum
935 1137 1172 1190 logicorum
1208 1141 1250 1178 et
1280 1136 1567 1177 metricorum
1590 1135 1748 1190 duplex

239 1211 332 1249 266.
395 1207 532 1249 omnis
555 1207 830 1248 observantia
853 1206 968 1247 circa
989 1206 1203 1259 principia
1227 1209 1270 1246 et
1301 1205 1516 1246 clausulas
1551 1204 1747 1245 ordinum

236 1277 513 1318 metricorum
532 1279 625 1317 266.
669 1275 865 1316 disticha.
898 1274 1149 1315 hexameter
1170 1273 1236 1315 vel
1257 1277 1528 1327 pentameter
1551 1276 1632 1314 266
1649 1298 1682 1301 —
1696 1276 1749 1314 74

239 1345 476 1400 (clausulae
508 1346 717 1385 266m70.
764 1343 888 1384 initia
920 1346 1013 1384 270.
1071 1342 1237 1384 mediae
1268 1346 1428 1396 partes,
1461 1341 1644 1382 maxime
1676 1341 1750 1382 ubi

236 1414 285 1455 fit
316 1427 497 1455 caesura
529 1415 784 1465 271—274).
848 1414 1083 1466 systemata
1114 1411 1284 1452 Horatii
1325 1414 1367 1451 et
1406 1414 1551 1451 cetera
1583 1413 1678 1460 274,
1713 1415 1748 1451 5.

237 1486 375 1524 metra
405 1496 430 1523 a
458 1482 615 1523 Laevio
648 1481 824 1534 eiusque
857 1479 1145 1521 sectatoribus
1177 1483 1334 1520 novata
1358 1482 1450 1521 275.
1501 1478 1749 1529 cavendum,

237 1566 290 1593 ne
331 1565 467 1605 prava
512 1550 786 1591 distinctione
818 1549 885 1590 vel
929 1562 1126 1590 sensuum
1171 1548 1237 1589 vel
1275 1547 1505 1589 verborum
1544 1551 1748 1601 peccetur

239 1624 449 1662 275—77.
509 1623 734 1660 auctorum
763 1618 862 1659 inde
894 1632 919 1658 a
954 1618 971 1658 I
1001 1632 1040 1671 p.
1074 1617 1169 1658 Chr.
1203 1616 1374 1658 saeculo
1406 1617 1449 1657 in
1479 1615 1748 1658 observando

237 1689 366 1743 logici
398 1688 560 1729 ordinis
592 1686 675 1728 fine
706 1687 869 1741 placita
904 1690 996 1727 277.

353 1756 576 1798 Vocabula
606 1756 735 1797 exilia
766 1755 891 1796 nimis
922 1755 1045 1796 initio
1068 1768 1215 1796 versus
1248 1768 1298 1795 ac
1319 1754 1402 1795 fine
1427 1754 1563 1795 vitata
1596 1757 1690 1802 277,
1714 1757 1750 1795 8.

239 1826 483 1880 ponderosa
524 1838 607 1866 non
649 1825 857 1879 placitum
890 1823 1142 1865 delitescere
1176 1826 1269 1865 278.
1332 1823 1550 1864 cumulata
1579 1823 1752 1863 nomina

240 1909 315 1936 seu
347 1894 480 1936 verba
511 1897 604 1935 278.
665 1893 934 1934 substantivo
967 1892 1040 1933 uni
1071 1892 1197 1946 plura
1228 1892 1377 1933 addita
1409 1892 1624 1933 adiectiva
1657 1895 1750 1932 278.

242 1964 456 2004 adiectiva
487 1977 582 2004 cum
615 1962 896 2003 substantivis
927 1962 1075 2002 iuncta
1107 1965 1200 2003 278.

970 2099 1018 2141 V.

696 2181 923 2230 LIBER
960 2180 1300 2240 QVARTVS.

368 2276 372 2279 ¹
435 2287 503 2325 DE
535 2286 819 2325 VOCALIBVS
851 2285 1067 2324 INTERSE
1098 2285 1563 2325 CONCVRRENTIBVS.

896 2362 1098 2398 279-379.

356 2437 657 2479 Prohoemium
697 2440 792 2479 279.
866 2436 1132 2477 Graecorum
1173 2450 1275 2478 usus
1318 2439 1360 2477 et
1390 2436 1680 2477 Romanorum
1710 2434 1753 2475 in

245 2506 497 2560 copulandis
538 2505 759 2547 vocalibus
800 2505 1029 2546 diversitas
1062 2508 1155 2546 280.
1227 2505 1420 2546 carmina
1462 2505 1752 2546 Romanorum

244 2575 555 2629 antiquissima.
616 2574 778 2615 Ennius
811 2577 906 2624 280,
939 2577 1004 2615 81.

356 2643 552 2684 Hiatus
593 2643 743 2684 intra
781 2657 938 2684 unum
969 2642 1189 2684 verbum
1222 2646 1482 2683 constans
1515 2644 1752 2683 281—327.

359 2713 477 2763 Quae
500 2711 656 2765 quibus
679 2711 872 2765 copulari
892 2711 1059 2752 soleant
1080 2710 1249 2752 vocales
1274 2714 1367 2752 281.
1413 2710 1558 2752 hiatus
1576 2708 1753 2751 tollendi

245 2779 339 2821 viae
372 2781 451 2822 VII
481 2784 575 2831 281,
608 2784 644 2821 2.
705 2780 719 2820 i
750 2779 816 2821 vel
848 2794 875 2820 u
906 2783 1073 2821 mutata
1114 2780 1155 2820 in
1198 2793 1428 2821 consonam
1462 2782 1556 2821 282.
1616 2778 1753 2819 diver—

246 2849 351 2889 sitas
381 2848 692 2903 dactylicorum
724 2852 767 2890 et
797 2849 1092 2890 scaenicorum
1114 2848 1157 2889 in
1179 2847 1426 2889 adhibenda
1448 2847 1627 2902 synizesi
1660 2850 1752 2888 283.

246 2917 447 2970 synizesis
479 2918 735 2970 graecanica
768 2921 860 2959 28:13.
912 2921 954 2958 et
984 2917 1110 2958 huius
1139 2920 1181 2958 et
1213 2916 1403 2966 alterius,
1434 2930 1544 2969 quae
1566 2915 1614 2956 fit
1644 2916 1657 2955 i
1689 2914 1754 2955 vel
