1898 3292
248 243 328 281 388
850 251 966 275 LIBER
986 251 1164 282 vaTvs.

248 353 348 407 688]
397 350 563 393 ‘tristem
595 366 695 394 suae
725 356 923 405 mayistra
955 360 1107 404 special
1138 350 1282 403 impia'
1320 355 1362 394 et
1394 352 1591 394 Sedulius
1629 354 1681 408 [c.
1715 368 1754 407 p.

249 422 294 473 V,
326 422 428 475 403]
473 420 681 462 ‘Clarisms
713 425 829 463 adest
853 425 991 472 panis,
1021 429 1186 462 sallellas·
1220 435 1376 472 quoque
1407 425 1576 471 spiritus
1608 420 1753 472 iynis’,

246 489 319 531 ubi
352 489 424 530 alii
455 496 715 540 sanansque.
755 493 797 530 et
829 489 1075 531 Priscianus
1118 489 1238 530 initio
1282 489 1405 530 metri
1445 490 1620 543 [perieg.
1655 490 1754 544 2394]

240 558 390 599 ‘aurem
434 555 678 608 speclelecr’.
752 571 849 599 nam
897 562 939 599 et
983 558 1138 599 similia
1184 557 1394 611 Corippus
1437 557 1537 612 [ioh.
1568 558 1647 607 III,
1681 561 1755 609 303

247 626 316 676 IV,
354 626 443 680 13],
489 626 591 667 item
639 626 774 679 magis
822 626 962 667 cultus
1005 629 1134 680 poeta
1176 626 1374 667 Sidonius
1418 626 1557 680 [burg.
1590 626 1755 667 Leontii

250 698 350 746 1223
386 694 441 736 ad
473 696 668 736 Cousent.
694 694 808 748 338]
871 694 1054 747 denique
1086 694 1292 735 Lindinus
1324 695 1365 735 in
1397 694 1755 749 hendecasyllabo

247 763 424 818 [anthol.
459 766 525 813 28,
559 767 580 803 7
616 763 705 817 R.]:

590 843 854 887 quinquaginta
881 843 987 877 velim
1015 842 1151 876 diserta
1178 843 1326 877 scribas.

369 926 421 964 At
452 923 626 964 hercule
657 936 739 964 non
773 923 922 964 eadem
954 923 1217 964 abstinentia
1253 923 1304 981 in<
1329 922 1506 964 Graecis
1538 923 1757 964 vocabulis

246 993 310 1034 usi
346 996 520 1046 poetae,
563 992 758 1045 quamvis
802 992 928 1032 etiam
969 992 1012 1032 in
1040 991 1106 1032 his
1136 991 1352 1032 licentiam
1386 991 1637 1044 plerumque
1670 1005 1756 1032 mo-

248 1061 346 1102 dulo
380 1075 580 1102 sonorum
615 1065 657 1101 et
689 1064 808 1101 certa
839 1064 1133 1114 temperarent
1164 1061 1433 1101 necessitate.

362 1132 421 1170 Ac
466 1129 649 1183 primum
692 1128 862 1182 quidem
906 1128 1139 1181 aliquando
1181 1129 1436 1182 positionem
1479 1128 1756 1182 neglexerunt

245 1199 287 1238 in
323 1198 465 1239 verbis
495 1212 521 1239 a
560 1205 648 1239 zeta
688 1196 1013 1251 incipientibus,
1056 1197 1214 1250 quippe
1256 1211 1366 1250 quae
1407 1198 1756 1250 pronuntiatione

246 1266 412 1319 vulgari
445 1266 560 1320 apud
591 1265 766 1307 Latinos
804 1266 968 1319 pariter
1011 1270 1142 1318 atque
1175 1266 1363 1307 Graecos
1404 1266 1656 1320 plerumque
1688 1280 1757 1307 ae-

247 1339 402 1388 quaret
444 1334 626 1376 sibilam.
689 1338 878 1375 ceterum
910 1333 1107 1375 similiter
1142 1349 1171 1374 a:
1202 1334 1358 1388 prioris
1390 1335 1528 1388 partis
1559 1334 1757 1375 substan-

246 1404 351 1444 tiam
386 1417 481 1444 cum
514 1403 704 1444 exuisset
736 1402 805 1457 [cf.
840 1402 1081 1444 Terentian.
1119 1406 1226 1445 1154
1259 1403 1392 1457 sqq.],
1424 1402 1537 1444 unde
1569 1407 1611 1444 et
1643 1403 1757 1456 apud

246 1472 598 1513 Commodianum
624 1471 706 1527 [pg.
735 1474 825 1521 158,
849 1470 917 1526 21]
950 1471 1108 1524 legitur
1128 1479 1259 1512 ratem
1285 1485 1363 1524 pro
1395 1480 1551 1517 sancta,
1579 1471 1756 1514 eandem

246 1541 380 1581 traxit
411 1539 671 1591 libertatem,
703 1540 783 1581 nisi
816 1540 1035 1594 paucitate
1067 1539 1296 1581 verborum
1334 1540 1375 1580 in
1408 1554 1646 1582 sermonem
1679 1540 1757 1580 La-

246 1609 382 1649 tinum
429 1614 700 1662 receptorum
750 1608 803 1649 ad
850 1608 1028 1649 nihilum
1076 1622 1144 1650 res
1195 1609 1475 1662 redigeretur.
1546 1610 1693 1662 itaque
1733 1623 1758 1649 a

248 1677 436 1719 metricis
468 1678 558 1718 ficti
591 1677 788 1718 videntur
825 1691 970 1718 versus
1005 1676 1262 1732 [Terentian.
1302 1681 1407 1719 1160
1440 1677 1544 1733 sq.]:

544 1768 718 1812 pontibus
744 1769 907 1803 instratis
937 1769 1128 1803 coniunxit
1155 1768 1263 1803 litora
1289 1768 1442 1803 Xerxes.

544 1826 720 1869 sanguino
748 1827 915 1860 turbatus
941 1826 1122 1861 miscebat
1146 1826 1255 1860 litora
1279 1825 1458 1860 Xanthus.

246 1905 378 1946 habes
410 1909 551 1947 tamen
586 1906 748 1947 Sidonii
781 1905 1141 1961 hendecasyllabo
1173 1906 1244 1963 [ad
1278 1907 1418 1959 Magn.
1458 1907 1581 1948 Felic.
1614 1907 1707 1964 3s]:

545 1991 709 2026 inflatum
739 1993 1003 2027 numerositate
1030 1992 1190 2027 Xerxen.

244 2068 306 2108 ita
340 2081 395 2117 ps
436 2066 652 2109 simillima
695 2081 790 2109 cum
830 2067 886 2109 sit
928 2071 1085 2109 natura
1128 2068 1345 2122 praedita,
1388 2068 1503 2109 haud
1545 2081 1643 2109 raro
1674 2068 1755 2110 vim

245 2135 427 2189 duplicis
461 2149 672 2178 consonae
709 2137 825 2178 exuit
855 2136 898 2177 in
926 2140 1095 2187 psalmo,
1124 2141 1342 2187 psallendo
1376 2136 1511 2193 [Beda
1543 2136 1684 2193 2353]

360 2204 500 2246 Minus
534 2204 677 2258 placet
706 2205 903 2259 neglecta
934 2206 1108 2259 positio,
1150 2206 1269 2260 prior
1299 2206 1420 2248 verbi
1451 2205 1626 2247 secundi
1659 2220 1756 2247 con-

245 2274 361 2314 sona'
390 2274 423 2314 si
471 2273 526 2315 sit
572 2273 699 2315 sibila
748 2273 821 2329 [of.
855 2274 1023 2316 Terent.
1061 2277 1361 2326 lose—1061,
1406 2274 1551 2330 1164]
1622 2288 1756 2328 quare

245 2342 419 2383 lieentia
460 2341 719 2396 corripiendi
762 2342 956 2384 substitit
999 2342 1131 2384 ferme
1163 2343 1206 2383 in
1238 2342 1380 2384 verbis
1410 2343 1682 2397 paucissimis
1714 2347 1756 2384 et

247 2422 358 2463 quae
391 2410 517 2451 aliter
548 2409 696 2464 inepta
729 2414 872 2452 essent
902 2414 1060 2461 metro,
1101 2425 1253 2465 parum
1284 2414 1330 2453 ut
1361 2411 1622 2465 probaretur
1653 2411 1754 2453 Pro-

244 2478 372 2532 pertii
402 2478 642 2532 exemplum
672 2479 757 2521 tale
793 2478 878 2535 [1V‚
914 2483 976 2530 18,
1011 2479 1079 2536 21]
1126 2478 1268 2531 ‘leoque
1299 2494 1320 2521 ο
1355 2482 1493 2521 Minoa
1525 2484 1754 2521 venundata

244 2551 379 2599 Scylla.
405 2547 570 2598 siqura’
604 2547 668 2589 vel
700 2551 854 2601 poetae
886 2548 987 2590 item
1011 2550 1202 2602 Augusto
1226 2548 1419 2602 aequalis
1454 2547 1577 2604 [Mey.
1601 2548 1753 2603 844,1]

237 2612 328 2656 ‘nnc'
365 2617 560 2657 Crcmsizio
595 2629 638 2656 se
671 2620 843 2658 credere
876 2620 1052 2669 Zmyrna
1089 2620 1279 2668 probari(
1292 2615 1300 2629 ⁷
1343 2620 1417 2658 aut
1459 2617 1608 2658 Avieni
1649 2616 1755 2657 illud

246 2682 397 2739 [deser.
422 2683 510 2726 orb.
535 2687 635 2725 terr.
664 2684 787 2740 1346]
834 2684 892 2726 ‘in
925 2689 1135 2737 medioque
1166 2688 1298 2727 Sabae
1328 2694 1421 2727 siml
1451 2689 1624 2736 cawile,-
1654 2699 1754 2736 qens·

245 2766 401 2802 quoqne
433 2750 601 2794 §boch-2²
649 2752 736 2794 sive
772 2753 948 2794 Ausonii
980 2754 1114 2795 mavis
1159 2753 1281 2810 [prof.
1311 2753 1432 2795 burd.
1466 2757 1508 2804 S,
1541 2752 1581 2809 2]
1628 2751 1754 2794 ‘coerce

244 2823 441 2870 Sperchei
479 2823 722 2871 pariterque
760 2819 867 2862 nate*
916 2821 982 2878 [cf.
1014 2821 1069 2863 ib.
1103 2825 1166 2873 22,
1201 2827 1247 2874 ἵ);
1290 2822 1535 2863 Maximian.
1570 2826 1606 2873 ἵ),
1645 2821 1752 2877 126]

244 2914 296 2917 --
340 2888 423 2929 iam
459 2889 627 2942 singula
670 2893 717 2931 ut
762 2889 1002 2945 expediam,
1043 2904 1094 2932 ne
1123 2891 1166 2932 in
1198 2890 1376 2932 Graecis
1409 2890 1580 2943 quidem
1614 2890 1753 2930 verbis

246 2956 403 2997 violare
436 2957 690 3011 positionem
733 2958 1027 3000 sustinuerunt
1062 2959 1287 3009 Horatius,
1320 2960 1511 3009 Persius,
1545 2958 1752 3008 Grattius,
