<?xml version="1.0" encoding="UTF-8"?>
<!DOCTYPE html PUBLIC "-//W3C//DTD XHTML 1.0 Transitional//EN"
    "http://www.w3.org/TR/xhtml1/DTD/xhtml1-transitional.dtd">
<html xmlns="http://www.w3.org/1999/xhtml" xml:lang="en" lang="en">
 <head>
  <title>
</title>
<meta http-equiv="Content-Type" content="text/html;charset=utf-8" />
  <meta name='ocr-system' content='tesseract 3.04.00' />
  <meta name='ocr-capabilities' content='ocr_page ocr_carea ocr_par ocr_line ocrx_word'/>
</head>
<body>
  <div class='ocr_page' id='page_1' title='image "./deremetricapoeta00mluoft_0618.png"; bbox 0 0 1898 3292; ppageno 0'>
   <div class='ocr_carea' id='block_1_1' title="bbox 246 207 1156 247">
    <p class='ocr_par' dir='ltr' id='par_1_1' title="bbox 246 207 1156 247">
     <span class='ocr_line' id='line_1_1' title="bbox 246 207 1156 247; baseline -0.009 0"><span class='ocrx_word' id='word_1_1' title='bbox 246 207 325 247; x_wconf 86' lang='lat'>592</span> <span class='ocrx_word' id='word_1_2' title='bbox 850 215 1088 242; x_wconf 73' lang='lat' dir='ltr'>opvscvnvm</span> <span class='ocrx_word' id='word_1_3' title='bbox 1107 213 1156 239; x_wconf 87' lang='lat' dir='ltr'>1v.</span> 
     </span>
    </p>
   </div>
   <div class='ocr_carea' id='block_1_2' title="bbox 242 313 1753 575">
    <p class='ocr_par' dir='ltr' id='par_1_2' title="bbox 242 313 1753 438">
     <span class='ocr_line' id='line_1_2' title="bbox 244 313 1753 371; baseline -0.003 -13"><span class='ocrx_word' id='word_1_4' title='bbox 244 317 497 371; x_wconf 84' lang='lat' dir='ltr'>patientiae,</span> <span class='ocrx_word' id='word_1_5' title='bbox 549 316 605 357; x_wconf 89' lang='lat' dir='ltr'>ad</span> <span class='ocrx_word' id='word_1_6' title='bbox 650 315 880 358; x_wconf 78' lang='lat' dir='ltr'>editionem</span> <span class='ocrx_word' id='word_1_7' title='bbox 926 319 1119 358; x_wconf 87' lang='lat' dir='ltr'>nostram</span> <span class='ocrx_word' id='word_1_8' title='bbox 1166 315 1424 367; x_wconf 84' lang='lat' dir='ltr'>delegamus,</span> <span class='ocrx_word' id='word_1_9' title='bbox 1471 314 1582 367; x_wconf 84' lang='lat' dir='ltr'>siqui</span> <span class='ocrx_word' id='word_1_10' title='bbox 1627 313 1753 367; x_wconf 89' lang='lat' dir='ltr'>plura</span> 
     </span>
     <span class='ocr_line' id='line_1_3' title="bbox 242 385 759 438; baseline -0.002 -11"><span class='ocrx_word' id='word_1_11' title='bbox 242 385 457 427; x_wconf 86' lang='lat' dir='ltr'>voluerint</span> <span class='ocrx_word' id='word_1_12' title='bbox 488 398 759 438; x_wconf 78' lang='lat' dir='ltr'>cognoscere.</span> 
     </span>
    </p>

    <p class='ocr_par' dir='ltr' id='par_1_3' title="bbox 246 450 1753 575">
     <span class='ocr_line' id='line_1_4' title="bbox 356 450 1753 507; baseline -0.004 -13"><span class='ocrx_word' id='word_1_13' title='bbox 356 454 508 507; x_wconf 86' lang='lat' dir='ltr'>Itaque</span> <span class='ocrx_word' id='word_1_14' title='bbox 539 453 680 494; x_wconf 87' lang='lat' dir='ltr'>missis</span> <span class='ocrx_word' id='word_1_15' title='bbox 712 453 777 494; x_wconf 86' lang='lat' dir='ltr'>his</span> <span class='ocrx_word' id='word_1_16' title='bbox 808 452 892 494; x_wconf 88' lang='lat' dir='ltr'>duo</span> <span class='ocrx_word' id='word_1_17' title='bbox 926 452 1118 494; x_wconf 86' lang='lat' dir='ltr'>eiusdem</span> <span class='ocrx_word' id='word_1_18' title='bbox 1150 454 1303 505; x_wconf 88' lang='lat' dir='ltr'>poetae</span> <span class='ocrx_word' id='word_1_19' title='bbox 1350 450 1629 503; x_wconf 83' lang='lat' dir='ltr'>contemplati</span> <span class='ocrx_word' id='word_1_20' title='bbox 1661 463 1753 490; x_wconf 89' lang='lat' dir='ltr'>car-</span> 
     </span>
     <span class='ocr_line' id='line_1_5' title="bbox 246 519 1479 575; baseline -0.003 -12"><span class='ocrx_word' id='word_1_21' title='bbox 246 523 362 564; x_wconf 88' lang='lat' dir='ltr'>mina</span> <span class='ocrx_word' id='word_1_22' title='bbox 393 522 730 575; x_wconf 83' lang='lat' dir='ltr'>acquiescamus.</span> <span class='ocrx_word' id='word_1_23' title='bbox 778 535 961 574; x_wconf 85' lang='lat' dir='ltr'>quorum</span> <span class='ocrx_word' id='word_1_24' title='bbox 995 521 1115 575; x_wconf 86' lang='lat' dir='ltr'>prius</span> <span class='ocrx_word' id='word_1_25' title='bbox 1148 524 1212 561; x_wconf 87' lang='lat' dir='ltr'>est</span> <span class='ocrx_word' id='word_1_26' title='bbox 1243 519 1329 560; x_wconf 91' lang='lat' dir='ltr'>tale</span> <span class='ocrx_word' id='word_1_27' title='bbox 1362 519 1479 573; x_wconf 83' lang='lat'>[15]:</span> 
     </span>
    </p>
   </div>
   <div class='ocr_carea' id='block_1_3' title="bbox 447 599 1494 1438">
    <p class='ocr_par' dir='ltr' id='par_1_4' title="bbox 447 599 1423 816">
     <span class='ocr_line' id='line_1_6' title="bbox 448 599 1423 643; baseline -0.005 -7"><span class='ocrx_word' id='word_1_28' title='bbox 448 602 541 636; x_wconf 84' lang='lat' dir='ltr'>alme</span> <span class='ocrx_word' id='word_1_29' title='bbox 568 601 680 636; x_wconf 86' lang='lat' dir='ltr'>decus</span> <span class='ocrx_word' id='word_1_30' title='bbox 707 601 834 635; x_wconf 89' lang='lat' dir='ltr'>mundi</span> <span class='ocrx_word' id='word_1_31' title='bbox 861 612 1041 634; x_wconf 84' lang='lat' dir='ltr'>summum</span> <span class='ocrx_word' id='word_1_32' title='bbox 1067 603 1192 634; x_wconf 86' lang='lat' dir='ltr'>rector</span> <span class='ocrx_word' id='word_1_33' title='bbox 1218 600 1299 643; x_wconf 89' lang='lat' dir='ltr'>pius</span> <span class='ocrx_word' id='word_1_34' title='bbox 1326 599 1423 633; x_wconf 88' lang='lat' dir='ltr'>orbis</span> 
     </span>
     <span class='ocr_line' id='line_1_7' title="bbox 447 657 1372 703; baseline -0.004 -10"><span class='ocrx_word' id='word_1_35' title='bbox 447 659 629 703; x_wconf 88' lang='lat' dir='ltr'>Auguste,</span> <span class='ocrx_word' id='word_1_36' title='bbox 655 659 793 692; x_wconf 84' lang='lat' dir='ltr'>invicta</span> <span class='ocrx_word' id='word_1_37' title='bbox 818 658 974 702; x_wconf 87' lang='lat' dir='ltr'>populos</span> <span class='ocrx_word' id='word_1_38' title='bbox 1001 658 1137 691; x_wconf 89' lang='lat' dir='ltr'>virtute</span> <span class='ocrx_word' id='word_1_39' title='bbox 1163 657 1372 701; x_wconf 86' lang='lat' dir='ltr'>gubernans</span> 
     </span>
     <span class='ocr_line' id='line_1_8' title="bbox 449 714 1247 760; baseline -0.001 -11"><span class='ocrx_word' id='word_1_40' title='bbox 449 716 589 750; x_wconf 83' lang='lat' dir='ltr'>iustitia</span> <span class='ocrx_word' id='word_1_41' title='bbox 611 716 766 760; x_wconf 83' lang='lat' dir='ltr'>imperii,</span> <span class='ocrx_word' id='word_1_42' title='bbox 793 715 982 749; x_wconf 88' lang='lat' dir='ltr'>nationum</span> <span class='ocrx_word' id='word_1_43' title='bbox 1008 714 1247 749; x_wconf 68' lang='lat' dir='ltr'>Constantine</span> 
     </span>
     <span class='ocr_line' id='line_1_9' title="bbox 451 772 1239 816; baseline -0.003 -9"><span class='ocrx_word' id='word_1_44' title='bbox 451 773 710 807; x_wconf 85' lang='lat' dir='ltr'>effrenatarum</span> <span class='ocrx_word' id='word_1_45' title='bbox 735 772 986 806; x_wconf 78' lang='lat' dir='ltr'>moderamine</span> <span class='ocrx_word' id='word_1_46' title='bbox 1014 772 1239 816; x_wconf 82' lang='lat' dir='ltr'>pacificator,</span> 
     </span>
    </p>

    <p class='ocr_par' dir='ltr' id='par_1_5' title="bbox 450 829 1382 931">
     <span class='ocr_line' id='line_1_10' title="bbox 450 829 1382 874; baseline -0.003 -10"><span class='ocrx_word' id='word_1_47' title='bbox 450 842 559 874; x_wconf 86' lang='lat' dir='ltr'>quem</span> <span class='ocrx_word' id='word_1_48' title='bbox 585 830 688 864; x_wconf 85' lang='lat' dir='ltr'>divus</span> <span class='ocrx_word' id='word_1_49' title='bbox 712 830 841 874; x_wconf 87' lang='lat' dir='ltr'>genuit</span> <span class='ocrx_word' id='word_1_50' title='bbox 867 830 1104 864; x_wconf 66' lang='lat' dir='ltr'>Constantius</span> <span class='ocrx_word' id='word_1_51' title='bbox 1131 829 1382 873; x_wconf 71' lang='lat' dir='ltr'>induperator,</span> 
     </span>
     <span class='ocr_line' id='line_1_11' title="bbox 452 886 1295 931; baseline -0.004 -9"><span class='ocrx_word' id='word_1_52' title='bbox 452 899 562 922; x_wconf 83' lang='lat' dir='ltr'>aurea</span> <span class='ocrx_word' id='word_1_53' title='bbox 586 886 762 922; x_wconf 85' lang='lat' dir='ltr'>Romanis</span> <span class='ocrx_word' id='word_1_54' title='bbox 792 898 1000 931; x_wconf 82' lang='lat' dir='ltr'>propagans</span> <span class='ocrx_word' id='word_1_55' title='bbox 1028 886 1173 921; x_wconf 86' lang='lat' dir='ltr'>saecula</span> <span class='ocrx_word' id='word_1_56' title='bbox 1198 889 1295 928; x_wconf 66' lang='lat' dir='ltr'>nato,</span> 
     </span>
    </p>

    <p class='ocr_par' dir='ltr' id='par_1_6' title="bbox 448 941 1494 1160">
     <span class='ocr_line' id='line_1_12' title="bbox 449 941 1494 988; baseline -0.005 -9"><span class='ocrx_word' id='word_1_57' title='bbox 449 945 521 979; x_wconf 90' lang='lat' dir='ltr'>heu</span> <span class='ocrx_word' id='word_1_58' title='bbox 548 944 654 978; x_wconf 90' lang='lat' dir='ltr'>nimis</span> <span class='ocrx_word' id='word_1_59' title='bbox 680 944 725 978; x_wconf 86' lang='lat' dir='ltr'>ad</span> <span class='ocrx_word' id='word_1_60' title='bbox 751 944 892 978; x_wconf 88' lang='lat' dir='ltr'>caelum</span> <span class='ocrx_word' id='word_1_61' title='bbox 917 955 1139 988; x_wconf 84' lang='lat' dir='ltr'>properans,</span> <span class='ocrx_word' id='word_1_62' title='bbox 1166 944 1201 976; x_wconf 91' lang='lat' dir='ltr'>ni</span> <span class='ocrx_word' id='word_1_63' title='bbox 1227 944 1410 987; x_wconf 74' lang='lat' dir='ltr'>linqueret</span> <span class='ocrx_word' id='word_1_64' title='bbox 1434 941 1494 975; x_wconf 91' lang='lat' dir='ltr'>ille</span> 
     </span>
     <span class='ocr_line' id='line_1_13' title="bbox 448 1000 1487 1044; baseline -0.002 -9"><span class='ocrx_word' id='word_1_65' title='bbox 448 1005 639 1037; x_wconf 87' lang='lat' dir='ltr'>aeternum</span> <span class='ocrx_word' id='word_1_66' title='bbox 661 1001 835 1035; x_wconf 87' lang='lat' dir='ltr'>auxilium</span> <span class='ocrx_word' id='word_1_67' title='bbox 861 1001 1038 1035; x_wconf 88' lang='lat' dir='ltr'>invictum</span> <span class='ocrx_word' id='word_1_68' title='bbox 1063 1002 1274 1044; x_wconf 85' lang='lat' dir='ltr'>iustumque</span> <span class='ocrx_word' id='word_1_69' title='bbox 1302 1000 1487 1044; x_wconf 84' lang='lat' dir='ltr'>piumque,</span> 
     </span>
     <span class='ocr_line' id='line_1_14' title="bbox 450 1057 1412 1103; baseline -0.003 -10"><span class='ocrx_word' id='word_1_70' title='bbox 450 1060 544 1093; x_wconf 87' lang='lat' dir='ltr'>alme</span> <span class='ocrx_word' id='word_1_71' title='bbox 572 1062 677 1103; x_wconf 86' lang='lat' dir='ltr'>pater</span> <span class='ocrx_word' id='word_1_72' title='bbox 702 1059 854 1103; x_wconf 75' lang='lat' dir='ltr'>patriae,</span> <span class='ocrx_word' id='word_1_73' title='bbox 881 1059 986 1093; x_wconf 88' lang='lat' dir='ltr'>nobis</span> <span class='ocrx_word' id='word_1_74' title='bbox 1012 1062 1059 1101; x_wconf 78' lang='lat' dir='ltr'>te,</span> <span class='ocrx_word' id='word_1_75' title='bbox 1085 1058 1242 1092; x_wconf 84' lang='lat' dir='ltr'>maxime</span> <span class='ocrx_word' id='word_1_76' title='bbox 1268 1057 1412 1099; x_wconf 76' lang='lat' dir='ltr'>Caesar,</span> 
     </span>
     <span class='ocr_line' id='line_1_15' title="bbox 449 1115 1290 1160; baseline -0.004 -9"><span class='ocrx_word' id='word_1_77' title='bbox 449 1117 637 1151; x_wconf 83' lang='lat' dir='ltr'>Ausoniae</span> <span class='ocrx_word' id='word_1_78' title='bbox 663 1116 775 1150; x_wconf 86' lang='lat' dir='ltr'>decus</span> <span class='ocrx_word' id='word_1_79' title='bbox 803 1129 841 1159; x_wconf 81' lang='lat' dir='ltr'>o,</span> <span class='ocrx_word' id='word_1_80' title='bbox 870 1116 932 1150; x_wconf 88' lang='lat' dir='ltr'>lux</span> <span class='ocrx_word' id='word_1_81' title='bbox 958 1117 1018 1160; x_wconf 87' lang='lat' dir='ltr'>pia</span> <span class='ocrx_word' id='word_1_82' title='bbox 1043 1115 1290 1150; x_wconf 82' lang='lat' dir='ltr'>Romulidum.</span> 
     </span>
    </p>

    <p class='ocr_par' dir='ltr' id='par_1_7' title="bbox 451 1171 1477 1332">
     <span class='ocr_line' id='line_1_16' title="bbox 451 1171 1477 1218; baseline -0.004 -10"><span class='ocrx_word' id='word_1_83' title='bbox 451 1178 507 1208; x_wconf 88' lang='lat' dir='ltr'>est</span> <span class='ocrx_word' id='word_1_84' title='bbox 532 1174 708 1218; x_wconf 86' lang='lat' dir='ltr'>placitum</span> <span class='ocrx_word' id='word_1_85' title='bbox 736 1174 878 1218; x_wconf 87' lang='lat' dir='ltr'>superis</span> <span class='ocrx_word' id='word_1_86' title='bbox 904 1177 991 1208; x_wconf 89' lang='lat' dir='ltr'>tunc</span> <span class='ocrx_word' id='word_1_87' title='bbox 1018 1173 1108 1208; x_wconf 84' lang='lat' dir='ltr'>haec</span> <span class='ocrx_word' id='word_1_88' title='bbox 1135 1174 1171 1206; x_wconf 93' lang='lat' dir='ltr'>in</span> <span class='ocrx_word' id='word_1_89' title='bbox 1193 1172 1325 1217; x_wconf 87' lang='lat' dir='ltr'>gaudia</span> <span class='ocrx_word' id='word_1_90' title='bbox 1350 1171 1477 1205; x_wconf 88' lang='lat' dir='ltr'>mundi</span> 
     </span>
     <span class='ocr_line' id='line_1_17' title="bbox 451 1229 1344 1276; baseline -0.002 -11"><span class='ocrx_word' id='word_1_91' title='bbox 451 1231 641 1276; x_wconf 87' lang='lat' dir='ltr'>perpetuis</span> <span class='ocrx_word' id='word_1_92' title='bbox 665 1232 759 1266; x_wconf 87' lang='lat' dir='ltr'>bene</span> <span class='ocrx_word' id='word_1_93' title='bbox 785 1231 836 1265; x_wconf 85' lang='lat' dir='ltr'>sic</span> <span class='ocrx_word' id='word_1_94' title='bbox 862 1231 990 1275; x_wconf 86' lang='lat' dir='ltr'>partiri</span> <span class='ocrx_word' id='word_1_95' title='bbox 1016 1242 1168 1265; x_wconf 86' lang='lat' dir='ltr'>munera</span> <span class='ocrx_word' id='word_1_96' title='bbox 1194 1229 1344 1264; x_wconf 88' lang='lat' dir='ltr'>saeclis:</span> 
     </span>
     <span class='ocr_line' id='line_1_18' title="bbox 451 1288 1242 1332; baseline 0 -11"><span class='ocrx_word' id='word_1_97' title='bbox 451 1288 571 1323; x_wconf 87' lang='lat' dir='ltr'>sidera</span> <span class='ocrx_word' id='word_1_98' title='bbox 599 1288 687 1322; x_wconf 86' lang='lat' dir='ltr'>dant</span> <span class='ocrx_word' id='word_1_99' title='bbox 710 1289 807 1332; x_wconf 88' lang='lat' dir='ltr'>patri</span> <span class='ocrx_word' id='word_1_100' title='bbox 835 1291 872 1322; x_wconf 87' lang='lat' dir='ltr'>et</span> <span class='ocrx_word' id='word_1_101' title='bbox 896 1289 1010 1332; x_wconf 87' lang='lat' dir='ltr'>patris</span> <span class='ocrx_word' id='word_1_102' title='bbox 1037 1288 1242 1332; x_wconf 81' lang='lat' dir='ltr'>imperium,</span> 
     </span>
    </p>

    <p class='ocr_par' dir='ltr' id='par_1_8' title="bbox 452 1342 1476 1438">
     <span class='ocr_line' id='line_1_19' title="bbox 452 1342 1476 1390; baseline -0.004 -11"><span class='ocrx_word' id='word_1_103' title='bbox 452 1349 588 1389; x_wconf 83' lang='lat' dir='ltr'>sancte,</span> <span class='ocrx_word' id='word_1_104' title='bbox 616 1346 695 1380; x_wconf 87' lang='lat' dir='ltr'>tibi.</span> <span class='ocrx_word' id='word_1_105' title='bbox 748 1357 901 1390; x_wconf 84' lang='lat' dir='ltr'>magnae</span> <span class='ocrx_word' id='word_1_106' title='bbox 928 1345 1012 1379; x_wconf 83' lang='lat' dir='ltr'>data</span> <span class='ocrx_word' id='word_1_107' title='bbox 1038 1348 1079 1379; x_wconf 90' lang='lat' dir='ltr'>tu</span> <span class='ocrx_word' id='word_1_108' title='bbox 1103 1345 1165 1378; x_wconf 86' lang='lat' dir='ltr'>lux</span> <span class='ocrx_word' id='word_1_109' title='bbox 1191 1356 1300 1378; x_wconf 86' lang='lat' dir='ltr'>aurea</span> <span class='ocrx_word' id='word_1_110' title='bbox 1325 1342 1476 1376; x_wconf 79' lang='lat' dir='ltr'>Romae.</span> 
     </span>
     <span class='ocr_line' id='line_1_20' title="bbox 452 1402 1279 1438; baseline -0.002 -1"><span class='ocrx_word' id='word_1_111' title='bbox 452 1404 522 1438; x_wconf 87' lang='lat' dir='ltr'>ista</span> <span class='ocrx_word' id='word_1_112' title='bbox 547 1403 647 1437; x_wconf 86' lang='lat' dir='ltr'>canit</span> <span class='ocrx_word' id='word_1_113' title='bbox 672 1403 767 1437; x_wconf 87' lang='lat' dir='ltr'>ruris</span> <span class='ocrx_word' id='word_1_114' title='bbox 795 1403 863 1437; x_wconf 88' lang='lat' dir='ltr'>tibi</span> <span class='ocrx_word' id='word_1_115' title='bbox 888 1406 989 1437; x_wconf 87' lang='lat' dir='ltr'>vates</span> <span class='ocrx_word' id='word_1_116' title='bbox 1015 1402 1128 1436; x_wconf 82' lang='lat' dir='ltr'>ardua</span> <span class='ocrx_word' id='word_1_117' title='bbox 1152 1405 1279 1436; x_wconf 87' lang='lat' dir='ltr'>metra.</span> 
     </span>
    </p>
   </div>
   <div class='ocr_carea' id='block_1_4' title="bbox 246 1476 1765 2425">
    <p class='ocr_par' dir='ltr' id='par_1_9' title="bbox 246 1476 1763 1675">
     <span class='ocr_line' id='line_1_21' title="bbox 361 1476 1761 1538; baseline -0.006 -13"><span class='ocrx_word' id='word_1_118' title='bbox 361 1485 409 1526; x_wconf 91' lang='lat' dir='ltr'>In</span> <span class='ocrx_word' id='word_1_119' title='bbox 438 1484 505 1525; x_wconf 91' lang='lat' dir='ltr'>his</span> <span class='ocrx_word' id='word_1_120' title='bbox 546 1484 675 1538; x_wconf 88' lang='lat' dir='ltr'>primi</span> <span class='ocrx_word' id='word_1_121' title='bbox 718 1487 925 1537; x_wconf 89' lang='lat' dir='ltr'>quattuor</span> <span class='ocrx_word' id='word_1_122' title='bbox 956 1497 1104 1525; x_wconf 85' lang='lat' dir='ltr'>versus</span> <span class='ocrx_word' id='word_1_123' title='bbox 1142 1496 1220 1537; x_wconf 90' lang='lat' dir='ltr'>pro</span> <span class='ocrx_word' id='word_1_124' title='bbox 1263 1495 1307 1523; x_wconf 89' lang='lat' dir='ltr'>se</span> <span class='ocrx_word' id='word_1_125' title='bbox 1348 1481 1528 1535; x_wconf 86' lang='lat' dir='ltr'>quisque</span> <span class='ocrx_word' id='word_1_126' title='bbox 1568 1476 1761 1531; x_wconf 80' lang='lat' dir='ltr'>isosylla-</span> 
     </span>
     <span class='ocr_line' id='line_1_22' title="bbox 248 1547 1763 1606; baseline -0.006 -11"><span class='ocrx_word' id='word_1_127' title='bbox 248 1554 314 1595; x_wconf 88' lang='lat' dir='ltr'>bis</span> <span class='ocrx_word' id='word_1_128' title='bbox 346 1556 545 1595; x_wconf 84' lang='lat' dir='ltr'>constant</span> <span class='ocrx_word' id='word_1_129' title='bbox 575 1552 734 1604; x_wconf 75' lang='lat' dir='ltr'>verbis,</span> <span class='ocrx_word' id='word_1_130' title='bbox 779 1553 954 1606; x_wconf 88' lang='lat' dir='ltr'>quintus</span> <span class='ocrx_word' id='word_1_131' title='bbox 993 1556 1059 1594; x_wconf 88' lang='lat' dir='ltr'>est</span> <span class='ocrx_word' id='word_1_132' title='bbox 1096 1551 1362 1606; x_wconf 77' lang='lat' dir='ltr'>rhopahcus,</span> <span class='ocrx_word' id='word_1_133' title='bbox 1407 1551 1553 1591; x_wconf 82' lang='lat' dir='ltr'>sextus</span> <span class='ocrx_word' id='word_1_134' title='bbox 1585 1547 1763 1588; x_wconf 87' lang='lat' dir='ltr'>immota</span> 
     </span>
     <span class='ocr_line' id='line_1_23' title="bbox 246 1619 1418 1675; baseline -0.003 -11"><span class='ocrx_word' id='word_1_135' title='bbox 246 1625 446 1664; x_wconf 85' lang='lat' dir='ltr'>manente</span> <span class='ocrx_word' id='word_1_136' title='bbox 478 1635 581 1663; x_wconf 86' lang='lat' dir='ltr'>voce</span> <span class='ocrx_word' id='word_1_137' title='bbox 612 1621 765 1663; x_wconf 86' lang='lat' dir='ltr'>ultima</span> <span class='ocrx_word' id='word_1_138' title='bbox 796 1624 939 1675; x_wconf 87' lang='lat' dir='ltr'>potest</span> <span class='ocrx_word' id='word_1_139' title='bbox 970 1621 1130 1662; x_wconf 83' lang='lat' dir='ltr'>variari</span> <span class='ocrx_word' id='word_1_140' title='bbox 1161 1620 1228 1662; x_wconf 85' lang='lat' dir='ltr'>his</span> <span class='ocrx_word' id='word_1_141' title='bbox 1259 1619 1418 1661; x_wconf 85' lang='lat' dir='ltr'>modis:</span> 
     </span>
    </p>

    <p class='ocr_par' dir='ltr' id='par_1_10' title="bbox 454 1706 1280 1752">
     <span class='ocr_line' id='line_1_24' title="bbox 454 1706 1280 1752; baseline -0.002 -10"><span class='ocrx_word' id='word_1_142' title='bbox 454 1719 564 1742; x_wconf 87' lang='lat' dir='ltr'>aurea</span> <span class='ocrx_word' id='word_1_143' title='bbox 588 1718 797 1752; x_wconf 81' lang='lat' dir='ltr'>propagans</span> <span class='ocrx_word' id='word_1_144' title='bbox 823 1706 999 1741; x_wconf 83' lang='lat' dir='ltr'>Romanis</span> <span class='ocrx_word' id='word_1_145' title='bbox 1025 1706 1169 1741; x_wconf 85' lang='lat' dir='ltr'>saecula</span> <span class='ocrx_word' id='word_1_146' title='bbox 1194 1709 1280 1740; x_wconf 88' lang='lat' dir='ltr'>nato</span> 
     </span>
    </p>

    <p class='ocr_par' dir='ltr' id='par_1_11' title="bbox 454 1763 1289 1809">
     <span class='ocr_line' id='line_1_25' title="bbox 454 1763 1289 1809; baseline -0.004 -9"><span class='ocrx_word' id='word_1_147' title='bbox 454 1765 600 1800; x_wconf 85' lang='lat' dir='ltr'>saecula</span> <span class='ocrx_word' id='word_1_148' title='bbox 624 1776 834 1809; x_wconf 80' lang='lat' dir='ltr'>propagans</span> <span class='ocrx_word' id='word_1_149' title='bbox 862 1763 1039 1799; x_wconf 86' lang='lat' dir='ltr'>Romanis</span> <span class='ocrx_word' id='word_1_150' title='bbox 1066 1776 1176 1798; x_wconf 87' lang='lat' dir='ltr'>aurea</span> <span class='ocrx_word' id='word_1_151' title='bbox 1204 1766 1289 1798; x_wconf 85' lang='lat' dir='ltr'>nato</span> 
     </span>
    </p>

    <p class='ocr_par' dir='ltr' id='par_1_12' title="bbox 249 1821 1765 2293">
     <span class='ocr_line' id='line_1_26' title="bbox 455 1821 1301 1867; baseline -0.002 -10"><span class='ocrx_word' id='word_1_152' title='bbox 455 1822 601 1857; x_wconf 66' lang='grc'>83801113</span> <span class='ocrx_word' id='word_1_153' title='bbox 624 1821 801 1856; x_wconf 73' lang='lat' dir='ltr'>Romanis</span> <span class='ocrx_word' id='word_1_154' title='bbox 830 1834 1040 1867; x_wconf 71' lang='lat' dir='ltr'>propagans</span> <span class='ocrx_word' id='word_1_155' title='bbox 1069 1833 1179 1856; x_wconf 74' lang='lat' dir='ltr'>aurea</span> <span class='ocrx_word' id='word_1_156' title='bbox 1204 1824 1301 1855; x_wconf 61' lang='lat' dir='ltr'>nato.</span> 
     </span>
     <span class='ocr_line' id='line_1_27' title="bbox 249 1896 1761 1953; baseline -0.002 -14"><span class='ocrx_word' id='word_1_157' title='bbox 249 1899 456 1953; x_wconf 90' lang='lat' dir='ltr'>septimus</span> <span class='ocrx_word' id='word_1_158' title='bbox 487 1911 633 1939; x_wconf 88' lang='lat' dir='ltr'>omnes</span> <span class='ocrx_word' id='word_1_159' title='bbox 664 1898 708 1938; x_wconf 91' lang='lat' dir='ltr'>in</span> <span class='ocrx_word' id='word_1_160' title='bbox 740 1911 784 1939; x_wconf 90' lang='lat' dir='ltr'>se</span> <span class='ocrx_word' id='word_1_161' title='bbox 817 1897 1007 1939; x_wconf 89' lang='lat' dir='ltr'>continet</span> <span class='ocrx_word' id='word_1_162' title='bbox 1044 1900 1192 1951; x_wconf 86' lang='lat' dir='ltr'>partes</span> <span class='ocrx_word' id='word_1_163' title='bbox 1233 1896 1457 1946; x_wconf 84' lang='lat' dir='ltr'>orationis,</span> <span class='ocrx_word' id='word_1_164' title='bbox 1499 1899 1544 1936; x_wconf 90' lang='lat' dir='ltr'>at</span> <span class='ocrx_word' id='word_1_165' title='bbox 1585 1900 1761 1937; x_wconf 84' lang='lat' dir='ltr'>octavus</span> 
     </span>
     <span class='ocr_line' id='line_1_28' title="bbox 250 1963 1760 2019; baseline -0.003 -11"><span class='ocrx_word' id='word_1_166' title='bbox 250 1967 342 2009; x_wconf 90' lang='lat' dir='ltr'>sola</span> <span class='ocrx_word' id='word_1_167' title='bbox 372 1967 556 2008; x_wconf 89' lang='lat' dir='ltr'>nomina.</span> <span class='ocrx_word' id='word_1_168' title='bbox 617 1979 754 2008; x_wconf 90' lang='lat' dir='ltr'>nonus</span> <span class='ocrx_word' id='word_1_169' title='bbox 797 1966 833 2007; x_wconf 89' lang='lat' dir='ltr'>si</span> <span class='ocrx_word' id='word_1_170' title='bbox 873 1969 991 2007; x_wconf 90' lang='lat' dir='ltr'>retro</span> <span class='ocrx_word' id='word_1_171' title='bbox 1030 1966 1201 2019; x_wconf 83' lang='lat' dir='ltr'>legatur</span> <span class='ocrx_word' id='word_1_172' title='bbox 1245 1966 1375 2006; x_wconf 90' lang='lat' dir='ltr'>etiam</span> <span class='ocrx_word' id='word_1_173' title='bbox 1415 1964 1464 2005; x_wconf 84' lang='lat' dir='ltr'>fit</span> <span class='ocrx_word' id='word_1_174' title='bbox 1496 1963 1760 2013; x_wconf 83' lang='lat' dir='ltr'>hexameter,</span> 
     </span>
     <span class='ocr_line' id='line_1_29' title="bbox 251 2032 1763 2089; baseline -0.003 -12"><span class='ocrx_word' id='word_1_175' title='bbox 251 2036 441 2078; x_wconf 87' lang='lat' dir='ltr'>decimus</span> <span class='ocrx_word' id='word_1_176' title='bbox 473 2038 755 2089; x_wconf 85' lang='lat' dir='ltr'>pentameter.</span> <span class='ocrx_word' id='word_1_177' title='bbox 817 2034 967 2076; x_wconf 86' lang='lat' dir='ltr'>eadem</span> <span class='ocrx_word' id='word_1_178' title='bbox 1006 2034 1173 2075; x_wconf 89' lang='lat' dir='ltr'>ratione</span> <span class='ocrx_word' id='word_1_179' title='bbox 1210 2033 1462 2075; x_wconf 87' lang='lat' dir='ltr'>undecimus</span> <span class='ocrx_word' id='word_1_180' title='bbox 1507 2046 1559 2074; x_wconf 92' lang='lat' dir='ltr'>ex</span> <span class='ocrx_word' id='word_1_181' title='bbox 1590 2032 1763 2073; x_wconf 91' lang='lat' dir='ltr'>heroico</span> 
     </span>
     <span class='ocr_line' id='line_1_30' title="bbox 250 2101 1764 2157; baseline -0.003 -11"><span class='ocrx_word' id='word_1_182' title='bbox 250 2119 375 2146; x_wconf 88' lang='lat' dir='ltr'>versu</span> <span class='ocrx_word' id='word_1_183' title='bbox 402 2103 661 2145; x_wconf 82' lang='lat' dir='ltr'>formabitur</span> <span class='ocrx_word' id='word_1_184' title='bbox 698 2103 924 2157; x_wconf 81' lang='lat' dir='ltr'>elegiacuS.</span> <span class='ocrx_word' id='word_1_185' title='bbox 983 2117 1062 2144; x_wconf 91' lang='lat' dir='ltr'>nec</span> <span class='ocrx_word' id='word_1_186' title='bbox 1093 2103 1232 2144; x_wconf 89' lang='lat' dir='ltr'>minus</span> <span class='ocrx_word' id='word_1_187' title='bbox 1264 2101 1542 2143; x_wconf 86' lang='lat' dir='ltr'>duodecimus</span> <span class='ocrx_word' id='word_1_188' title='bbox 1574 2115 1669 2142; x_wconf 88' lang='lat' dir='ltr'>cum</span> <span class='ocrx_word' id='word_1_189' title='bbox 1701 2113 1764 2141; x_wconf 88' lang='lat' dir='ltr'>se-</span> 
     </span>
     <span class='ocr_line' id='line_1_31' title="bbox 252 2169 1765 2227; baseline -0.003 -13"><span class='ocrx_word' id='word_1_190' title='bbox 252 2176 409 2227; x_wconf 87' lang='lat' dir='ltr'>quente</span> <span class='ocrx_word' id='word_1_191' title='bbox 442 2172 635 2214; x_wconf 89' lang='lat' dir='ltr'>efficiunt</span> <span class='ocrx_word' id='word_1_192' title='bbox 666 2172 794 2214; x_wconf 88' lang='lat' dir='ltr'>etiam</span> <span class='ocrx_word' id='word_1_193' title='bbox 827 2172 1053 2223; x_wconf 87' lang='lat' dir='ltr'>distichon,</span> <span class='ocrx_word' id='word_1_194' title='bbox 1087 2171 1270 2225; x_wconf 84' lang='lat' dir='ltr'>denique</span> <span class='ocrx_word' id='word_1_195' title='bbox 1301 2171 1363 2212; x_wconf 88' lang='lat' dir='ltr'>ita</span> <span class='ocrx_word' id='word_1_196' title='bbox 1394 2184 1419 2212; x_wconf 89' lang='lat' dir='ltr'>a</span> <span class='ocrx_word' id='word_1_197' title='bbox 1440 2170 1522 2211; x_wconf 89' lang='lat' dir='ltr'>fine</span> <span class='ocrx_word' id='word_1_198' title='bbox 1544 2169 1765 2224; x_wconf 88' lang='lat' dir='ltr'>proximus</span> 
     </span>
     <span class='ocr_line' id='line_1_32' title="bbox 254 2237 1763 2293; baseline -0.003 -10"><span class='ocrx_word' id='word_1_199' title='bbox 254 2246 297 2283; x_wconf 84' lang='lat' dir='ltr'>et</span> <span class='ocrx_word' id='word_1_200' title='bbox 326 2242 503 2283; x_wconf 86' lang='lat' dir='ltr'>ultimus</span> <span class='ocrx_word' id='word_1_201' title='bbox 534 2240 643 2282; x_wconf 88' lang='lat' dir='ltr'>fiunt</span> <span class='ocrx_word' id='word_1_202' title='bbox 675 2240 869 2283; x_wconf 87' lang='lat' dir='ltr'>sotadici.</span> <span class='ocrx_word' id='word_1_203' title='bbox 901 2266 956 2271; x_wconf 83' lang='lat'>—</span> <span class='ocrx_word' id='word_1_204' title='bbox 997 2245 1042 2282; x_wconf 89' lang='lat' dir='ltr'>at</span> <span class='ocrx_word' id='word_1_205' title='bbox 1084 2241 1266 2282; x_wconf 85' lang='lat' dir='ltr'>alterum</span> <span class='ocrx_word' id='word_1_206' title='bbox 1307 2253 1461 2293; x_wconf 87' lang='lat' dir='ltr'>poema</span> <span class='ocrx_word' id='word_1_207' title='bbox 1487 2239 1618 2280; x_wconf 87' lang='lat' dir='ltr'>talest</span> <span class='ocrx_word' id='word_1_208' title='bbox 1650 2237 1763 2292; x_wconf 81' lang='lat'>[25]:</span> 
     </span>
    </p>

    <p class='ocr_par' dir='ltr' id='par_1_13' title="bbox 458 2331 1316 2377">
     <span class='ocr_line' id='line_1_33' title="bbox 458 2331 1316 2377; baseline -0.001 -11"><span class='ocrx_word' id='word_1_209' title='bbox 458 2332 572 2367; x_wconf 86' lang='lat' dir='ltr'>ardua</span> <span class='ocrx_word' id='word_1_210' title='bbox 597 2336 814 2377; x_wconf 86' lang='lat' dir='ltr'>conponunt</span> <span class='ocrx_word' id='word_1_211' title='bbox 839 2332 964 2367; x_wconf 87' lang='lat' dir='ltr'>felices</span> <span class='ocrx_word' id='word_1_212' title='bbox 991 2332 1152 2366; x_wconf 87' lang='lat' dir='ltr'>carmina</span> <span class='ocrx_word' id='word_1_213' title='bbox 1177 2331 1316 2366; x_wconf 86' lang='lat' dir='ltr'>Musae.</span> 
     </span>
    </p>

    <p class='ocr_par' dir='ltr' id='par_1_14' title="bbox 460 2389 1331 2425">
     <span class='ocr_line' id='line_1_34' title="bbox 460 2389 1331 2425; baseline -0.002 -1"><span class='ocrx_word' id='word_1_214' title='bbox 460 2390 607 2425; x_wconf 86' lang='lat' dir='ltr'>dissona</span> <span class='ocrx_word' id='word_1_215' title='bbox 632 2393 834 2424; x_wconf 85' lang='lat' dir='ltr'>conectunt</span> <span class='ocrx_word' id='word_1_216' title='bbox 859 2389 1009 2424; x_wconf 86' lang='lat' dir='ltr'>diversis</span> <span class='ocrx_word' id='word_1_217' title='bbox 1034 2389 1180 2424; x_wconf 90' lang='lat' dir='ltr'>vincula</span> <span class='ocrx_word' id='word_1_218' title='bbox 1204 2389 1331 2423; x_wconf 85' lang='lat' dir='ltr'>metris</span> 
     </span>
    </p>
   </div>
   <div class='ocr_carea' id='block_1_5' title="bbox 459 2447 1407 2549">
    <p class='ocr_par' dir='ltr' id='par_1_15' title="bbox 459 2447 1407 2549">
     <span class='ocr_line' id='line_1_35' title="bbox 460 2447 1407 2492; baseline -0.003 -10"><span class='ocrx_word' id='word_1_219' title='bbox 460 2459 616 2492; x_wconf 87' lang='lat' dir='ltr'>scrupea</span> <span class='ocrx_word' id='word_1_220' title='bbox 641 2450 855 2492; x_wconf 83' lang='lat' dir='ltr'>pangentes,</span> <span class='ocrx_word' id='word_1_221' title='bbox 881 2450 1096 2491; x_wconf 85' lang='lat' dir='ltr'>torquentes</span> <span class='ocrx_word' id='word_1_222' title='bbox 1122 2447 1271 2491; x_wconf 84' lang='lat' dir='ltr'>pectine</span> <span class='ocrx_word' id='word_1_223' title='bbox 1296 2448 1407 2480; x_wconf 87' lang='lat' dir='ltr'>vates.</span> 
     </span>
     <span class='ocr_line' id='line_1_36' title="bbox 459 2503 1379 2549; baseline -0.002 -11"><span class='ocrx_word' id='word_1_224' title='bbox 459 2504 621 2549; x_wconf 86' lang='lat' dir='ltr'>undique</span> <span class='ocrx_word' id='word_1_225' title='bbox 646 2504 807 2539; x_wconf 85' lang='lat' dir='ltr'>confusis</span> <span class='ocrx_word' id='word_1_226' title='bbox 834 2505 1057 2539; x_wconf 84' lang='lat' dir='ltr'>constabunt</span> <span class='ocrx_word' id='word_1_227' title='bbox 1081 2504 1224 2548; x_wconf 82' lang='lat' dir='ltr'>singula</span> <span class='ocrx_word' id='word_1_228' title='bbox 1247 2503 1379 2537; x_wconf 86' lang='lat' dir='ltr'>verbis.</span> 
     </span>
    </p>
   </div>
   <div class='ocr_carea' id='block_1_6' title="bbox 253 2580 1767 2982">
    <p class='ocr_par' dir='ltr' id='par_1_16' title="bbox 253 2580 1767 2982">
     <span class='ocr_line' id='line_1_37' title="bbox 253 2580 1765 2639; baseline -0.004 -12"><span class='ocrx_word' id='word_1_229' title='bbox 253 2586 296 2627; x_wconf 86' lang='lat' dir='ltr'>in</span> <span class='ocrx_word' id='word_1_230' title='bbox 318 2585 385 2627; x_wconf 90' lang='lat' dir='ltr'>his</span> <span class='ocrx_word' id='word_1_231' title='bbox 406 2589 605 2627; x_wconf 80' lang='lat' dir='ltr'>manente</span> <span class='ocrx_word' id='word_1_232' title='bbox 627 2585 780 2627; x_wconf 87' lang='lat' dir='ltr'>ultima</span> <span class='ocrx_word' id='word_1_233' title='bbox 800 2589 926 2639; x_wconf 88' lang='lat' dir='ltr'>parte</span> <span class='ocrx_word' id='word_1_234' title='bbox 948 2585 1299 2626; x_wconf 86' lang='lat' dir='ltr'>hexametrorum</span> <span class='ocrx_word' id='word_1_235' title='bbox 1320 2584 1383 2624; x_wconf 86' lang='lat' dir='ltr'>ita</span> <span class='ocrx_word' id='word_1_236' title='bbox 1404 2584 1585 2636; x_wconf 89' lang='lat' dir='ltr'>possunt</span> <span class='ocrx_word' id='word_1_237' title='bbox 1605 2580 1765 2622; x_wconf 89' lang='lat' dir='ltr'>variari</span> 
     </span>
     <span class='ocr_line' id='line_1_38' title="bbox 254 2649 1765 2709; baseline -0.005 -13"><span class='ocrx_word' id='word_1_238' title='bbox 254 2655 394 2709; x_wconf 87' lang='lat' dir='ltr'>prima</span> <span class='ocrx_word' id='word_1_239' title='bbox 425 2653 558 2695; x_wconf 82' lang='lat' dir='ltr'>verba</span> <span class='ocrx_word' id='word_1_240' title='bbox 589 2667 685 2695; x_wconf 88' lang='lat' dir='ltr'>cum</span> <span class='ocrx_word' id='word_1_241' title='bbox 717 2654 883 2707; x_wconf 86' lang='lat' dir='ltr'>quartis</span> <span class='ocrx_word' id='word_1_242' title='bbox 917 2657 959 2695; x_wconf 89' lang='lat' dir='ltr'>et</span> <span class='ocrx_word' id='word_1_243' title='bbox 990 2653 1178 2695; x_wconf 82' lang='lat' dir='ltr'>secunda</span> <span class='ocrx_word' id='word_1_244' title='bbox 1201 2667 1296 2694; x_wconf 87' lang='lat' dir='ltr'>cum</span> <span class='ocrx_word' id='word_1_245' title='bbox 1318 2651 1458 2693; x_wconf 88' lang='lat' dir='ltr'>tertiis</span> <span class='ocrx_word' id='word_1_246' title='bbox 1479 2649 1765 2704; x_wconf 86' lang='lat' dir='ltr'>permutando</span> 
     </span>
     <span class='ocr_line' id='line_1_39' title="bbox 255 2718 1767 2777; baseline -0.004 -13"><span class='ocrx_word' id='word_1_247' title='bbox 255 2722 651 2777; x_wconf 86' lang='lat' dir='ltr'>permiscendoque,</span> <span class='ocrx_word' id='word_1_248' title='bbox 675 2736 696 2763; x_wconf 96' lang='lat' dir='ltr'>e</span> <span class='ocrx_word' id='word_1_249' title='bbox 719 2725 925 2775; x_wconf 87' lang='lat' dir='ltr'>quattuor</span> <span class='ocrx_word' id='word_1_250' title='bbox 947 2722 1141 2764; x_wconf 85' lang='lat' dir='ltr'>versibus</span> <span class='ocrx_word' id='word_1_251' title='bbox 1163 2725 1211 2763; x_wconf 89' lang='lat' dir='ltr'>ut</span> <span class='ocrx_word' id='word_1_252' title='bbox 1232 2721 1440 2769; x_wconf 78' lang='lat' dir='ltr'>oriantur,</span> <span class='ocrx_word' id='word_1_253' title='bbox 1463 2723 1511 2760; x_wconf 89' lang='lat' dir='ltr'>ut</span> <span class='ocrx_word' id='word_1_254' title='bbox 1533 2718 1767 2760; x_wconf 85' lang='lat' dir='ltr'>scholiasta</span> 
     </span>
     <span class='ocr_line' id='line_1_40' title="bbox 257 2786 1766 2845; baseline -0.004 -13"><span class='ocrx_word' id='word_1_255' title='bbox 257 2791 465 2843; x_wconf 86' lang='lat' dir='ltr'>affirmat,</span> <span class='ocrx_word' id='word_1_256' title='bbox 506 2791 588 2832; x_wconf 87' lang='lat' dir='ltr'>nisi</span> <span class='ocrx_word' id='word_1_257' title='bbox 620 2794 868 2845; x_wconf 88' lang='lat' dir='ltr'>corruptast</span> <span class='ocrx_word' id='word_1_258' title='bbox 898 2790 1046 2843; x_wconf 75' lang='lat' dir='ltr'>lectio,</span> <span class='ocrx_word' id='word_1_259' title='bbox 1077 2790 1308 2832; x_wconf 86' lang='lat' dir='ltr'>LXXXIV.</span> <span class='ocrx_word' id='word_1_260' title='bbox 1368 2789 1411 2829; x_wconf 89' lang='lat' dir='ltr'>in</span> <span class='ocrx_word' id='word_1_261' title='bbox 1447 2786 1766 2841; x_wconf 86' lang='lat' dir='ltr'>exemplaribus</span> 
     </span>
     <span class='ocr_line' id='line_1_41' title="bbox 257 2855 1766 2914; baseline -0.003 -14"><span class='ocrx_word' id='word_1_262' title='bbox 257 2860 441 2914; x_wconf 82' lang='lat' dir='ltr'>Porfyrii</span> <span class='ocrx_word' id='word_1_263' title='bbox 472 2859 631 2900; x_wconf 83' lang='lat' dir='ltr'>LXXII</span> <span class='ocrx_word' id='word_1_264' title='bbox 662 2860 831 2901; x_wconf 89' lang='lat' dir='ltr'>omnino</span> <span class='ocrx_word' id='word_1_265' title='bbox 871 2859 1137 2900; x_wconf 86' lang='lat' dir='ltr'>exhibentur.</span> <span class='ocrx_word' id='word_1_266' title='bbox 1201 2858 1273 2900; x_wconf 84' lang='lat' dir='ltr'>sed</span> <span class='ocrx_word' id='word_1_267' title='bbox 1302 2872 1428 2912; x_wconf 86' lang='lat' dir='ltr'>posse</span> <span class='ocrx_word' id='word_1_268' title='bbox 1461 2857 1589 2898; x_wconf 88' lang='lat' dir='ltr'>etiam</span> <span class='ocrx_word' id='word_1_269' title='bbox 1622 2855 1766 2909; x_wconf 85' lang='lat' dir='ltr'>plures</span> 
     </span>
     <span class='ocr_line' id='line_1_42' title="bbox 257 2928 1230 2982; baseline -0.001 -13"><span class='ocrx_word' id='word_1_270' title='bbox 257 2928 369 2969; x_wconf 86' lang='lat' dir='ltr'>effici</span> <span class='ocrx_word' id='word_1_271' title='bbox 399 2932 634 2982; x_wconf 78' lang='lat' dir='ltr'>agnoscent</span> <span class='ocrx_word' id='word_1_272' title='bbox 665 2929 727 2969; x_wconf 90' lang='lat' dir='ltr'>rei</span> <span class='ocrx_word' id='word_1_273' title='bbox 759 2928 1058 2970; x_wconf 84' lang='lat' dir='ltr'>arithmeticae</span> <span class='ocrx_word' id='word_1_274' title='bbox 1089 2928 1230 2982; x_wconf 83' lang='lat' dir='ltr'>periti.</span> 
     </span>
    </p>
   </div>
  </div>
 </body>
</html>
