1898 3292
246 195 328 233 544
862 201 1100 227 opvschvM
1119 202 1140 226 1.

244 305 356 346 idem
392 303 507 358 apud
539 302 719 345 eundem
752 317 781 343 s.
815 317 850 343 V.
890 300 1107 343 ‘trossuli'
1145 302 1229 356 [49‚
1263 303 1325 357 1]:

863 376 958 409 nunc
985 376 1110 410 emunt
1135 376 1285 410 trossuli

531 434 645 468 nardo
672 433 775 467 nitidi
800 433 940 467 talento
966 421 1097 467 Attico
1122 433 1233 477 volgo
1262 432 1388 476 ecfim3

244 507 286 544 et
315 503 358 544 in
392 503 656 543 Parmenone
687 516 717 543 s.
751 517 785 542 v.
825 499 1015 542 ‘cedere’
1053 501 1167 555 [251‚
1202 502 1296 555 11]:

519 581 618 615 cedit
640 580 831 616 velocibus
855 580 987 615 iuveni*
1012 582 1186 615 membris
1213 581 1311 623 levis⁷

517 638 653 672 nitidus
679 639 773 672 oleo.

243 722 354 762 quae
386 708 421 748 si
453 710 569 749 recte
598 710 698 749 sunt
729 706 965 748 constituta
996 706 1039 747 in
1072 707 1257 748 editione
1290 710 1436 747 nostra
1474 707 1589 759 (nam
1623 720 1751 759 quae—

243 777 342 818 dam
383 790 408 817 a
447 775 657 817 librorum
687 775 912 816 memoria
958 775 1163 828 diversa),
1211 779 1411 828 apparet,
1459 778 1506 815 ut
1550 789 1629 828 par
1675 779 1751 823 est,

243 845 479 899 spondeum
501 857 585 885 non
617 843 849 884 admissum
882 842 963 883 nisi
990 843 1095 883 locis
1126 842 1376 896 imparibus.
1423 843 1496 883 sed
1528 843 1569 883 in
1603 843 1752 884 eadem

242 917 392 955 satura
435 912 668 966 descriptio
709 925 833 952 mane
872 911 914 951 in
958 911 1106 951 silvani
1149 911 1416 952 tendentium
1458 915 1499 952 et
1537 911 1596 952 ibi
1637 912 1753 965 ligna

242 982 511 1023 caedentium
555 980 767 1022 continuis
799 979 968 1021 videtur
1011 984 1209 1020 constare
1251 977 1432 1020 creticis,
1496 983 1610 1021 certe
1651 994 1752 1034 pars

241 1065 389 1092 eorum
432 1050 549 1092 nullo
590 1053 717 1104 pacto
759 1049 852 1102 cogi
881 1051 1025 1103 potest
1054 1049 1096 1089 in
1128 1052 1416 1090 tetrametros.
1479 1052 1578 1089 sunt
1610 1052 1751 1089 autem

240 1120 348 1161 haec
394 1119 520 1174 [Non.
556 1121 648 1169 193⁷
682 1123 726 1169 53
770 1121 836 1166 86,
874 1120 944 1169 13;
989 1121 1054 1163 79,
1087 1120 1161 1168 213
1203 1120 1298 1167 486,
1331 1120 1374 1169 93
1420 1120 1511 1168 152,
1547 1120 1619 1168 103
1661 1120 1752 1167 178,

243 1193 319 1240 303
352 1193 448 1239 494,
480 1188 574 1243 26]:

390 1267 420 1302 I.
448 1270 574 1302 cantus
602 1270 620 1301 e
647 1266 777 1301 fronde
803 1267 856 1300 uti
884 1276 966 1299 cum
992 1265 1163 1309 inrigavit
1191 1267 1317 1298 cavata
1343 1264 1485 1299 aurium
1519 1265 1680 1299 anfracta
1716 1265 1752 1297 in

447 1325 572 1358 silvam
598 1329 745 1358 vocans.

368 1381 421 1415 ΙΙ.
447 1382 504 1415 ali⁷
530 1381 708 1415 caballum
736 1381 877 1414 arboris
903 1384 1004 1413 ramo
1025 1380 1060 1412 in
1083 1379 1182 1412 simili
1204 1378 1404 1423 adligatum
1427 1379 1607 1423 relinquit,
1634 1380 1752 1412 ferens

447 1439 602 1472 ferream
627 1437 756 1472 umero
783 1438 971 1481 bipinnem
998 1436 1176 1470 securem.

347 1495 422 1530 ΙΙΙ.
449 1495 616 1530 caeditur
639 1496 737 1530 lotos
764 1495 874 1537 alma3
899 1494 973 1528 alta
997 1493 1073 1527 fros
1100 1493 1238 1527 decidit
1252 1493 1426 1536 Palladis3
1451 1493 1611 1537 platanu'
1634 1495 1751 1527 ramis.

354 1553 422 1587 IV.
449 1552 505 1587 ali⁷
532 1553 703 1586 tenellam
729 1552 889 1587 abietem
914 1550 1005 1584 solu’
1032 1551 1211 1595 percellit.

379 1609 425 1644 V.
451 1610 524 1644 alta
548 1613 650 1654 traps
676 1610 803 1654 pronis
829 1610 864 1641 in
892 1608 1043 1641 humum
1079 1607 1250 1642 accidens
1287 1610 1490 1652 proxumae
1528 1607 1664 1650 frangit
1697 1611 1751 1641 ra-

447 1672 528 1701 mos
555 1666 730 1712 [cadens]

242 1735 527 1776 conferendus
557 1739 702 1776 tamen
732 1735 891 1788 ubique
926 1734 1258 1776 commentarius
1290 1733 1520 1775 Nonianus.

356 1804 590 1845 Praeterea
630 1803 768 1845 Varro
809 1804 851 1844 in
897 1803 1090 1844 dimetris
1137 1802 1424 1855 anapaesticis
1465 1801 1634 1843 videtur
1676 1800 1751 1841 ali-

241 1872 344 1925 quid
378 1872 459 1913 sibi
488 1872 687 1913 licentiae
721 1886 746 1913 a
775 1873 1041 1913 tetrametris
1073 1871 1401 1925 aristophaneis,
1434 1870 1590 1924 quibus
1622 1869 1749 1910 etiam

241 1941 390 1992 utitur,
420 1940 586 1981 alienae
618 1940 865 1994 permisisse
898 1944 941 1982 et
972 1940 1186 1982 solvendis
1218 1938 1388 1980 arsibus
1420 1943 1463 1980 et
1493 1938 1682 1992 spondeo
1708 1938 1751 1978 in

239 2008 504 2062 paenultimo
531 2009 626 2049 loco
658 2009 921 2063 paroemiaci
951 2008 1166 2063 ponendO‚
1208 2008 1339 2049 veluti
1371 2007 1411 2048 in
1447 2008 1752 2061 Cosmotoryne

239 2076 375 2118 habes
405 2076 513 2118 haec
543 2078 630 2132 [l]:

515 2149 691 2196 Phrygio,
718 2152 779 2195 qui
805 2151 972 2196 pulvinar
999 2154 1147 2196 poterat

515 2208 678 2252 pingere,
704 2208 814 2242 soliar
838 2208 1061 2252 defugiebat.

242 2280 285 2317 et
315 2272 498 2317 Laevius
531 2277 691 2317 amavit
720 2276 905 2317 solutam
937 2277 1075 2317 arsin:

516 2360 673 2400 corpore
700 2358 926 2400 pectoreque
953 2355 1113 2399 undique
1140 2356 1252 2389 obeso
1281 2354 1350 2399 [ac]

515 2415 639 2447 mente
666 2415 818 2446 exsensa
841 2412 1098 2457 tardigenuclo

515 2470 616 2504 senio
643 2470 871 2514 obpressum.

241 2539 354 2580 idem
388 2539 524 2580 Varro
552 2538 711 2579 ibidem
744 2539 828 2593 [5]:

516 2616 667 2652 munera
692 2617 778 2652 belli
804 2620 845 2651 ut
865 2618 1103 2661 praestarem.

239 2687 351 2728 idem
384 2691 538 2730 Γνῶθι
569 2685 735 2729 σαυτόν
766 2686 852 2740 [4]:

515 2766 696 2810 sanquine
722 2767 818 2799 rivos
846 2765 1034 2808 conpleret.

239 2834 352 2876 idem
381 2835 686 2889 Cosmotoryne
718 2834 805 2889 [8]:

516 2926 663 2948 suavem
688 2914 732 2948 ad
758 2915 915 2958 patriam
936 2914 1116 2957 perdiscit.
