1898 3292
766 252 886 277 LIBER
904 251 1060 277 PRIMVS.
1614 243 1665 284 63

275 356 509 397 Praeterea
538 355 651 396 idem
685 354 798 408 quod
832 354 880 394 D.
904 354 1024 395 Iunio
1051 353 1185 394 Bruto
1218 353 1486 407 gratificatus
1518 367 1661 394 monu-

160 428 305 466 menta
346 424 559 478 quaedam
600 423 876 465 victoriarum
918 422 1215 475 honorumque
1255 422 1345 463 eius
1386 422 1543 462 dicitur
1574 436 1665 463 ver-

161 494 279 535 sibus
313 506 543 535 exornasse
574 492 778 534 saturniis
812 490 880 546 [cf.
914 491 977 532 ed.
1000 491 1101 532 Luc.
1131 504 1200 544 pg.
1225 491 1343 544 311],
1374 504 1459 531 non
1491 494 1556 531 est
1592 504 1664 531 cur

161 563 378 603 existimes
410 561 751 614 antiquariorum
784 559 871 600 ritu
902 559 956 600 ad
989 559 1234 601 Faunorum
1276 562 1507 612 vatumque
1547 573 1666 600 revo-

159 631 298 672 lutum
328 630 491 684 placita
520 630 722 680 metrica,
762 642 787 669 a
819 627 974 681 quibus
1006 628 1098 681 ipse
1133 627 1311 681 perinde
1344 630 1475 680 atque
1505 628 1667 669 amicus

160 700 251 741 eius
297 699 379 740 fuit
423 699 722 740 alienissimus.
797 710 948 751 nempe
1000 696 1071 737 hic
1121 710 1217 737 cum
1268 699 1461 737 veterum
1512 697 1666 737 ducum

162 769 452 809 Romanorum
474 780 605 818 more,
635 767 707 820 qui
739 766 927 807 nondum
960 769 1054 806 erat
1086 765 1256 806 omnino
1289 764 1489 816 abolitus,
1518 766 1668 807 titulos

162 850 262 878 suos
294 836 490 878 versibus
522 836 650 876 vellet
680 835 891 876 celebrari
927 834 1150 885 saturniis,
1193 834 1365 875 videtur
1407 837 1557 875 auctor
1598 849 1669 875 ex-

159 906 298 947 titisse
322 905 450 946 Accio
474 903 709 958 quaerendi
741 903 906 944 dehoc
926 916 1117 953 numero,
1151 904 1270 943 0111113
1293 916 1395 943 113113
1416 916 1553 955 paene
1577 907 1671 943 erat

159 975 481 1024 intermortuus,
522 972 832 1027 promcndique
862 972 904 1012 in
938 971 1243 1022 Didascalicis,
1283 975 1404 1025 puto,
1447 985 1514 1022 ea,
1559 985 1669 1025 quae

159 1057 258 1084 mox
278 1056 356 1097 per
374 1042 611 1084 Varronem
627 1042 670 1082 111
692 1041 981 1082 recentiorum
1005 1040 1386 1094 grammaticorum
1407 1041 1673 1081 transierunt

160 1111 420 1153 adversaria.
461 1115 592 1165 atque
625 1124 860 1164 congruum
882 1123 1059 1163 prorsus
1090 1108 1332 1150 rationibus
1354 1109 1436 1150 fuit
1464 1109 1566 1160 31113,
1599 1109 1672 1162 qui

159 1180 320 1234 ubique
362 1180 405 1221 in
447 1179 709 1222 carminibus
739 1179 1005 1220 Graecorum
1043 1177 1232 1219 studium
1264 1178 1496 1219 maximum
1531 1178 1671 1219 decla-

161 1250 291 1300 ravit,
338 1249 453 1302 quod
493 1263 662 1290 versum
702 1262 727 1289 a
768 1248 933 1289 Latinis
972 1248 1193 1288 inventum
1232 1261 1258 1287 a
1301 1246 1480 1288 Graecis
1526 1247 1671 1288 existi-

160 1318 293 1359 mavit
324 1317 605 1371 repetendum
630 1307 835 1371 exemplis
868 1315 938 1371 [cf.
960 1316 986 1356 l.
1010 1315 1061 1357 de
1084 1316 1278 1356 saturnio
1301 1329 1426 1357 versu
1448 1329 1516 1369 pg.
1536 1320 1560 1358 8
1579 1316 1671 1370 sq.].

160 1413 216 1418 —
246 1401 343 1429 nam
377 1386 559 1428 eundem
593 1386 770 1427 Graecis
802 1385 981 1426 liberius
1015 1384 1213 1425 admissis
1250 1384 1451 1425 finalibus
1494 1385 1552 1438 (in
1587 1397 1673 1437 qua

160 1470 206 1497 re
229 1457 268 1497 ei
290 1455 488 1497 convenit
509 1469 604 1496 cum
627 1454 809 1508 Lucilio)
842 1457 885 1494 et
905 1453 1068 1495 maiore
1100 1453 1327 1494 rhetoricis
1360 1453 1567 1504 artificiis,
1597 1467 1673 1493 seu

159 1525 398 1578 praestigia
441 1524 583 1566 dicere
619 1523 845 1574 malueris,
889 1535 1091 1563 concesso
1136 1522 1276 1575 spatio
1317 1521 1502 1575 primum
1542 1522 1671 1562 inisse

161 1607 234 1635 eas
276 1593 380 1644 vias,
425 1607 532 1646 quas
574 1592 720 1634 multis
762 1592 884 1633 annis
930 1595 1029 1646 post
1057 1590 1251 1633 Catullus
1295 1594 1337 1631 et
1384 1591 1529 1642 amici,
1574 1604 1672 1631 mox

159 1665 313 1716 poetae
347 1664 539 1715 Augusto
573 1660 778 1714 aequales
808 1663 1051 1711 tenuerunt,
1084 1660 1189 1701 satis
1221 1663 1380 1701 notum.

276 1742 400 1798 Circa
438 1741 551 1783 idem
597 1745 766 1795 tempus
807 1740 888 1782 fuit
928 1741 1101 1792 Sueius,
1145 1753 1271 1793 quem
1315 1753 1408 1780 cum
1453 1753 1505 1780 ex
1544 1739 1671 1793 longo

166 1814 340 1853 veterno
390 1810 723 1852 resuscitassent
773 1809 820 1851 O.
861 1809 1118 1861 Muellerus,
1169 1809 1238 1850 Fr.
1280 1808 1566 1859 Ritschelius,
1617 1807 1670 1849 M.

162 1880 373 1930 Hertzius,
404 1892 503 1920 mox
532 1893 631 1920 vero
660 1879 830 1920 nomine
862 1879 1141 1920 donassemus
1172 1892 1270 1928 nos,
1302 1891 1355 1918 113
1385 1891 1534 1918 rursus
1566 1876 1673 1918 obli-

162 1949 288 1990 vione
319 1951 606 2002 premeretur,
648 1948 813 2002 placuit
854 1947 967 1988 adici
995 1947 1160 1988 Lucilio
1192 1950 1351 1988 nostro.
1413 1946 1529 2000 apud
1560 1945 1674 1986 hunc

160 2018 293 2070 igitur
323 2017 597 2058 inveniuntur
628 2020 670 2057 et
698 2016 938 2057 hexametri
977 2016 1179 2070 dactylici
1219 2019 1261 2056 et
1291 2014 1501 2056 trochaici
1533 2018 1674 2068 septe-

161 2086 273 2126 narii
303 2085 547 2138 senariique
579 2084 765 2126 iambici.
799 2109 856 2115 —-
898 2084 1081 2137 denique
1113 2084 1239 2125 Marii
1270 2087 1464 2137 tempore
1496 2083 1673 2124 Porcius

162 2154 335 2195 Licinus
367 2154 581 2195 amatoria
613 2153 805 2194 carmina
835 2156 972 2194 metro
1005 2152 1212 2207 elegiaco,
1254 2152 1411 2194 librum
1450 2152 1501 2193 de
1533 2152 1674 2206 poetis

162 2223 427 2264 tetrametris
457 2222 690 2263 trochaicis
722 2222 974 2276 composuit.

278 2303 332 2344 I-li
373 2302 515 2343 cuncti
555 2306 604 2344 ut
644 2302 865 2356 paucitate
896 2304 1144 2352 metrorum,
1175 2301 1237 2342 ita
1266 2301 1395 2341 limae
1425 2299 1568 2341 studio
1603 2313 1673 2340 ex-

165 2375 290 2426 cepta
322 2370 507 2412 elidendi
544 2371 758 2425 parcitate
801 2370 903 2424 quin
932 2370 1088 2411 imitati
1132 2369 1217 2411 sint
1258 2369 1441 2410 Ennium
1483 2382 1567 2409 non
1611 2371 1675 2409 est

164 2441 364 2491 dubium,
398 2453 658 2493 quamquam
690 2439 845 2480 merita
876 2452 1022 2479 eorum
1054 2441 1233 2492 propter
1263 2438 1527 2491 paucitatem
1559 2437 1674 2490 frag-

163 2512 404 2550 mentorum
436 2522 520 2549 non
551 2508 730 2562 perinde
761 2508 979 2561 plerisque
1001 2508 1225 2547 innotuere
1249 2506 1485 2547 doctorum.
1538 2519 1672 2558 quare

163 2577 262 2618 falsi
294 2580 393 2618 sunt
420 2580 464 2618 et
485 2576 601 2630 digni
624 2576 968 2630 reprehensione,
1002 2576 1075 2629 qui
1097 2575 1222 2616 Ennii
1246 2578 1288 2616 et
1310 2577 1549 2615 ceterorum
1573 2573 1673 2614 dac-

163 2645 316 2699 tylicos
343 2658 543 2686 numeros
567 2645 703 2686 omnis
726 2645 894 2698 generis
917 2644 1139 2686 abundare
1162 2643 1337 2684 licentia
1359 2642 1672 2691 existimarunt,

163 2714 331 2754 italicos
375 2716 517 2754 autem
545 2727 712 2754 ,versus
757 2727 841 2754 non
886 2712 1141 2754 dubitarunt
1183 2711 1239 2752 ad
1278 2711 1420 2752 Plauti
1470 2723 1673 2751 revocare

165 2781 373 2823 modulos.

280 2861 370 2902 Iam
403 2861 457 2902 ad
480 2874 655 2902 auream
677 2861 920 2902 litterarum
944 2860 1194 2901 Latinarum
1218 2858 1449 2900 transimus
1472 2860 1673 2909 aetatem,

167 2943 278 2983 quae
325 2930 569 2970 continetur
611 2929 782 2970 saeculo
828 2929 940 2970 inter
981 2928 1125 2970 Sullae
1165 2930 1344 2968 mortem
1392 2929 1435 2967 et
1478 2927 1671 2980 Augusti.
