<?xml version="1.0" encoding="UTF-8"?>
<!DOCTYPE html PUBLIC "-//W3C//DTD XHTML 1.0 Transitional//EN"
    "http://www.w3.org/TR/xhtml1/DTD/xhtml1-transitional.dtd">
<html xmlns="http://www.w3.org/1999/xhtml" xml:lang="en" lang="en">
 <head>
  <title>
</title>
<meta http-equiv="Content-Type" content="text/html;charset=utf-8" />
  <meta name='ocr-system' content='tesseract 3.04.00' />
  <meta name='ocr-capabilities' content='ocr_page ocr_carea ocr_par ocr_line ocrx_word'/>
</head>
<body>
  <div class='ocr_page' id='page_1' title='image "./deremetricapoeta00mluoft_0308.png"; bbox 0 0 1898 3292; ppageno 0'>
   <div class='ocr_carea' id='block_1_1' title="bbox 125 228 1038 266">
    <p class='ocr_par' dir='ltr' id='par_1_1' title="bbox 125 228 1038 266">
     <span class='ocr_line' id='line_1_1' title="bbox 125 228 1038 266; baseline -0.008 0"><span class='ocrx_word' id='word_1_1' title='bbox 125 228 205 266; x_wconf 75' lang='lat'>286</span> <span class='ocrx_word' id='word_1_2' title='bbox 711 236 830 261; x_wconf 77' lang='lat' dir='ltr'>LIBER</span> <span class='ocrx_word' id='word_1_3' title='bbox 849 235 1038 265; x_wconf 74' lang='lat' dir='ltr'>QVARTVS.</span> 
     </span>
    </p>
   </div>
   <div class='ocr_carea' id='block_1_2' title="bbox 120 336 1630 1351">
    <p class='ocr_par' dir='ltr' id='par_1_2' title="bbox 120 336 1628 802">
     <span class='ocr_line' id='line_1_2' title="bbox 122 336 1626 391; baseline -0.001 -11"><span class='ocrx_word' id='word_1_4' title='bbox 122 340 162 389; x_wconf 90' lang='lat' dir='ltr'>I,</span> <span class='ocrx_word' id='word_1_5' title='bbox 195 343 237 388; x_wconf 84' lang='lat'>5,</span> <span class='ocrx_word' id='word_1_6' title='bbox 272 341 343 389; x_wconf 77' lang='lat'>183</span> <span class='ocrx_word' id='word_1_7' title='bbox 390 338 585 379; x_wconf 87' lang='lat' dir='ltr'>Consent.</span> <span class='ocrx_word' id='word_1_8' title='bbox 628 351 688 391; x_wconf 83' lang='lat' dir='ltr'>gr.</span> <span class='ocrx_word' id='word_1_9' title='bbox 726 338 798 378; x_wconf 91' lang='lat' dir='ltr'>lat.</span> <span class='ocrx_word' id='word_1_10' title='bbox 834 338 886 387; x_wconf 89' lang='lat' dir='ltr'>V,</span> <span class='ocrx_word' id='word_1_11' title='bbox 920 338 1031 391; x_wconf 65' lang='lat'>389}</span> <span class='ocrx_word' id='word_1_12' title='bbox 1101 336 1175 377; x_wconf 85' lang='lat' dir='ltr'>sed</span> <span class='ocrx_word' id='word_1_13' title='bbox 1222 337 1336 390; x_wconf 89' lang='lat' dir='ltr'>quod</span> <span class='ocrx_word' id='word_1_14' title='bbox 1382 337 1626 378; x_wconf 78' lang='lat' dir='ltr'>Priscianus</span> 
     </span>
     <span class='ocr_line' id='line_1_3' title="bbox 121 405 1626 462; baseline -0.002 -14"><span class='ocrx_word' id='word_1_15' title='bbox 121 409 207 462; x_wconf 83' lang='lat' dir='ltr'>[pg.</span> <span class='ocrx_word' id='word_1_16' title='bbox 227 407 327 460; x_wconf 79' lang='lat'>694]</span> <span class='ocrx_word' id='word_1_17' title='bbox 359 406 463 447; x_wconf 88' lang='lat' dir='ltr'>dicit</span> <span class='ocrx_word' id='word_1_18' title='bbox 493 410 506 446; x_wconf 80' lang='grc' dir='ltr'>ι’</span> <span class='ocrx_word' id='word_1_19' title='bbox 535 407 577 447; x_wconf 94' lang='grc'>111</span> <span class='ocrx_word' id='word_1_20' title='bbox 610 405 805 447; x_wconf 91' lang='lat' dir='ltr'>omnibus</span> <span class='ocrx_word' id='word_1_21' title='bbox 828 406 1032 458; x_wconf 85' lang='lat' dir='ltr'>genetivis</span> <span class='ocrx_word' id='word_1_22' title='bbox 1055 405 1227 446; x_wconf 88' lang='lat' dir='ltr'>extendi</span> <span class='ocrx_word' id='word_1_23' title='bbox 1248 409 1423 458; x_wconf 88' lang='lat' dir='ltr'>praeter</span> <span class='ocrx_word' id='word_1_24' title='bbox 1444 409 1626 454; x_wconf 75' lang='lat' dir='ltr'>alterius,</span> 
     </span>
     <span class='ocr_line' id='line_1_4' title="bbox 121 473 1626 529; baseline -0.001 -13"><span class='ocrx_word' id='word_1_25' title='bbox 121 476 228 517; x_wconf 87' lang='lat' dir='ltr'>haec</span> <span class='ocrx_word' id='word_1_26' title='bbox 261 475 457 529; x_wconf 79' lang='lat' dir='ltr'>exceptio</span> <span class='ocrx_word' id='word_1_27' title='bbox 487 475 643 516; x_wconf 86' lang='lat' dir='ltr'>aetatis</span> <span class='ocrx_word' id='word_1_28' title='bbox 678 474 854 515; x_wconf 88' lang='lat' dir='ltr'>ultimae</span> <span class='ocrx_word' id='word_1_29' title='bbox 895 473 1154 514; x_wconf 85' lang='lat' dir='ltr'>scholastica</span> <span class='ocrx_word' id='word_1_30' title='bbox 1194 474 1334 514; x_wconf 89' lang='lat' dir='ltr'>evenit</span> <span class='ocrx_word' id='word_1_31' title='bbox 1375 474 1626 524; x_wconf 85' lang='lat' dir='ltr'>subtilitate,</span> 
     </span>
     <span class='ocr_line' id='line_1_5' title="bbox 122 541 1627 596; baseline -0.001 -12"><span class='ocrx_word' id='word_1_32' title='bbox 122 543 286 584; x_wconf 82' lang='lat' dir='ltr'>scilicet</span> <span class='ocrx_word' id='word_1_33' title='bbox 318 545 431 596; x_wconf 85' lang='lat' dir='ltr'>quod</span> <span class='ocrx_word' id='word_1_34' title='bbox 463 542 569 583; x_wconf 91' lang='lat' dir='ltr'>illud</span> <span class='ocrx_word' id='word_1_35' title='bbox 600 546 770 583; x_wconf 66' lang='lat' dir='ltr'>alterius</span> <span class='ocrx_word' id='word_1_36' title='bbox 801 542 843 582; x_wconf 91' lang='lat' dir='ltr'>in</span> <span class='ocrx_word' id='word_1_37' title='bbox 876 541 1099 595; x_wconf 75' lang='lat' dir='ltr'>dactylicis</span> <span class='ocrx_word' id='word_1_38' title='bbox 1142 542 1310 589; x_wconf 71' lang='lat' dir='ltr'>metris,</span> <span class='ocrx_word' id='word_1_39' title='bbox 1354 556 1463 594; x_wconf 82' lang='lat' dir='ltr'>quae</span> <span class='ocrx_word' id='word_1_40' title='bbox 1502 542 1627 596; x_wconf 79' lang='lat' dir='ltr'>longe</span> 
     </span>
     <span class='ocr_line' id='line_1_6' title="bbox 124 610 1628 664; baseline -0.001 -12"><span class='ocrx_word' id='word_1_41' title='bbox 124 615 247 653; x_wconf 84' lang='lat' dir='ltr'>erant</span> <span class='ocrx_word' id='word_1_42' title='bbox 274 611 635 664; x_wconf 85' lang='lat' dir='ltr'>frequentissima,</span> <span class='ocrx_word' id='word_1_43' title='bbox 668 610 863 651; x_wconf 85' lang='lat' dir='ltr'>viderent</span> <span class='ocrx_word' id='word_1_44' title='bbox 893 623 1061 663; x_wconf 88' lang='lat' dir='ltr'>semper</span> <span class='ocrx_word' id='word_1_45' title='bbox 1091 610 1210 650; x_wconf 88' lang='lat' dir='ltr'>brevi</span> <span class='ocrx_word' id='word_1_46' title='bbox 1241 611 1443 663; x_wconf 87' lang='lat' dir='ltr'>usurpari</span> <span class='ocrx_word' id='word_1_47' title='bbox 1475 614 1499 652; x_wconf 66' lang='grc' dir='ltr'>τ’.</span> <span class='ocrx_word' id='word_1_48' title='bbox 1554 611 1628 651; x_wconf 87' lang='lat' dir='ltr'>sed</span> 
     </span>
     <span class='ocr_line' id='line_1_7' title="bbox 121 678 1627 732; baseline 0 -11"><span class='ocrx_word' id='word_1_49' title='bbox 121 681 162 721; x_wconf 91' lang='lat' dir='ltr'>in</span> <span class='ocrx_word' id='word_1_50' title='bbox 194 680 389 721; x_wconf 81' lang='lat' dir='ltr'>iambicis</span> <span class='ocrx_word' id='word_1_51' title='bbox 421 679 737 732; x_wconf 84' lang='lat' dir='ltr'>trochaicisque</span> <span class='ocrx_word' id='word_1_52' title='bbox 770 692 821 719; x_wconf 89' lang='grc'>110</span> <span class='ocrx_word' id='word_1_53' title='bbox 850 692 946 719; x_wconf 89' lang='lat' dir='ltr'>sero</span> <span class='ocrx_word' id='word_1_54' title='bbox 979 678 1150 731; x_wconf 88' lang='lat' dir='ltr'>quidem</span> <span class='ocrx_word' id='word_1_55' title='bbox 1184 679 1357 719; x_wconf 86' lang='lat' dir='ltr'>saeculo</span> <span class='ocrx_word' id='word_1_56' title='bbox 1389 679 1627 732; x_wconf 86' lang='lat' dir='ltr'>producere</span> 
     </span>
     <span class='ocr_line' id='line_1_8' title="bbox 120 747 1099 802; baseline -0.004 -12"><span class='ocrx_word' id='word_1_57' title='bbox 120 749 264 790; x_wconf 87' lang='lat' dir='ltr'>timuit</span> <span class='ocrx_word' id='word_1_58' title='bbox 294 749 576 790; x_wconf 82' lang='lat' dir='ltr'>Terentianus</span> <span class='ocrx_word' id='word_1_59' title='bbox 609 749 760 802; x_wconf 78' lang='lat'>[16113</span> <span class='ocrx_word' id='word_1_60' title='bbox 794 750 924 798; x_wconf 74' lang='lat'>2184,</span> <span class='ocrx_word' id='word_1_61' title='bbox 962 747 1099 800; x_wconf 67' lang='lat'>1352]</span> 
     </span>
    </p>

    <p class='ocr_par' dir='ltr' id='par_1_3' title="bbox 120 816 1630 1351">
     <span class='ocr_line' id='line_1_9' title="bbox 236 816 1628 870; baseline -0.001 -12"><span class='ocrx_word' id='word_1_62' title='bbox 236 819 292 858; x_wconf 93' lang='lat' dir='ltr'>At</span> <span class='ocrx_word' id='word_1_63' title='bbox 323 820 458 858; x_wconf 76' lang='lat' dir='ltr'>Diana</span> <span class='ocrx_word' id='word_1_64' title='bbox 489 816 606 857; x_wconf 87' lang='lat' dir='ltr'>dicta</span> <span class='ocrx_word' id='word_1_65' title='bbox 636 829 714 869; x_wconf 85' lang='lat' dir='ltr'>pro</span> <span class='ocrx_word' id='word_1_66' title='bbox 750 819 907 856; x_wconf 74' lang='lat' dir='ltr'>Dimzna</span> <span class='ocrx_word' id='word_1_67' title='bbox 936 819 983 856; x_wconf 90' lang='lat' dir='ltr'>ut</span> <span class='ocrx_word' id='word_1_68' title='bbox 1008 817 1155 855; x_wconf 62' lang='lat' dir='ltr'>Lucius</span> <span class='ocrx_word' id='word_1_69' title='bbox 1187 829 1264 868; x_wconf 87' lang='lat' dir='ltr'>pro</span> <span class='ocrx_word' id='word_1_70' title='bbox 1294 818 1467 856; x_wconf 70' lang='lat' dir='ltr'>Lucimcs</span> <span class='ocrx_word' id='word_1_71' title='bbox 1498 817 1628 870; x_wconf 89' lang='lat' dir='ltr'>(unde</span> 
     </span>
     <span class='ocr_line' id='line_1_10' title="bbox 120 883 1629 939; baseline 0 -13"><span class='ocrx_word' id='word_1_72' title='bbox 120 887 163 926; x_wconf 91' lang='lat' dir='ltr'>in</span> <span class='ocrx_word' id='word_1_73' title='bbox 196 885 425 939; x_wconf 82' lang='lat' dir='ltr'>epitaphiis</span> <span class='ocrx_word' id='word_1_74' title='bbox 458 885 704 937; x_wconf 81' lang='lat' dir='ltr'>Scipionum</span> <span class='ocrx_word' id='word_1_75' title='bbox 737 884 878 925; x_wconf 88' lang='lat' dir='ltr'>media</span> <span class='ocrx_word' id='word_1_76' title='bbox 910 883 1174 937; x_wconf 80' lang='lat' dir='ltr'>extenditur)</span> <span class='ocrx_word' id='word_1_77' title='bbox 1215 898 1309 924; x_wconf 90' lang='lat' dir='ltr'>cum</span> <span class='ocrx_word' id='word_1_78' title='bbox 1353 885 1450 924; x_wconf 86' lang='lat' dir='ltr'>olim</span> <span class='ocrx_word' id='word_1_79' title='bbox 1491 885 1629 938; x_wconf 86' lang='lat' dir='ltr'>prima</span> 
     </span>
     <span class='ocr_line' id='line_1_11' title="bbox 120 949 1628 1006; baseline 0 -11"><span class='ocrx_word' id='word_1_80' title='bbox 120 954 273 995; x_wconf 87' lang='lat' dir='ltr'>fuisset</span> <span class='ocrx_word' id='word_1_81' title='bbox 304 953 444 1006; x_wconf 80' lang='lat' dir='ltr'>longa,</span> <span class='ocrx_word' id='word_1_82' title='bbox 481 953 681 1006; x_wconf 83' lang='lat' dir='ltr'>deinceps</span> <span class='ocrx_word' id='word_1_83' title='bbox 714 953 893 994; x_wconf 88' lang='lat' dir='ltr'>eandem</span> <span class='ocrx_word' id='word_1_84' title='bbox 926 956 1168 1005; x_wconf 79' lang='lat' dir='ltr'>correptam</span> <span class='ocrx_word' id='word_1_85' title='bbox 1191 949 1378 993; x_wconf 85' lang='lat' dir='ltr'>testatur</span> <span class='ocrx_word' id='word_1_86' title='bbox 1402 953 1628 995; x_wconf 86' lang='lat' dir='ltr'>Diomedes</span> 
     </span>
     <span class='ocr_line' id='line_1_12' title="bbox 121 1021 1628 1077; baseline 0 -14"><span class='ocrx_word' id='word_1_87' title='bbox 121 1023 207 1077; x_wconf 83' lang='lat' dir='ltr'>[pg.</span> <span class='ocrx_word' id='word_1_88' title='bbox 241 1022 363 1075; x_wconf 77' lang='lat' dir='ltr'>43ss],</span> <span class='ocrx_word' id='word_1_89' title='bbox 396 1036 491 1063; x_wconf 86' lang='lat' dir='ltr'>cum</span> <span class='ocrx_word' id='word_1_90' title='bbox 523 1021 648 1063; x_wconf 87' lang='lat' dir='ltr'>dicit:</span> <span class='ocrx_word' id='word_1_91' title='bbox 685 1025 832 1062; x_wconf 73' lang='lat' dir='ltr'>ectasis</span> <span class='ocrx_word' id='word_1_92' title='bbox 861 1028 920 1061; x_wconf 69' lang='lat' dir='ltr'>est</span> <span class='ocrx_word' id='word_1_93' title='bbox 951 1023 1144 1061; x_wconf 55' lang='lat' dir='ltr'>extensio.</span> <span class='ocrx_word' id='word_1_94' title='bbox 1199 1035 1302 1071; x_wconf 74' lang='lat' dir='ltr'>quae</span> <span class='ocrx_word' id='word_1_95' title='bbox 1330 1026 1387 1070; x_wconf 77' lang='lat' dir='ltr'>sil,</span> <span class='ocrx_word' id='word_1_96' title='bbox 1421 1035 1508 1062; x_wconf 77' lang='lat' dir='ltr'>cum</span> <span class='ocrx_word' id='word_1_97' title='bbox 1540 1036 1628 1063; x_wconf 80' lang='lat'><em>607·-</em></span> 
     </span>
     <span class='ocr_line' id='line_1_13' title="bbox 122 1091 1628 1145; baseline -0.001 -13"><span class='ocrx_word' id='word_1_98' title='bbox 122 1098 242 1141; x_wconf 71' lang='lat' dir='ltr'>repla</span> <span class='ocrx_word' id='word_1_99' title='bbox 263 1093 421 1142; x_wconf 68' lang='lat' dir='ltr'>syllaba</span> <span class='ocrx_word' id='word_1_100' title='bbox 444 1097 587 1132; x_wconf 69' lang='lat' dir='ltr'>contra</span> <span class='ocrx_word' id='word_1_101' title='bbox 609 1093 806 1131; x_wconf 70' lang='lat' dir='ltr'>rationem</span> <span class='ocrx_word' id='word_1_102' title='bbox 833 1103 913 1140; x_wconf 73' lang='lat' dir='ltr'>ster</span> <span class='ocrx_word' id='word_1_103' title='bbox 935 1092 1137 1130; x_wconf 71' lang='lat' dir='ltr'>le&#39;cenllam</span> <span class='ocrx_word' id='word_1_104' title='bbox 1164 1093 1412 1139; x_wconf 69' lang='lat' dir='ltr'>prmluce‘tm·</span> <span class='ocrx_word' id='word_1_105' title='bbox 1441 1098 1484 1131; x_wconf 74' lang='lat' dir='ltr'>uc</span> <span class='ocrx_word' id='word_1_106' title='bbox 1518 1091 1628 1145; x_wconf 84' lang='lat' dir='ltr'>[aen.</span> 
     </span>
     <span class='ocr_line' id='line_1_14' title="bbox 122 1155 1628 1213; baseline -0.001 -12"><span class='ocrx_word' id='word_1_107' title='bbox 122 1160 151 1210; x_wconf 94' lang='lat' dir='ltr'>I,</span> <span class='ocrx_word' id='word_1_108' title='bbox 185 1160 309 1213; x_wconf 81' lang='lat'>499]:</span> <span class='ocrx_word' id='word_1_109' title='bbox 354 1158 541 1200; x_wconf 61' lang='lat' dir='ltr'>‘exercet</span> <span class='ocrx_word' id='word_1_110' title='bbox 572 1162 706 1199; x_wconf 48' lang='lat' dir='ltr'>Delma,</span> <span class='ocrx_word' id='word_1_111' title='bbox 738 1155 920 1199; x_wconf 73' lang='lat' dir='ltr'>clzoros’.</span> <span class='ocrx_word' id='word_1_112' title='bbox 959 1183 1013 1187; x_wconf 87' lang='lat'>-</span> <span class='ocrx_word' id='word_1_113' title='bbox 1055 1159 1097 1198; x_wconf 91' lang='grc'>111</span> <span class='ocrx_word' id='word_1_114' title='bbox 1129 1172 1190 1208; x_wconf 90' lang='grc'>00,</span> <span class='ocrx_word' id='word_1_115' title='bbox 1236 1158 1349 1211; x_wconf 86' lang='lat' dir='ltr'>quod</span> <span class='ocrx_word' id='word_1_116' title='bbox 1382 1163 1446 1199; x_wconf 90' lang='lat' dir='ltr'>est</span> <span class='ocrx_word' id='word_1_117' title='bbox 1489 1163 1574 1207; x_wconf 75' lang='lat' dir='ltr'>ohe,</span> <span class='ocrx_word' id='word_1_118' title='bbox 1608 1174 1628 1199; x_wconf 77' lang='grc' dir='ltr'><em>ο</em></span> 
     </span>
     <span class='ocr_line' id='line_1_15' title="bbox 126 1227 1630 1282; baseline -0.001 -13"><span class='ocrx_word' id='word_1_119' title='bbox 126 1241 296 1282; x_wconf 81' lang='lat' dir='ltr'>anceps.</span> <span class='ocrx_word' id='word_1_120' title='bbox 358 1231 400 1269; x_wconf 87' lang='lat' dir='ltr'>et</span> <span class='ocrx_word' id='word_1_121' title='bbox 445 1240 529 1268; x_wconf 90' lang='lat' dir='ltr'>uno</span> <span class='ocrx_word' id='word_1_122' title='bbox 575 1241 701 1268; x_wconf 91' lang='lat' dir='ltr'>versu</span> <span class='ocrx_word' id='word_1_123' title='bbox 747 1227 929 1267; x_wconf 87' lang='lat' dir='ltr'>variavit</span> <span class='ocrx_word' id='word_1_124' title='bbox 980 1227 1265 1280; x_wconf 83' lang='lat' dir='ltr'>quantitatem</span> <span class='ocrx_word' id='word_1_125' title='bbox 1312 1227 1523 1268; x_wconf 83' lang='lat' dir='ltr'>Martialis</span> <span class='ocrx_word' id='word_1_126' title='bbox 1568 1228 1630 1269; x_wconf 88' lang='lat' dir='ltr'>ita</span> 
     </span>
     <span class='ocr_line' id='line_1_16' title="bbox 122 1296 482 1351; baseline -0.003 -13"><span class='ocrx_word' id='word_1_127' title='bbox 122 1297 211 1351; x_wconf 85' lang='lat' dir='ltr'>[IV,</span> <span class='ocrx_word' id='word_1_128' title='bbox 241 1300 306 1347; x_wconf 81' lang='lat'>89,</span> <span class='ocrx_word' id='word_1_129' title='bbox 337 1300 382 1348; x_wconf 81' lang='lat'>13</span> <span class='ocrx_word' id='word_1_130' title='bbox 416 1296 482 1350; x_wconf 84' lang='lat'>9]:</span> 
     </span>
    </p>
   </div>
   <div class='ocr_carea' id='block_1_3' title="bbox 534 1373 1185 1418">
    <p class='ocr_par' dir='ltr' id='par_1_4' title="bbox 534 1373 1185 1418">
     <span class='ocr_line' id='line_1_17' title="bbox 534 1373 1185 1418; baseline 0 -10"><span class='ocrx_word' id='word_1_131' title='bbox 534 1375 614 1418; x_wconf 75' lang='lat' dir='ltr'>ohe,</span> <span class='ocrx_word' id='word_1_132' title='bbox 640 1375 711 1408; x_wconf 83' lang='lat' dir='ltr'>iam</span> <span class='ocrx_word' id='word_1_133' title='bbox 737 1375 824 1408; x_wconf 88' lang='lat' dir='ltr'>satis</span> <span class='ocrx_word' id='word_1_134' title='bbox 853 1377 918 1418; x_wconf 87' lang='lat' dir='ltr'>est,</span> <span class='ocrx_word' id='word_1_135' title='bbox 946 1373 1024 1417; x_wconf 76' lang='lat' dir='ltr'>o&#39;he,</span> <span class='ocrx_word' id='word_1_136' title='bbox 1052 1374 1185 1408; x_wconf 82' lang='lat' dir='ltr'>libelle.</span> 
     </span>
    </p>
   </div>
   <div class='ocr_carea' id='block_1_4' title="bbox 118 1455 1633 2059">
    <p class='ocr_par' dir='ltr' id='par_1_5' title="bbox 118 1455 1633 2059">
     <span class='ocr_line' id='line_1_18' title="bbox 236 1455 1630 1509; baseline -0.001 -12"><span class='ocrx_word' id='word_1_137' title='bbox 236 1456 469 1497; x_wconf 85' lang='lat' dir='ltr'>Praeterea</span> <span class='ocrx_word' id='word_1_138' title='bbox 500 1455 785 1509; x_wconf 87' lang='lat' dir='ltr'>antiquissimi</span> <span class='ocrx_word' id='word_1_139' title='bbox 820 1455 1036 1496; x_wconf 87' lang='lat' dir='ltr'>interdum</span> <span class='ocrx_word' id='word_1_140' title='bbox 1077 1455 1289 1508; x_wconf 85' lang='lat' dir='ltr'>producta</span> <span class='ocrx_word' id='word_1_141' title='bbox 1321 1455 1456 1496; x_wconf 84' lang='lat' dir='ltr'>vocali</span> <span class='ocrx_word' id='word_1_142' title='bbox 1491 1455 1630 1508; x_wconf 88' lang='lat' dir='ltr'>prima</span> 
     </span>
     <span class='ocr_line' id='line_1_19' title="bbox 122 1524 1630 1579; baseline -0.001 -13"><span class='ocrx_word' id='word_1_143' title='bbox 122 1528 358 1579; x_wconf 81' lang='lat' dir='ltr'>posuerunt</span> <span class='ocrx_word' id='word_1_144' title='bbox 388 1524 464 1566; x_wconf 88' lang='lat' dir='ltr'>illa</span> <span class='ocrx_word' id='word_1_145' title='bbox 497 1530 600 1574; x_wconf 75' lang='lat' dir='ltr'>fiere</span> <span class='ocrx_word' id='word_1_146' title='bbox 633 1525 756 1579; x_wconf 83' lang='lat' dir='ltr'>[Enn.</span> <span class='ocrx_word' id='word_1_147' title='bbox 790 1538 884 1565; x_wconf 82' lang='lat' dir='ltr'>ann.</span> <span class='ocrx_word' id='word_1_148' title='bbox 918 1524 984 1578; x_wconf 81' lang='lat'>9],</span> <span class='ocrx_word' id='word_1_149' title='bbox 1020 1528 1128 1574; x_wconf 69' lang='lat' dir='ltr'>sieri,</span> <span class='ocrx_word' id='word_1_150' title='bbox 1163 1530 1316 1573; x_wconf 76' lang='lat' dir='ltr'>fierem,</span> <span class='ocrx_word' id='word_1_151' title='bbox 1361 1537 1455 1564; x_wconf 87' lang='lat' dir='ltr'>cum</span> <span class='ocrx_word' id='word_1_152' title='bbox 1486 1528 1630 1564; x_wconf 86' lang='lat' dir='ltr'>tamen</span> 
     </span>
     <span class='ocr_line' id='line_1_20' title="bbox 123 1592 1630 1647; baseline -0.001 -12"><span class='ocrx_word' id='word_1_153' title='bbox 123 1598 165 1635; x_wconf 88' lang='lat' dir='ltr'>et</span> <span class='ocrx_word' id='word_1_154' title='bbox 207 1596 432 1647; x_wconf 87' lang='lat' dir='ltr'>correptae</span> <span class='ocrx_word' id='word_1_155' title='bbox 476 1592 591 1647; x_wconf 88' lang='lat' dir='ltr'>apud</span> <span class='ocrx_word' id='word_1_156' title='bbox 636 1607 707 1634; x_wconf 91' lang='lat' dir='ltr'>eos</span> <span class='ocrx_word' id='word_1_157' title='bbox 746 1593 864 1634; x_wconf 88' lang='lat' dir='ltr'>haud</span> <span class='ocrx_word' id='word_1_158' title='bbox 894 1593 1025 1634; x_wconf 89' lang='lat' dir='ltr'>dubia</span> <span class='ocrx_word' id='word_1_159' title='bbox 1058 1596 1202 1634; x_wconf 83' lang='lat' dir='ltr'>extent</span> <span class='ocrx_word' id='word_1_160' title='bbox 1235 1593 1440 1645; x_wconf 85' lang='lat' dir='ltr'>exempla.</span> <span class='ocrx_word' id='word_1_161' title='bbox 1501 1606 1630 1646; x_wconf 84' lang='lat' dir='ltr'>porro</span> 
     </span>
     <span class='ocr_line' id='line_1_21' title="bbox 122 1661 1630 1716; baseline -0.001 -13"><span class='ocrx_word' id='word_1_162' title='bbox 122 1663 284 1704; x_wconf 87' lang='lat' dir='ltr'>Ennius</span> <span class='ocrx_word' id='word_1_163' title='bbox 317 1662 432 1716; x_wconf 88' lang='lat' dir='ltr'>[ann.</span> <span class='ocrx_word' id='word_1_164' title='bbox 465 1665 568 1713; x_wconf 75' lang='lat'>4313</span> <span class='ocrx_word' id='word_1_165' title='bbox 602 1665 705 1713; x_wconf 77' lang='lat'>2973</span> <span class='ocrx_word' id='word_1_166' title='bbox 738 1662 837 1716; x_wconf 80' lang='lat'>135]</span> <span class='ocrx_word' id='word_1_167' title='bbox 877 1661 1115 1715; x_wconf 84' lang='lat' dir='ltr'>praeterita</span> <span class='ocrx_word' id='word_1_168' title='bbox 1148 1664 1317 1712; x_wconf 62' lang='lat' dir='ltr'>flamus,</span> <span class='ocrx_word' id='word_1_169' title='bbox 1352 1664 1515 1712; x_wconf 68' lang='lat' dir='ltr'>fuisset,</span> <span class='ocrx_word' id='word_1_170' title='bbox 1559 1666 1630 1702; x_wconf 75' lang='lat' dir='ltr'>acl-</span> 
     </span>
     <span class='ocr_line' id='line_1_22' title="bbox 124 1729 1630 1784; baseline -0.001 -13"><span class='ocrx_word' id='word_1_171' title='bbox 124 1734 223 1780; x_wconf 71' lang='lat' dir='ltr'>mce’l,</span> <span class='ocrx_word' id='word_1_172' title='bbox 264 1730 491 1772; x_wconf 86' lang='lat' dir='ltr'>Lucretius</span> <span class='ocrx_word' id='word_1_173' title='bbox 531 1729 622 1784; x_wconf 78' lang='lat' dir='ltr'>[IIL</span> <span class='ocrx_word' id='word_1_174' title='bbox 656 1733 758 1781; x_wconf 80' lang='lat'>9333</span> <span class='ocrx_word' id='word_1_175' title='bbox 791 1730 842 1780; x_wconf 90' lang='lat' dir='ltr'>II,</span> <span class='ocrx_word' id='word_1_176' title='bbox 878 1733 984 1781; x_wconf 73' lang='lat'>4663</span> <span class='ocrx_word' id='word_1_177' title='bbox 1016 1730 1117 1784; x_wconf 74' lang='lat'>464]</span> <span class='ocrx_word' id='word_1_178' title='bbox 1161 1743 1211 1770; x_wconf 89' lang='lat' dir='ltr'>ea</span> <span class='ocrx_word' id='word_1_179' title='bbox 1251 1743 1361 1782; x_wconf 86' lang='lat' dir='ltr'>quae</span> <span class='ocrx_word' id='word_1_180' title='bbox 1402 1733 1500 1770; x_wconf 87' lang='lat' dir='ltr'>sunt</span> <span class='ocrx_word' id='word_1_181' title='bbox 1532 1733 1630 1780; x_wconf 69' lang='lat' dir='ltr'>fail,</span> 
     </span>
     <span class='ocr_line' id='line_1_23' title="bbox 118 1798 1630 1852; baseline -0.001 -12"><span class='ocrx_word' id='word_1_182' title='bbox 118 1803 296 1851; x_wconf 75' lang='lat' dir='ltr'>fluidus,</span> <span class='ocrx_word' id='word_1_183' title='bbox 342 1802 474 1850; x_wconf 74' lang='lat' dir='ltr'>fluida</span> <span class='ocrx_word' id='word_1_184' title='bbox 518 1798 646 1851; x_wconf 76' lang='lat' dir='ltr'>longa</span> <span class='ocrx_word' id='word_1_185' title='bbox 693 1802 959 1852; x_wconf 89' lang='lat' dir='ltr'>usurparunt</span> <span class='ocrx_word' id='word_1_186' title='bbox 1003 1813 1029 1839; x_wconf 72' lang='lat' dir='ltr'>u</span> <span class='ocrx_word' id='word_1_187' title='bbox 1072 1801 1250 1852; x_wconf 84' lang='lat' dir='ltr'>propter</span> <span class='ocrx_word' id='word_1_188' title='bbox 1296 1798 1630 1839; x_wconf 88' lang='lat' dir='ltr'>contractionem</span> 
     </span>
     <span class='ocr_line' id='line_1_24' title="bbox 122 1866 1633 1921; baseline -0.001 -12"><span class='ocrx_word' id='word_1_189' title='bbox 122 1867 293 1909; x_wconf 84' lang='lat' dir='ltr'>factam.</span> <span class='ocrx_word' id='word_1_190' title='bbox 355 1880 617 1921; x_wconf 87' lang='lat' dir='ltr'>quamquam</span> <span class='ocrx_word' id='word_1_191' title='bbox 638 1866 876 1920; x_wconf 87' lang='lat' dir='ltr'>perfectum</span> <span class='ocrx_word' id='word_1_192' title='bbox 901 1870 970 1918; x_wconf 74' lang='lat' dir='ltr'>sui</span> <span class='ocrx_word' id='word_1_193' title='bbox 1003 1870 1044 1908; x_wconf 90' lang='lat' dir='ltr'>et</span> <span class='ocrx_word' id='word_1_194' title='bbox 1076 1880 1186 1920; x_wconf 87' lang='lat' dir='ltr'>quae</span> <span class='ocrx_word' id='word_1_195' title='bbox 1219 1866 1272 1908; x_wconf 88' lang='lat' dir='ltr'>ab</span> <span class='ocrx_word' id='word_1_196' title='bbox 1296 1880 1344 1908; x_wconf 94' lang='lat' dir='ltr'>eo</span> <span class='ocrx_word' id='word_1_197' title='bbox 1368 1866 1633 1907; x_wconf 88' lang='lat' dir='ltr'>descendunt</span> 
     </span>
     <span class='ocr_line' id='line_1_25' title="bbox 124 1934 1632 1990; baseline -0.001 -13"><span class='ocrx_word' id='word_1_198' title='bbox 124 1950 219 1978; x_wconf 89' lang='lat' dir='ltr'>cum</span> <span class='ocrx_word' id='word_1_199' title='bbox 252 1936 359 1977; x_wconf 85' lang='lat' dir='ltr'>alias</span> <span class='ocrx_word' id='word_1_200' title='bbox 392 1950 562 1990; x_wconf 83' lang='lat' dir='ltr'>semper</span> <span class='ocrx_word' id='word_1_201' title='bbox 593 1936 647 1977; x_wconf 86' lang='lat' dir='ltr'>ab</span> <span class='ocrx_word' id='word_1_202' title='bbox 678 1934 826 1977; x_wconf 89' lang='lat' dir='ltr'>eodem</span> <span class='ocrx_word' id='word_1_203' title='bbox 851 1935 1150 1989; x_wconf 72' lang='lat' dir='ltr'>corripiantur,</span> <span class='ocrx_word' id='word_1_204' title='bbox 1182 1936 1274 1976; x_wconf 86' lang='lat' dir='ltr'>iure</span> <span class='ocrx_word' id='word_1_205' title='bbox 1295 1935 1494 1976; x_wconf 82' lang='lat' dir='ltr'>videntur</span> <span class='ocrx_word' id='word_1_206' title='bbox 1517 1935 1632 1976; x_wconf 90' lang='lat' dir='ltr'>docti</span> 
     </span>
     <span class='ocr_line' id='line_1_26' title="bbox 124 2004 1323 2059; baseline -0.002 -13"><span class='ocrx_word' id='word_1_207' title='bbox 124 2005 364 2059; x_wconf 89' lang='lat' dir='ltr'>exemplum</span> <span class='ocrx_word' id='word_1_208' title='bbox 395 2005 583 2058; x_wconf 88' lang='lat' dir='ltr'>primore</span> <span class='ocrx_word' id='word_1_209' title='bbox 613 2004 707 2046; x_wconf 93' lang='grc'>1000</span> <span class='ocrx_word' id='word_1_210' title='bbox 738 2004 938 2058; x_wconf 87' lang='lat' dir='ltr'>positum,</span> <span class='ocrx_word' id='word_1_211' title='bbox 971 2004 1085 2057; x_wconf 90' lang='lat' dir='ltr'>quod</span> <span class='ocrx_word' id='word_1_212' title='bbox 1121 2007 1185 2045; x_wconf 85' lang='lat' dir='ltr'>est</span> <span class='ocrx_word' id='word_1_213' title='bbox 1215 2004 1323 2045; x_wconf 86' lang='lat' dir='ltr'>tale:</span> 
     </span>
    </p>
   </div>
   <div class='ocr_carea' id='block_1_5' title="bbox 397 2090 1331 2135">
    <p class='ocr_par' dir='ltr' id='par_1_6' title="bbox 397 2090 1331 2135">
     <span class='ocr_line' id='line_1_27' title="bbox 397 2090 1331 2135; baseline -0.001 -11"><span class='ocrx_word' id='word_1_214' title='bbox 397 2102 481 2124; x_wconf 84' lang='lat' dir='ltr'>nam</span> <span class='ocrx_word' id='word_1_215' title='bbox 506 2090 620 2135; x_wconf 78' lang='lat' dir='ltr'>gratis</span> <span class='ocrx_word' id='word_1_216' title='bbox 645 2090 714 2124; x_wconf 88' lang='lat' dir='ltr'>fuit</span> <span class='ocrx_word' id='word_1_217' title='bbox 737 2090 804 2124; x_wconf 88' lang='lat' dir='ltr'>tibi</span> <span class='ocrx_word' id='word_1_218' title='bbox 830 2090 905 2124; x_wconf 81' lang='lat' dir='ltr'>vita</span> <span class='ocrx_word' id='word_1_219' title='bbox 929 2092 1012 2124; x_wconf 82' lang='lat' dir='ltr'>ante</span> <span class='ocrx_word' id='word_1_220' title='bbox 1039 2092 1122 2124; x_wconf 86' lang='lat' dir='ltr'>acta</span> <span class='ocrx_word' id='word_1_221' title='bbox 1146 2090 1331 2134; x_wconf 78' lang='lat' dir='ltr'>priorque,</span> 
     </span>
    </p>
   </div>
   <div class='ocr_carea' id='block_1_6' title="bbox 124 2165 1632 2432">
    <p class='ocr_par' dir='ltr' id='par_1_7' title="bbox 124 2165 1632 2356">
     <span class='ocr_line' id='line_1_28' title="bbox 125 2165 1631 2220; baseline -0.002 -13"><span class='ocrx_word' id='word_1_222' title='bbox 125 2169 407 2220; x_wconf 87' lang='lat' dir='ltr'>suspectasse.</span> <span class='ocrx_word' id='word_1_223' title='bbox 469 2165 575 2206; x_wconf 89' lang='lat' dir='ltr'>satis</span> <span class='ocrx_word' id='word_1_224' title='bbox 603 2165 712 2206; x_wconf 89' lang='lat' dir='ltr'>bene</span> <span class='ocrx_word' id='word_1_225' title='bbox 743 2165 1066 2206; x_wconf 87' lang='lat' dir='ltr'>Lachmannus:</span> <span class='ocrx_word' id='word_1_226' title='bbox 1101 2168 1186 2216; x_wconf 70' lang='lat' dir='ltr'>fecit</span> <span class='ocrx_word' id='word_1_227' title='bbox 1217 2169 1319 2205; x_wconf 73' lang='lat' dir='ltr'>haec</span> <span class='ocrx_word' id='word_1_228' title='bbox 1350 2167 1420 2205; x_wconf 70' lang='lat' dir='ltr'>tibet</span> <span class='ocrx_word' id='word_1_229' title='bbox 1450 2168 1542 2206; x_wconf 73' lang='lat' dir='ltr'>vila.</span> <span class='ocrx_word' id='word_1_230' title='bbox 1578 2189 1631 2193; x_wconf 86' lang='lat'>---</span> 
     </span>
     <span class='ocr_line' id='line_1_29' title="bbox 125 2233 1632 2283; baseline -0.002 -7"><span class='ocrx_word' id='word_1_231' title='bbox 125 2249 176 2276; x_wconf 87' lang='lat' dir='ltr'>ac</span> <span class='ocrx_word' id='word_1_232' title='bbox 219 2234 393 2275; x_wconf 85' lang='lat' dir='ltr'>difficile</span> <span class='ocrx_word' id='word_1_233' title='bbox 430 2233 622 2275; x_wconf 85' lang='lat' dir='ltr'>adducor</span> <span class='ocrx_word' id='word_1_234' title='bbox 653 2237 701 2274; x_wconf 90' lang='lat' dir='ltr'>ut</span> <span class='ocrx_word' id='word_1_235' title='bbox 732 2233 905 2275; x_wconf 88' lang='lat' dir='ltr'>credam</span> <span class='ocrx_word' id='word_1_236' title='bbox 937 2248 962 2274; x_wconf 90' lang='lat' dir='ltr'>a</span> <span class='ocrx_word' id='word_1_237' title='bbox 995 2234 1132 2274; x_wconf 77' lang='lat' dir='ltr'>Statio</span> <span class='ocrx_word' id='word_1_238' title='bbox 1166 2233 1362 2274; x_wconf 88' lang='lat' dir='ltr'>adhiberi</span> <span class='ocrx_word' id='word_1_239' title='bbox 1396 2237 1632 2283; x_wconf 71' lang='lat' dir='ltr'>praeeundi</span> 
     </span>
     <span class='ocr_line' id='line_1_30' title="bbox 124 2302 1151 2356; baseline -0.001 -12"><span class='ocrx_word' id='word_1_240' title='bbox 124 2303 302 2344; x_wconf 85' lang='lat' dir='ltr'>verbum</span> <span class='ocrx_word' id='word_1_241' title='bbox 335 2303 463 2356; x_wconf 81' lang='lat' dir='ltr'>longa</span> <span class='ocrx_word' id='word_1_242' title='bbox 493 2303 633 2356; x_wconf 83' lang='lat' dir='ltr'>prima</span> <span class='ocrx_word' id='word_1_243' title='bbox 664 2302 725 2343; x_wconf 89' lang='lat' dir='ltr'>sic</span> <span class='ocrx_word' id='word_1_244' title='bbox 759 2302 892 2356; x_wconf 86' lang='lat' dir='ltr'>[theb.</span> <span class='ocrx_word' id='word_1_245' title='bbox 925 2302 994 2352; x_wconf 85' lang='lat' dir='ltr'>VI,</span> <span class='ocrx_word' id='word_1_246' title='bbox 1028 2302 1151 2356; x_wconf 84' lang='lat'>519]:</span> 
     </span>
    </p>

    <p class='ocr_par' dir='ltr' id='par_1_8' title="bbox 400 2387 1164 2432">
     <span class='ocr_line' id='line_1_31' title="bbox 400 2387 1164 2432; baseline -0.001 -10"><span class='ocrx_word' id='word_1_247' title='bbox 400 2399 483 2422; x_wconf 87' lang='lat' dir='ltr'>cum</span> <span class='ocrx_word' id='word_1_248' title='bbox 510 2399 646 2422; x_wconf 85' lang='lat' dir='ltr'>vacuus</span> <span class='ocrx_word' id='word_1_249' title='bbox 673 2387 821 2422; x_wconf 87' lang='lat' dir='ltr'>domino</span> <span class='ocrx_word' id='word_1_250' title='bbox 849 2388 1010 2432; x_wconf 81' lang='lat' dir='ltr'>praeiret</span> <span class='ocrx_word' id='word_1_251' title='bbox 1035 2387 1164 2421; x_wconf 87' lang='lat' dir='ltr'>Arion.</span> 
     </span>
    </p>
   </div>
   <div class='ocr_carea' id='block_1_7' title="bbox 126 2461 1633 2995">
    <p class='ocr_par' dir='ltr' id='par_1_9' title="bbox 126 2461 1633 2995">
     <span class='ocr_line' id='line_1_32' title="bbox 126 2461 1632 2516; baseline -0.002 -12"><span class='ocrx_word' id='word_1_252' title='bbox 126 2463 203 2504; x_wconf 90' lang='lat' dir='ltr'>sed</span> <span class='ocrx_word' id='word_1_253' title='bbox 234 2463 321 2513; x_wconf 90' lang='grc'>1110,</span> <span class='ocrx_word' id='word_1_254' title='bbox 354 2466 401 2504; x_wconf 88' lang='lat' dir='ltr'>ut</span> <span class='ocrx_word' id='word_1_255' title='bbox 429 2462 532 2504; x_wconf 89' lang='lat' dir='ltr'>alibi</span> <span class='ocrx_word' id='word_1_256' title='bbox 563 2462 678 2516; x_wconf 87' lang='lat' dir='ltr'>apud</span> <span class='ocrx_word' id='word_1_257' title='bbox 710 2462 909 2513; x_wconf 89' lang='lat' dir='ltr'>eundem,</span> <span class='ocrx_word' id='word_1_258' title='bbox 948 2462 1119 2515; x_wconf 82' lang='lat' dir='ltr'>gravius</span> <span class='ocrx_word' id='word_1_259' title='bbox 1150 2462 1320 2503; x_wconf 88' lang='lat' dir='ltr'>videtur</span> <span class='ocrx_word' id='word_1_260' title='bbox 1350 2461 1485 2502; x_wconf 86' lang='lat' dir='ltr'>latere</span> <span class='ocrx_word' id='word_1_261' title='bbox 1516 2475 1632 2502; x_wconf 87' lang='lat' dir='ltr'>men—</span> 
     </span>
     <span class='ocr_line' id='line_1_33' title="bbox 126 2529 1631 2585; baseline -0.001 -14"><span class='ocrx_word' id='word_1_262' title='bbox 126 2531 239 2573; x_wconf 91' lang='lat' dir='ltr'>dum.</span> <span class='ocrx_word' id='word_1_263' title='bbox 289 2544 368 2572; x_wconf 91' lang='grc'>1100</span> <span class='ocrx_word' id='word_1_264' title='bbox 389 2531 525 2585; x_wconf 79' lang='lat' dir='ltr'>magis</span> <span class='ocrx_word' id='word_1_265' title='bbox 547 2531 816 2585; x_wconf 85' lang='lat' dir='ltr'>probabilest</span> <span class='ocrx_word' id='word_1_266' title='bbox 838 2529 892 2571; x_wconf 84' lang='lat' dir='ltr'>ab</span> <span class='ocrx_word' id='word_1_267' title='bbox 916 2543 965 2571; x_wconf 91' lang='lat' dir='ltr'>eo</span> <span class='ocrx_word' id='word_1_268' title='bbox 997 2533 1064 2571; x_wconf 87' lang='lat' dir='ltr'>ter</span> <span class='ocrx_word' id='word_1_269' title='bbox 1097 2531 1352 2583; x_wconf 85' lang='lat' dir='ltr'>productam</span> <span class='ocrx_word' id='word_1_270' title='bbox 1385 2544 1406 2571; x_wconf 82' lang='lat' dir='ltr'>e</span> <span class='ocrx_word' id='word_1_271' title='bbox 1435 2531 1478 2571; x_wconf 91' lang='lat' dir='ltr'>in</span> <span class='ocrx_word' id='word_1_272' title='bbox 1500 2530 1631 2571; x_wconf 90' lang='lat' dir='ltr'>verbo</span> 
     </span>
     <span class='ocr_line' id='line_1_34' title="bbox 128 2598 1632 2653; baseline -0.001 -12"><span class='ocrx_word' id='word_1_273' title='bbox 128 2604 280 2648; x_wconf 75' lang='lat' dir='ltr'>deesse,</span> <span class='ocrx_word' id='word_1_274' title='bbox 314 2613 409 2641; x_wconf 89' lang='lat' dir='ltr'>cum</span> <span class='ocrx_word' id='word_1_275' title='bbox 440 2613 564 2641; x_wconf 91' lang='lat' dir='ltr'>nemo</span> <span class='ocrx_word' id='word_1_276' title='bbox 596 2599 823 2652; x_wconf 87' lang='lat' dir='ltr'>quisquam</span> <span class='ocrx_word' id='word_1_277' title='bbox 854 2598 1144 2640; x_wconf 88' lang='lat' dir='ltr'>Romanorum</span> <span class='ocrx_word' id='word_1_278' title='bbox 1175 2603 1273 2640; x_wconf 88' lang='lat' dir='ltr'>ante</span> <span class='ocrx_word' id='word_1_279' title='bbox 1304 2599 1482 2653; x_wconf 83' lang='lat' dir='ltr'>hymnos</span> <span class='ocrx_word' id='word_1_280' title='bbox 1514 2598 1632 2652; x_wconf 86' lang='lat' dir='ltr'>ryth-</span> 
     </span>
     <span class='ocr_line' id='line_1_35' title="bbox 126 2667 1632 2709; baseline -0.001 0"><span class='ocrx_word' id='word_1_281' title='bbox 126 2669 258 2709; x_wconf 87' lang='lat' dir='ltr'>micos</span> <span class='ocrx_word' id='word_1_282' title='bbox 300 2667 633 2709; x_wconf 85' lang='lat' dir='ltr'>christianorum</span> <span class='ocrx_word' id='word_1_283' title='bbox 681 2667 837 2708; x_wconf 84' lang='lat' dir='ltr'>dixerit</span> <span class='ocrx_word' id='word_1_284' title='bbox 877 2667 959 2708; x_wconf 88' lang='lat' dir='ltr'>nisi</span> <span class='ocrx_word' id='word_1_285' title='bbox 1004 2671 1131 2708; x_wconf 78' lang='lat' dir='ltr'>desse.</span> <span class='ocrx_word' id='word_1_286' title='bbox 1203 2681 1304 2708; x_wconf 85' lang='lat' dir='ltr'>sane</span> <span class='ocrx_word' id='word_1_287' title='bbox 1351 2667 1549 2708; x_wconf 84' lang='lat' dir='ltr'>feruntur</span> <span class='ocrx_word' id='word_1_288' title='bbox 1589 2667 1632 2707; x_wconf 90' lang='lat' dir='ltr'>in</span> 
     </span>
     <span class='ocr_line' id='line_1_36' title="bbox 127 2734 1633 2791; baseline -0.002 -13"><span class='ocrx_word' id='word_1_289' title='bbox 127 2736 346 2778; x_wconf 87' lang='lat' dir='ltr'>Thebaide</span> <span class='ocrx_word' id='word_1_290' title='bbox 386 2736 494 2778; x_wconf 83' lang='lat' dir='ltr'>haec</span> <span class='ocrx_word' id='word_1_291' title='bbox 535 2735 671 2791; x_wconf 80' lang='lat' dir='ltr'>[VIII⁷</span> <span class='ocrx_word' id='word_1_292' title='bbox 705 2738 807 2786; x_wconf 83' lang='lat'><strong>2363</strong></span> <span class='ocrx_word' id='word_1_293' title='bbox 841 2735 896 2785; x_wconf 81' lang='lat' dir='ltr'>X,</span> <span class='ocrx_word' id='word_1_294' title='bbox 929 2738 1031 2785; x_wconf 78' lang='lat'>2363</span> <span class='ocrx_word' id='word_1_295' title='bbox 1065 2735 1141 2786; x_wconf 83' lang='lat' dir='ltr'>XI,</span> <span class='ocrx_word' id='word_1_296' title='bbox 1178 2736 1299 2790; x_wconf 82' lang='lat'><strong>276]:</strong></span> <span class='ocrx_word' id='word_1_297' title='bbox 1344 2734 1484 2776; x_wconf 74' lang='lat' dir='ltr'>‘nullis</span> <span class='ocrx_word' id='word_1_298' title='bbox 1522 2739 1633 2776; x_wconf 76' lang='lat' dir='ltr'>deest</span> 
     </span>
     <span class='ocr_line' id='line_1_37' title="bbox 126 2800 1630 2856; baseline -0.001 -10"><span class='ocrx_word' id='word_1_299' title='bbox 126 2819 202 2846; x_wconf 73' lang='lat' dir='ltr'>sua</span> <span class='ocrx_word' id='word_1_300' title='bbox 225 2808 374 2856; x_wconf 78' lang='lat' dir='ltr'>fabula</span> <span class='ocrx_word' id='word_1_301' title='bbox 395 2802 585 2854; x_wconf 72' lang='lat' dir='ltr'>mensis’;</span> <span class='ocrx_word' id='word_1_302' title='bbox 628 2803 722 2845; x_wconf 77' lang='lat' dir='ltr'>‘nec</span> <span class='ocrx_word' id='word_1_303' title='bbox 751 2808 863 2844; x_wconf 72' lang='lat' dir='ltr'>deesl</span> <span class='ocrx_word' id='word_1_304' title='bbox 891 2801 1085 2854; x_wconf 75' lang='lat' dir='ltr'>coeptis&#39;,·</span> <span class='ocrx_word' id='word_1_305' title='bbox 1118 2802 1250 2844; x_wconf 72' lang='lat' dir='ltr'>‘deest</span> <span class='ocrx_word' id='word_1_306' title='bbox 1270 2806 1434 2844; x_wconf 74' lang='lat' dir='ltr'>servitio</span> <span class='ocrx_word' id='word_1_307' title='bbox 1449 2800 1630 2853; x_wconf 73' lang='lat' dir='ltr'>plebes&#39;.</span> 
     </span>
     <span class='ocr_line' id='line_1_38' title="bbox 127 2871 1631 2926; baseline -0.002 -12"><span class='ocrx_word' id='word_1_308' title='bbox 127 2884 273 2914; x_wconf 77' lang='lat' dir='ltr'>verum</span> <span class='ocrx_word' id='word_1_309' title='bbox 310 2873 448 2926; x_wconf 86' lang='lat' dir='ltr'>primo</span> <span class='ocrx_word' id='word_1_310' title='bbox 486 2873 580 2914; x_wconf 84' lang='lat' dir='ltr'>loco</span> <span class='ocrx_word' id='word_1_311' title='bbox 621 2871 913 2925; x_wconf 88' lang='lat' dir='ltr'>reponendum</span> <span class='ocrx_word' id='word_1_312' title='bbox 946 2872 1132 2922; x_wconf 86' lang='lat' dir='ltr'>videtur,</span> <span class='ocrx_word' id='word_1_313' title='bbox 1174 2872 1287 2925; x_wconf 90' lang='lat' dir='ltr'>quod</span> <span class='ocrx_word' id='word_1_314' title='bbox 1316 2871 1631 2924; x_wconf 82' lang='lat' dir='ltr'>Lindenbrogio</span> 
     </span>
     <span class='ocr_line' id='line_1_39' title="bbox 128 2940 1633 2995; baseline -0.002 -12"><span class='ocrx_word' id='word_1_315' title='bbox 128 2946 170 2983; x_wconf 84' lang='lat' dir='ltr'>et</span> <span class='ocrx_word' id='word_1_316' title='bbox 202 2942 427 2983; x_wconf 85' lang='lat' dir='ltr'>Bernartio</span> <span class='ocrx_word' id='word_1_317' title='bbox 469 2942 653 2995; x_wconf 83' lang='lat' dir='ltr'>placuit,</span> <span class='ocrx_word' id='word_1_318' title='bbox 698 2940 839 2982; x_wconf 77' lang='lat' dir='ltr'>‘nullis</span> <span class='ocrx_word' id='word_1_319' title='bbox 881 2944 957 2981; x_wconf 72' lang='lat' dir='ltr'>iam</span> <span class='ocrx_word' id='word_1_320' title='bbox 1001 2945 1111 2981; x_wconf 74' lang='lat' dir='ltr'>dees!</span> <span class='ocrx_word' id='word_1_321' title='bbox 1151 2940 1234 2994; x_wconf 85' lang='lat' dir='ltr'>(vel</span> <span class='ocrx_word' id='word_1_322' title='bbox 1269 2941 1410 2994; x_wconf 84' lang='lat' dir='ltr'>potius</span> <span class='ocrx_word' id='word_1_323' title='bbox 1441 2944 1545 2989; x_wconf 70' lang='lat' dir='ltr'>(lest,</span> <span class='ocrx_word' id='word_1_324' title='bbox 1586 2943 1633 2980; x_wconf 88' lang='lat' dir='ltr'>ut</span> 
     </span>
    </p>
   </div>
   <div class='ocr_carea' id='block_1_8' title="bbox 1887 3238 1898 3292">
    <p class='ocr_par' dir='ltr' id='par_1_10' title="bbox 1887 3238 1898 3292">
     <span class='ocr_line' id='line_1_40' title="bbox 1887 3238 1898 3292; textangle 90"><span class='ocrx_word' id='word_1_325' title='bbox 1887 3238 1898 3292; x_wconf 69' lang='grc' dir='ltr'>-ιι-</span> 
     </span>
    </p>
   </div>
  </div>
 </body>
</html>
