1898 3292
245 228 325 266 306
834 236 953 261 1111311111
973 236 1163 268 QVARTVS.

243 338 500 392 negaverim,
526 341 615 379 tam
648 351 777 392 saepe
808 338 851 379 in
887 351 936 379 eo
966 338 1147 379 inveniri
1175 338 1353 379 eandem
1377 352 1618 389 consonam7
1650 353 1742 380 nus·

244 421 371 461 quam
404 410 452 448 ut
483 407 675 460 saepius,
713 410 755 448 et
787 406 958 459 quidem
991 407 1119 447 etiam
1152 407 1267 460 apud
1298 407 1392 448 illos
1425 411 1643 457 auctores,
1677 408 1750 460 qui

243 489 476 528 numquam
524 475 631 516 alias
679 474 948 515 admiserunt
993 475 1223 529 synizesin⁷
1266 475 1511 516 Lucretium
1557 479 1664 528 puta
1709 480 1751 516 et

244 543 573 586 sammonicum.
644 542 812 584 accedit
851 542 964 596 quod
1010 542 1173 584 Statius
1215 547 1373 591 tenuia,
1422 547 1581 584 tenuior
1625 544 1750 594 binis,

244 615 429 653 tenuiore
459 611 593 652 ternis
626 610 735 651 dixit
764 610 952 665 syllabis7
982 611 1024 651 111
1049 611 1204 664 quibus
1227 612 1261 651 si
1285 612 1564 652 statuerimus
1586 612 1751 665 pariter

244 683 257 720 ἰ
288 684 330 721 et
358 694 383 720 u
416 679 594 720 duratas
626 693 718 720 esse
753 679 796 719 111
833 693 1084 729 consonam,
1125 679 1169 720 id
1211 683 1326 720 certe
1370 680 1564 733 exemplo
1605 694 1751 721 carere

244 748 352 789 alias
384 746 660 789 fatendumst.
722 761 832 800 quae
876 761 970 787 cum
1018 747 1080 788 ita
1120 748 1222 798 sint,
1265 748 1518 801 plerumque
1561 748 1752 789 adducor

244 820 291 858 ut
317 816 488 858 credam
511 816 554 857 in
577 829 626 857 eo
656 815 770 868 quod
805 820 869 857 est
901 819 1045 865 lenuis,
1075 816 1185 857 sicut
1216 816 1258 856 in
1288 821 1470 859 solvende?
1499 820 1540 857 et
1571 821 1753 858 volvendi

244 885 404 935 verbis,
435 899 463 925 a
495 884 627 926 fuisse
663 897 766 925 sono
798 884 963 925 incerto
1004 888 1046 925 et
1079 898 1307 926 consonam
1338 885 1450 926 inter
1481 899 1531 926 ac
1562 885 1751 927 vocalem

246 953 396 995 medio.

358 1022 414 1062 At
443 1021 486 1062 in
519 1021 688 1062 Graeca
720 1021 932 1063 vocabula
976 1035 1055 1076 pro
1096 1021 1347 1063 diversitate
1384 1021 1555 1075 linguae
1587 1022 1752 1063 alienae

243 1089 383 1143 figura
419 1088 546 1131 modo
590 1094 793 1131 enarrata
838 1094 1068 1143 penetrare
1110 1103 1193 1131 11011
1238 1090 1391 1144 potuit.
1464 1095 1753 1144 excerpuntur

244 1171 355 1211 quae
399 1157 698 1211 antiquissimo
738 1162 932 1211 tempore
978 1163 1154 1212 recepta
1194 1158 1359 1211 vulgari
1403 1159 1752 1212 pronuntiatione

242 1230 444 1268 novatam
488 1239 657 1280 semper
699 1226 971 1268 retinuerunt
1012 1230 1025 1267 l
1067 1241 1319 1278 consonam,
1361 1231 1409 1268 ut-
1448 1231 1554 1281 puta
1590 1230 1752 1277 Graius,

248 1297 382 1344 Troia,
415 1297 535 1344 Aiax,
565 1297 691 1343 Maia,
722 1295 785 1336 ita
816 1299 960 1336 tamen
991 1298 1039 1336 ut
1070 1298 1083 1336 i
1114 1299 1227 1337 esset
1258 1295 1400 1336 media
1430 1296 1542 1336 inter
1563 1296 1753 1338 vocalem

243 1366 286 1404 et
318 1376 566 1413 consonam,
608 1363 718 1404 sicut
760 1364 1058 1416 antiquissimo
1090 1367 1284 1417 tempore
1315 1365 1358 1405 111
1392 1368 1566 1415 preleio,
1593 1368 1755 1415 proieci

242 1431 308 1472 vel
334 1431 377 1472 in
399 1431 594 1472 vocativo
617 1434 792 1482 Pompei,
829 1445 912 1484 quo
935 1431 1141 1473 Horatius
1164 1446 1266 1473 usus
1299 1436 1374 1473 est.
1426 1437 1577 1474 contra
1598 1437 1753 1474 Achaia

242 1499 316 1540 ubi
350 1500 393 1540 in
423 1513 549 1541 versu
578 1499 850 1554 trisyllabum
882 1500 948 1550 sit,
981 1514 1064 1541 non
1096 1500 1276 1542 invenio.

357 1567 491 1609 Porro
539 1568 609 1608 vix
654 1568 862 1609 memoria
908 1568 1099 1622 dignum,
1154 1568 1268 1622 quod
1319 1570 1361 1610 in
1412 1569 1534 1611 libris
1581 1570 1753 1624 scriptis

242 1636 475 1689 aliquando
521 1639 741 1690 ponuntur
790 1636 1017 1691 trisyllaba
1066 1637 1140 1678 illa
1186 1641 1384 1686 Naz'aaes,
1435 1641 1624 1679 Pleiades
1674 1652 1752 1692 pro
1813 1628 1817 1631 ⁸

243 1708 409 1753 Naides,
441 1708 620 1746 Pliades.
665 1730 714 1735 -
757 1705 890 1758 igitur
920 1710 1124 1759 vergente
1156 1706 1325 1747 demum
1365 1709 1509 1747 aetate
1554 1710 1596 1747 et
1639 1707 1753 1761 apud

242 1772 478 1814 deteriores
511 1773 780 1826 potissimum
813 1777 1012 1815 auctores
1045 1774 1186 1815 evenit
1213 1774 1389 1816 licentia
1417 1774 1503 1815 illa.
1559 1774 1634 1816 sed
1665 1776 1752 1829 pri-

242 1855 357 1882 mum
402 1841 644 1895 exemplum
692 1843 809 1896 (nam
850 1839 1129 1883 ‘Pharsaliam
1172 1840 1338 1884 coeant'
1385 1846 1427 1883 et
1469 1840 1544 1891 ‘e'0,
1584 1845 1751 1895 Hymen,

243 1912 490 1962 Hymenaee,
529 1906 588 1950 2'0'
642 1923 737 1951 cum
785 1910 966 1964 synizesi
1014 1911 1128 1952 elata
1171 1925 1252 1952 11011
1300 1911 1459 1952 rectius
1507 1912 1753 1953 tribuerunt

242 1977 417 2031 quidam
450 1977 617 2019 Catullo
660 1978 745 2033 [64‚
779 1981 855 2030 373
891 1981 956 2027 61,
993 1982 1072 2020 120
1103 1979 1215 2033 sqq]
1262 1992 1391 2032 quam
1423 1980 1496 2020 alii
1527 1981 1752 2023 imminuta

240 2046 343 2087 item
376 2045 568 2087 Martiali
611 2046 707 2101 [XL
739 2050 776 2097 2,
806 2047 850 2101 5]
895 2045 1092 2088 ‘clamant
1134 2061 1227 2089 eece
1266 2051 1363 2088 mei:
1407 2051 1462 2097 ἱο,
1502 2052 1748 2095 saturnalia,

240 2111 404 2155 vers'as'
447 2114 514 2155 vel
556 2113 660 2155 Silio
697 2115 796 2169 [III⁷
831 2115 933 2170 495]
977 2113 1185 2167 ‘Ossaque
1221 2129 1308 2157 cam
1337 2114 1493 2170 Pelio')
1537 2117 1752 2158 invenitur

240 2196 368 2224 versu
398 2183 574 2224 satirico
606 2183 822 2237 Sulpiciae
855 2183 940 2238 [5]:

446 2285 515 2308 nec
541 2274 711 2309 trimetro
737 2275 859 2309 iambo
884 2286 952 2309 nec
979 2275 1040 2319 qui
1067 2274 1161 2319 pede
1187 2274 1325 2310 fractus
1352 2275 1492 2310 eodem.

243 2351 358 2406 quod
388 2353 537 2394 vitium
569 2367 653 2395 non
686 2357 832 2408 potest
861 2354 954 2395 tolli
985 2354 1067 2395 nisi
1102 2354 1350 2408 scripseris:

446 2455 514 2479 nec
541 2445 709 2480 trimetro
739 2457 808 2481 nec
835 2446 897 2490 qui
922 2446 1016 2491 pede
1043 2446 1181 2481 fractus
1206 2447 1348 2481 iambus
1374 2447 1515 2481 eodem.

240 2523 463 2578 proximus
503 2524 620 2576 huic,
663 2539 774 2578 quae
807 2526 1053 2567 Domitiano
1095 2526 1176 2568 fuit
1216 2526 1428 2580 aequalis,
1466 2527 1748 2569 Terentianus

242 2606 337 2633 cum
377 2592 565 2634 Ausonio
608 2593 824 2647 [technop.
857 2594 955 2645 XII,
989 2595 1032 2649 7]
1074 2595 1195 2648 ponit
1235 2599 1316 2636 iota
1358 2595 1628 2649 disyllabam‚
1676 2596 1749 2649 qui

240 2659 346 2701 dicit
387 2660 647 2701 auctoritate
688 2662 923 2715 nescioqua
962 2663 1090 2703 etiam
1139 2663 1253 2716 apud
1295 2663 1484 2704 Graecos
1523 2667 1536 2704 ἰ
1575 2663 1745 2704 brevem

239 2728 362 2770 initio
402 2728 522 2770 verbi
567 2728 661 2770 fieri
707 2742 937 2770 consonam
983 2730 1259 2785 [ml—506]
1332 2731 1451 2772 cuius
1498 2744 1600 2772 sane
1645 2746 1748 2772 usus

241 2800 385 2837 aetate
417 2796 569 2838 ultima
600 2800 720 2838 certa
752 2797 964 2850 quaedam
996 2799 1271 2840 inveniuntur
1303 2799 1509 2853 exempla.

355 2864 422 2905 Ita
455 2869 496 2906 et
525 2864 567 2905 in
602 2865 767 2906 Latinis
799 2865 994 2906 versibus
1030 2866 1164 2908 habes
1198 2871 1349 2908 coacta
1381 2867 1496 2920 apud
1526 2870 1744 2908 auctorem

240 2931 450 2974 incertum
484 2933 526 2973 in
561 2933 798 2987 appendice
833 2934 1006 2974 Ausonii
1048 2935 1246 2988 [monost.
1281 2934 1332 2975 de
1371 2935 1445 2976 VII
1479 2935 1744 2988 sapientibus
