1898 3292
730 238 850 263 LIBER
869 237 1058 269 QVARTVS.
1566 232 1611 269 31
1626 232 1641 268 1

256 339 340 380 Sed
382 340 436 381 ad
480 341 652 381 tertiam
694 340 1000 381 contractionis
1044 340 1229 393 speciem
1272 345 1319 380 ut
1362 345 1644 392 transeamus,

143 407 226 448 duo
258 407 377 448 fuere
409 407 524 461 apud
555 408 730 449 Latinos
772 421 928 461 genera
969 407 1352 461 diphthongorum,
1395 423 1445 450 ex
1489 410 1645 463 quibus

142 475 260 529 prius
292 490 501 527 verarum,
540 475 784 530 spuriarum
814 475 997 517 alterum
1027 475 1144 517 haud
1174 476 1318 530 inepte
1350 477 1645 520 vocitabimus.

258 544 310 584 Et
339 544 382 584 in
413 544 496 586 illis
530 544 701 598 quidem
731 545 1001 598 potissimum
1031 544 1155 597 vulgo
1188 544 1328 586 locum
1357 546 1552 599 optinent
1582 561 1644 595 ae,

141 626 199 661 oe,
232 627 297 671 ᾳῑι.
359 627 485 654 rarae
517 627 569 654 ac
607 613 910 667 monosyllabis
941 613 1193 666 plerumque
1236 613 1376 655 verbis
1415 628 1490 655 seu
1532 629 1645 655 com-

140 681 291 734 positis
336 680 476 722 elatae
519 685 574 729 ei,
616 685 672 730 οἱ,
716 684 778 731 ui,
825 695 885 723 eu.
958 684 1003 722 at
1052 681 1266 734 posterior
1312 682 1494 735 species,
1546 697 1645 724 raro

140 750 340 803 synizesis
372 753 572 790 constans
604 749 718 803 apud
750 749 984 803 dactylicos
1016 764 1107 799 usu,
1141 750 1291 800 evenit,
1325 754 1372 791 ut
1402 751 1644 804 plurimum,

140 817 349 871 coiugatis
381 832 401 858 e
433 818 519 859 sive
555 833 579 859 ῑι
621 832 715 858 cum
757 817 935 858 diversis
969 817 1187 858 vocalibus
1230 822 1404 871 praeter
1436 823 1460 860 ι’.
1523 820 1645 861 omisi

139 900 238 927 vero
269 886 452 939 primum
486 890 539 935 αἱ,
572 890 619 927 ut
651 900 760 939 quae
792 901 875 927 non
905 885 1147 926 inveniatur
1176 885 1217 926 in
1240 886 1434 928 versibus
1466 887 1645 942 dactyli-

140 969 286 996 corum
308 954 388 995 nisi
414 954 544 995 semel
565 955 609 995 in
630 954 785 1008 hymno
819 954 1053 995 christiano
1086 953 1146 995 sic
1180 953 1302 1010 [Dan.
1325 955 1355 1005 Ι,
1380 959 1445 1006 89,
1469 960 1559 997 22-
1572 956 1641 1013 24]

132 1022 226 1064 ‘nec
255 1030 381 1064 morse
414 1027 521 1063 detra
552 1027 737 1073 linquere
769 1026 966 1064 tramitem
998 1025 1083 1063 veri
1114 1030 1277 1063 coaclzcs
1309 1037 1388 1064 non.
1420 1028 1531 1074 lecet,
1573 1029 1643 1075 αι’ί,

138 1094 208 1133 libe·
238 1104 407 1132 uxorem
437 1093 588 1132 habere
612 1095 766 1142 fratris
794 1088 1060 1133 aclultercme'.
1104 1106 1180 1133 nec
1204 1093 1339 1146 magis
1362 1097 1465 1146 apta
1486 1107 1643 1135 inemo-

138 1160 272 1200 riaest
312 1159 581 1200 Graecanica
625 1162 686 1210 yi‚
733 1174 861 1212 quam
909 1173 1004 1200 Cum
1050 1160 1316 1214 antiquiores
1358 1161 1473 1202 haud
1513 1161 1643 1204 dubie

138 1232 361 1269 externum
401 1227 457 1268 ad
497 1241 657 1268 morem
700 1228 1073 1281 pronuntiassent,
1121 1229 1327 1270 neoterici
1370 1230 1644 1272 inveniuntur

137 1296 388 1338 distraxisse
433 1300 724 1337 transmutata
774 1296 1026 1350 plerumque
1072 1300 1085 1337 ι’
1127 1297 1264 1338 vocali
1310 1298 1353 1338 in
1400 1312 1642 1350 consonam,

135 1365 237 1406 licet
268 1365 452 1406 Rutilius
491 1364 680 1406 secunda
718 1365 976 1418 pentametri
1010 1368 1134 1418 parte
1167 1365 1324 1406 dixerit
1355 1369 1563 1418 Harpyias
1596 1366 1641 1423 [1,

137 1432 256 1489 608],
301 1432 565 1486 eandemque
613 1432 795 1474 formam
841 1433 884 1473 in
929 1435 1111 1485 Tleye‘acle
1156 1436 1341 1475 testetur
1388 1434 1642 1476 Consentius

137 1501 214 1556 [gr.
245 1501 318 1541 lat.
351 1502 397 1550 V,
440 1500 536 1557 389]
584 1501 661 1541 sic:
709 1504 838 1542 simile
880 1508 939 1541 esc
979 1507 1016 1541 ec
1051 1504 1211 1553 Thyias.
1283 1516 1374 1543 nam
1415 1509 1459 1544 ut
1497 1507 1643 1545 scandi

128 1574 261 1621 possi(
292 1584 432 1610 versas
464 1578 500 1610 el
542 1577 675 1618 scm-e,
717 1583 768 1610 ea:
810 1572 966 1610 duabus
1002 1572 1168 1621 syllabis
1199 1584 1320 1611 unam
1353 1574 1449 1620 fieri
1477 1585 1643 1613 necesse

136 1648 212 1687 esc,
256 1645 298 1679 ut
339 1637 446 1694 [aen.
473 1638 543 1688 IV,
568 1636 690 1694 302]:
734 1635 929 1689 ‘leyias‚
962 1641 1028 1679 ubi
1059 1635 1238 1680 audito'.
1301 1639 1374 1692 qui
1408 1654 1491 1681 non
1537 1640 1642 1681 satis

135 1710 355 1760 comparet
402 1706 642 1748 breviorem
692 1705 873 1747 formam
916 1706 1087 1759 qualem
1129 1720 1221 1748 esse
1263 1707 1453 1749 voluerit.
1527 1708 1643 1762 quod

135 1778 286 1816 contra
328 1775 572 1816 Victorinus
619 1773 761 1830 [2474]
807 1777 850 1815 et
894 1774 1038 1816 Velius
1086 1773 1229 1831 [2220]
1276 1775 1320 1816 in
1361 1779 1549 1828 Harpyia
1600 1780 1642 1818 et

139 1847 321 1895 leyz‘ade
363 1847 376 1884 i
415 1857 625 1885 consonae
668 1856 759 1884 esse
803 1843 939 1884 instar
979 1846 1189 1883 asserunt.
1250 1843 1324 1884 sed
1356 1858 1404 1896 oy
1435 1858 1518 1885 non
1562 1844 1643 1886 fuit

135 1912 207 1965 qui
237 1912 354 1965 apud
384 1912 560 1953 Latinos
590 1914 702 1953 esset
724 1911 1027 1964 diphthongus.
1080 1924 1218 1964 neque
1241 1912 1352 1953 enim
1374 1912 1482 1954 bene
1504 1912 1642 1954 fertur

134 1980 250 2033 apud
281 1979 524 2021 Iuvenalem
560 1978 642 2036 [14,
680 1978 774 2035 102]
809 1979 984 2033 spondei
1011 1979 1149 2021 instar
1178 1984 1355 2033 Moysen,
1396 1994 1507 2034 quae
1538 1995 1640 2023 sane

137 2048 302 2102 species
340 2048 522 2089 nominis
563 2047 813 2089 ultimorum
842 2047 1011 2101 imperii
1043 2052 1284 2102 temporum
1318 2049 1567 2091 auctoribus
1599 2053 1641 2091 et

136 2117 407 2170 sequentium
449 2115 718 2157 saeculorum
756 2115 945 2157 librariis
973 2115 1099 2170 longe
1130 2117 1212 2158 fuit
1239 2117 1533 2158 usitatissima.
1595 2122 1641 2159 at

135 2184 205 2226 ille
237 2185 410 2238 scripsit
439 2187 585 2233 Moses,
631 2198 759 2237 quam
800 2188 843 2225 et
884 2184 1000 2238 apud
1029 2184 1256 2226 Paulinum
1291 2185 1426 2227 habes
1457 2185 1640 2227 formam

137 2252 219 2309 [15,
251 2252 348 2309 224]
382 2256 424 2293 et
455 2266 582 2306 saepe
614 2252 732 2294 alibi.

252 2322 341 2362 Iam
359 2321 664 2362 contractionis
682 2321 784 2371 eius,
807 2334 893 2374 qua
914 2334 976 2370 ae,
999 2335 1058 2371 oe,
1081 2336 1135 2363 au
1157 2321 1383 2374 efficiatur,
1405 2322 1641 2376 perexigua

135 2393 348 2443 apparent
386 2389 595 2442 exempla.
657 2389 830 2443 dignum
872 2393 1015 2431 tamen
1056 2390 1265 2431 memoria
1304 2390 1411 2432 illud
1449 2394 1640 2432 coemisse

135 2458 249 2511 apud
278 2457 523 2498 Terentium
551 2458 652 2511 poni
683 2457 953 2511 trisyllabum
996 2457 1181 2513 [adelph.
1215 2457 1336 2515 225]‚
1373 2459 1489 2512 quod
1522 2462 1639 2500 recte

133 2525 433 2567 Lachmannus
466 2525 549 2582 [pg.
582 2525 680 2582 248]
715 2526 856 2576 verbi,
888 2526 1002 2579 quod
1033 2530 1097 2567 est
1126 2531 1261 2578 coepi,
1304 2526 1496 2568 defendit
1525 2527 1639 2568 simi-

133 2594 324 2635 litudine.
377 2594 496 2634 cuius
529 2594 648 2647 origo
671 2593 918 2635 declaratur
939 2594 1020 2635 hoc
1043 2608 1165 2635 versu
1189 2595 1378 2636 Lucretii
1412 2593 1496 2651 [1V,
1516 2594 1637 2651 617]:

406 2667 519 2711 siquis
545 2667 640 2701 forte
664 2679 775 2701 manu
800 2679 968 2712 premere
994 2679 1036 2701 ac
1064 2668 1203 2702 siccare
1230 2668 1364 2712 coepit.

135 2730 249 2782 quod
287 2730 478 2783 praeisse
509 2729 678 2771 videtur
706 2730 879 2771 Ennius.
939 2730 1039 2771 huic
1080 2730 1191 2771 enim
1228 2733 1345 2771 recte
1387 2731 1583 2772 existimo
1613 2746 1638 2772 a

134 2797 408 2839 Lachmanno
453 2797 502 2853 [c.
534 2798 577 2838 in
608 2797 731 2839 Lucr.
762 2798 788 2839 l.
821 2797 890 2854 m.]
931 2798 1124 2839 additum
1156 2812 1324 2839 versum
1357 2799 1545 2840 auctoris
1575 2799 1636 2839 in-

135 2865 258 2914 certi,
301 2879 426 2917 quem
458 2865 622 2906 Plotius
654 2865 864 2907 Sacerdos
899 2867 1086 2906 servavit
1130 2864 1207 2921 [gr.
1238 2866 1264 2905 l.
1294 2866 1362 2914 VI,
1396 2865 1517 2922 468]:
1559 2881 1637 2907 rex

135 2935 271 2974 ambas
316 2936 427 2974 intra
468 2935 596 2987 (ultra
632 2934 714 2987 cd.)
758 2939 914 2986 fossam
960 2938 1142 2975 relinere
1186 2937 1317 2986 coepit
1366 2934 1480 2990 [ann.
1523 2935 1636 2992 536}
