1898 3292
774 242 894 267 LIBER
912 242 1066 266 PRIMVS.
1596 233 1673 271 123

171 345 442 397 coiugatione
480 344 709 398 dispositos
740 344 794 385 ab
826 343 897 385 illo
931 343 1026 397 quis
1058 343 1236 385 audebit
1267 343 1484 385 affirmare
1497 348 1516 385 ’ἔ
1561 345 1675 397 quod

170 416 313 454 autem
353 412 494 464 fuere,
541 413 614 466 qui
655 412 942 467 Bacchyliden
985 415 1228 466 respectum
1265 416 1469 466 putarent
1510 413 1552 453 in
1594 413 1675 454 hoc

172 481 397 535 opusculo,
442 481 599 535 quippe
641 481 713 534 qui
743 495 915 522 carmen
947 481 1047 522 item
1081 480 1329 522 sobrietatis
1360 485 1402 522 et
1433 485 1675 535 temperan-

169 550 256 591 tiae
294 550 495 592 laudibus
537 549 727 591 dicatum
768 550 979 591 continuis
1027 554 1249 591 exarasset
1294 549 1510 591 trochaeis
1555 551 1673 603 puris

170 617 310 673 [frgm.
344 618 435 673 28],
466 618 698 660 tenendum
729 621 778 660 ut
807 632 1041 671 numquam
1073 618 1193 669 alias,
1224 618 1286 659 ita
1315 632 1368 659 ne
1399 618 1469 660 hic
1504 619 1675 672 quidem

171 687 440 729 Doriensium
472 688 695 728 metricam
732 691 973 741 respectam
1003 687 1058 728 ab
1092 686 1285 738 Horatio,
1318 686 1363 728 id
1391 687 1505 741 quod
1535 687 1676 741 ipsum

171 755 365 797 declarat
407 759 614 811 systema,
660 755 712 797 de
754 769 837 809 quo
881 756 1034 809 agitur.
1110 755 1257 809 itaque
1294 769 1378 797 11011
1424 756 1560 808 magis
1607 756 1676 796 hic

171 839 299 878 quam
329 825 373 866 in
399 824 604 866 vaticinio
635 825 766 866 Nerei
795 825 843 879 [I,
870 825 957 880 15],
990 824 1064 866 ubi
1094 824 1198 865 item
1231 828 1401 866 constat
1433 824 1488 865 ab
1521 838 1570 865 eo
1601 824 1675 865 ob—

170 897 385 935 servatum
423 893 726 949 Bacchylidem
768 894 908 948 [frgm.
936 893 1030 948 29],
1070 897 1254 934 metrum
1299 893 1353 935 ab
1396 892 1676 945 Aeolensibus

170 961 355 1003 alienum
388 962 531 1016 potuit
561 962 743 1003 admitti.

284 1031 341 1072 At
372 1031 423 1072 de
457 1031 611 1073 ceteris
643 1031 887 1086 systematis
920 1044 1030 1085 quae
1064 1030 1204 1072 dicam
1234 1030 1374 1072 habeo
1406 1030 1525 1072 haee.
1587 1030 1631 1073 1..
1661 1031 1679 1071 1

171 1115 204 1141 c.
232 1103 254 1140 7
281 1102 323 1140 et
351 1103 404 1141 28
435 1100 570 1141 mixta
599 1100 850 1142 hexametro
882 1103 1222 1153 tetrametroque
1254 1099 1488 1154 dactylicis,
1522 1099 1678 1152 quibus

170 1169 299 1210 etiam
333 1168 616 1210 Archilochus
648 1183 751 1210 usus
783 1173 858 1211 est.
919 1169 1032 1210 idem
1063 1172 1266 1224 systema,
1299 1168 1374 1210 sed
1405 1167 1516 1209 binis
1547 1168 1677 1208 versi-

169 1237 248 1279 bus
280 1237 524 1288 decurrens,
558 1238 688 1278 etiam
719 1238 761 1279 in
786 1238 933 1292 epodis
956 1238 1171 1292 reperitur
1203 1238 1317 1293 [12];
1352 1240 1394 1278 et
1425 1251 1450 1278 a
1473 1236 1677 1278 Diomede

169 1305 426 1347 Archilocho
457 1306 590 1348 tribui
621 1310 720 1348 ante
755 1307 969 1349 dictumst.

285 1375 578 1429 Asclepiadeis
606 1375 842 1418 maioribus
885 1376 933 1431 [I,
970 1380 1040 1428 113
1077 1379 1144 1427 18,
1176 1376 1246 1426 IV,
1283 1376 1352 1430 lo]
1396 1378 1576 1416 exarata
1612 1378 1678 1415 ter

169 1443 393 1485 carmina*
438 1444 519 1485 hoc
565 1448 701 1486 metro
748 1448 887 1486 totum
930 1444 1112 1496 librum,
1160 1444 1234 1485 sed
1274 1458 1351 1497 per
1398 1443 1603 1494 disticha,
1652 1458 1677 1483 a

170 1512 344 1566 Sappho
375 1513 662 1567 perscriptum
694 1527 826 1567 supra
856 1513 1099 1555 memoravi.
1151 1513 1409 1555 tetrasticha
1431 1526 1532 1553 num
1553 1525 1677 1565 prae-

169 1582 317 1623 tulerit
348 1582 543 1633 Alcaeus,
575 1596 659 1623 non
691 1585 1010 1636 compertumst.

282 1650 417 1692 Porro
448 1651 529 1702 III,
562 1654 611 1692 12
645 1651 946 1693 concinnatum
977 1651 1126 1693 ionicis
1159 1666 1185 1693 a
1215 1651 1369 1692 minori
1408 1649 1677 1700 decametris,

169 1733 264 1759 cum
306 1718 515 1773 synaphia
551 1733 628 1773 per
669 1733 799 1761 unam
841 1720 1064 1774 stropham
1109 1720 1380 1762 continuatis.
1451 1719 1529 1760 hos
1574 1719 1675 1759 item

167 1786 300 1829 habet
329 1787 525 1839 Alcaeus,
556 1788 632 1830 sed
662 1789 874 1830 incertum
905 1803 959 1830 an
991 1789 1269 1843 dispositione
1302 1789 1482 1830 diversa.

281 1856 516 1899 Praeterea
547 1857 616 1908 IV,
649 1862 671 1900 5
704 1871 799 1899 011111
832 1858 961 1899 etiam
993 1872 1141 1900 versus
1177 1858 1338 1899 habeat
1378 1856 1676 1907 archilochios,

166 1925 464 1967 hexametrum
509 1925 766 1981 dactylicum
808 1930 850 1968 et
889 1927 1132 1969 trimetrum
1175 1927 1491 1977 catalecticum,
1532 1929 1677 1967 utrum

169 1997 268 2047 post
288 1993 463 2048 longum
485 1998 653 2049 tempus
683 1996 800 2049 (nam
823 2009 934 2049 quae
956 1996 999 2036 111
1020 1995 1158 2050 primo
1181 1995 1291 2037 libro
1316 1998 1464 2037 extant
1487 1994 1676 2036 eiusdem

168 2062 420 2104 imitationis
453 2063 650 2117 exempla
682 2068 730 2116 43
765 2068 813 2117 73
849 2067 914 2115 28,
946 2064 1058 2105 inter
1089 2064 1390 2118 antiquissima
1410 2063 1677 2106 numeranda

168 2132 405 2186 comparet)
449 2131 504 2173 ad
542 2131 658 2173 Parii
699 2136 854 2186 poetae
899 2132 1118 2174 revolutus
1164 2133 1220 2174 sit
1260 2137 1446 2188 systema
1484 2132 1675 2182 Flaccus,

167 2199 279 2241 sicut
308 2199 443 2241 visum
476 2200 672 2242 Diomedi
703 2202 782 2256 [gr.
814 2202 839 2243 l.
872 2202 903 2253 Ι,
937 2202 1053 2258 527],
1086 2216 1140 2243 an
1172 2216 1224 2244 ex
1257 2202 1415 2243 Alcaeo
1446 2200 1677 2256 sumpserit

167 2281 222 2308 an
252 2268 344 2322 ipse
373 2270 553 2321 novarit,
585 2284 739 2323 parum
770 2270 917 2324 liquet.

280 2337 476 2391 Denique
503 2339 543 2390 I,
577 2342 601 2380 8
632 2339 807 2393 proprio
840 2339 894 2381 ab
926 2339 998 2381 illo
1031 2339 1289 2381 adornatum
1318 2340 1502 2381 invento.

280 2405 391 2447 Vsus
424 2410 610 2448 autemst
643 2407 808 2449 alcaica
848 2408 1026 2462 stropha
1068 2409 1111 2449 in
1154 2408 1358 2450 XXXVII
1400 2407 1674 2458 carminibus,

167 2473 374 2527 sapphica
414 2475 457 2515 111
498 2475 659 2527 XXVI,
705 2476 1074 2531 asclepiadeorum
1120 2476 1348 2531 generibus
1397 2477 1584 2530 quinque
1632 2476 1675 2516 in

167 2541 360 2584 XXXIV.
423 2544 566 2584 omnia
598 2545 768 2586 omnino
800 2560 978 2587 numero
1010 2549 1109 2587 sunt
1138 2546 1241 2588 CIV.

282 2610 465 2653 Alcaicis
495 2613 684 2655 numeris
713 2620 755 2655 et
793 2614 1010 2668 sapphicis
1051 2616 1293 2669 promiscue
1326 2617 1577 2668 persecutus
1609 2617 1675 2654 est

165 2693 233 2720 res
265 2681 507 2733 argumenti
540 2682 699 2735 gravis,
731 2682 853 2734 levis,
883 2683 1033 2735 medii,
1078 2683 1360 2738 asclepiadeis
1404 2682 1672 2736 potissimum

165 2747 313 2788 tenuia
334 2762 385 2789 ac
405 2748 562 2790 mollia.
614 2750 725 2792 unde
750 2751 1048 2792 suavissimum
1071 2752 1271 2806 quodque
1295 2752 1385 2793 eius
1409 2750 1672 2804 opusculum,

165 2815 295 2856 veluti
327 2816 602 2859 decantatum
633 2818 739 2860 illud
783 2817 930 2861 ‘donec
969 2827 1115 2871 yratus
1148 2834 1258 2861 eram
1290 2817 1401 2868 abs,
1444 2819 1670 2863 concinna-

164 2886 298 2925 tumst
326 2884 454 2926 hisce.

280 2952 524 3008 Systemata
557 2954 724 3009 epodon
756 2960 855 2998 sunt
880 2957 948 3008 VI,
980 2957 1210 3012 lyricorum
1244 2957 1356 2999 XIII.
