1898 3292
797 233 916 258 LIBER
934 232 1108 257 TERTIVS.
1619 225 1640 261 2
1647 224 1695 261 21

195 336 263 386 IV,
287 339 324 385 8,
350 335 433 389 17].
485 334 612 388 plura
643 338 785 376 autem
819 334 870 375 de
902 348 947 375 re
981 334 1130 376 eadem
1153 338 1420 388 exponentur
1443 349 1468 375 a
1490 348 1555 375 me
1582 334 1607 375 l.
1632 335 1699 375 VI.

193 429 248 434 —
279 417 389 457 quae
421 417 516 444 cum
549 404 612 444 ita
644 404 745 453 siut,
785 417 869 443 non
900 406 1044 456 potest
1075 407 1191 444 stare
1226 402 1340 455 quod
1372 402 1518 444 Persio
1549 403 1702 444 tribuit

194 472 494 513 Lachmannus
525 474 708 512 metrum
742 472 798 525 [5,
834 472 926 525 19]:

398 574 470 596 non
499 562 669 606 equidem
693 562 764 596 hoc
790 562 931 605 studeo,
958 562 1166 605 ampullatis
1193 564 1234 595 ut
1258 561 1347 594 mihi
1373 563 1490 606 nugis.

195 645 240 683 at
262 642 462 683 Lucretio
498 642 577 683 etsi
612 655 695 682 non
730 642 811 682 erit
842 642 1136 694 incongruum,
1170 641 1283 694 quod
1316 641 1427 681 idem
1452 642 1619 682 addidit
1651 642 1701 683 de

195 710 444 751 coniectura
475 710 563 765 [VI,
600 710 750 764 1065fj:

400 812 491 845 quae
517 812 719 836 memorare
747 812 877 844 queam
902 800 998 834 inter
1023 800 1261 844 singillariter
1286 803 1373 844 apta

194 881 338 935 (vulgo
361 881 663 922 circumfertur
701 880 828 921 ‘Inter
859 895 903 922 se
931 879 1258 934 sinqulariler⁷),
1290 884 1434 921 tamen
1466 881 1578 933 quod
1603 882 1701 922 olim

195 949 496 1004 proposuimus
519 949 793 990 scribendum
838 948 964 990 ‘Inter
991 963 1035 990 se
1060 953 1178 990 simul
1201 953 1338 990 uniter
1360 947 1479 999 alna’
1516 964 1568 990 ne
1591 964 1703 991 nuuc

194 1018 366 1072 quidem
397 1031 481 1058 non
513 1017 809 1059 contendimus
841 1032 933 1059 esse
966 1032 1125 1059 verum.

309 1086 393 1128 Sed
442 1086 527 1127 iam
581 1085 635 1126 ad
684 1086 929 1140 suptiliores
977 1100 1254 1127 caesurarum
1299 1086 1539 1127 hexametri
1584 1087 1700 1140 leges

194 1155 459 1197 enarrandas
490 1154 831 1208 progrediamur.
884 1158 926 1195 et
959 1155 1144 1208 primum
1176 1154 1347 1208 quidem
1377 1155 1610 1196 declarabo
1632 1170 1699 1196 ra—

192 1224 331 1265 tiones
365 1236 570 1264 caesurae
603 1223 935 1276 semiquinariae
959 1223 1104 1273 virilis,
1137 1236 1247 1276 quae
1280 1238 1374 1264 cum
1398 1224 1512 1277 apud
1535 1228 1700 1265 veteres

194 1292 383 1334 Graecos
412 1291 585 1332 heroico
617 1291 887 1345 potissimum
921 1292 1109 1332 carmine
1142 1292 1416 1345 optinuisset,
1456 1292 1596 1333 minus
1627 1292 1701 1333 illa

192 1361 468 1414 frequentata
498 1360 656 1401 leviore
687 1360 884 1413 poeticae
917 1374 1087 1413 genere,
1131 1360 1293 1413 placita
1330 1360 1500 1401 omnino
1532 1360 1701 1401 diversa

194 1429 484 1470 Romanorum
516 1427 740 1481 optinuere
772 1443 863 1469 usu.
926 1442 1024 1469 nam
1056 1428 1171 1481 apud
1210 1428 1305 1469 illos
1346 1428 1550 1479 admissa,
1591 1442 1701 1481 quae

192 1497 389 1551 proxima
421 1496 691 1549 dignitatest,
737 1511 916 1537 caesura
946 1497 1077 1538 tertia
1107 1496 1329 1537 trochaica
1360 1496 1576 1538 molliores
1608 1511 1700 1538 eve-

192 1565 315 1606 niunt
356 1566 542 1616 numeri,
588 1564 632 1605 hi
672 1565 908 1618 legitimam
950 1565 1200 1606 divisionem
1231 1568 1406 1618 praeter
1439 1579 1554 1615 eam,
1591 1579 1701 1618 quae

192 1633 241 1674 fit
275 1634 316 1674 in
353 1633 483 1675 tertia
515 1633 620 1683 arsi,
668 1647 763 1674 cum
794 1647 878 1674 non
919 1633 1128 1684 habeant,
1171 1633 1253 1674 nisi
1295 1647 1405 1686 quae
1446 1634 1489 1673 in
1532 1637 1700 1686 quarta,

193 1715 322 1755 quam
353 1715 431 1756 per
462 1715 506 1743 se
540 1703 804 1755 asperiorem
836 1702 1089 1755 plerumque
1122 1705 1165 1742 et
1194 1701 1518 1743 trithemimeris
1551 1701 1699 1743 addita

193 1773 439 1824 exaggerat,
471 1783 555 1811 non
584 1774 765 1824 possunt
792 1770 1055 1812 substituere
1087 1770 1420 1823 semiquinariae
1451 1770 1699 1812 incisionem

192 1842 366 1893 praeter
398 1839 626 1881 duriorem.

306 1909 448 1961 Atque
483 1908 546 1949 ita
590 1907 853 1959 effectumst,
893 1912 942 1949 ut
981 1922 1032 1949 ex
1074 1908 1214 1961 poetis
1245 1907 1409 1949 Latinis
1452 1921 1535 1948 non
1577 1907 1701 1948 modo

194 1976 268 2030 qui
298 1990 367 2017 res
400 1980 543 2030 gestas
576 1976 846 2018 celebrarent
885 1980 960 2017 aut
990 1977 1104 2017 vitae
1145 1990 1247 2017 usus
1287 1975 1528 2029 panderent
1567 1976 1700 2030 potis-

194 2045 347 2086 simum
376 2048 603 2086 uterentur
634 2058 815 2086 caesura
846 2045 1215 2098 semiquinariam,
1261 2044 1336 2085 sed
1369 2045 1540 2097 saepius
1572 2045 1700 2085 etiam

193 2113 266 2166 qui
296 2113 407 2154 levia
441 2116 483 2155 et
511 2114 657 2155 iocosa
689 2117 995 2167 componerent
1017 2113 1219 2154 carmina.
1272 2127 1361 2154 rem
1384 2112 1483 2154 ilico
1505 2112 1701 2167 probabo

194 2181 411 2236 exemplis.

309 2250 393 2292 Sed
425 2254 473 2291 ut
503 2250 589 2291 alia
618 2250 837 2305 pleraque,
870 2264 1147 2292 caesurarum
1180 2249 1557 2304 temperandarum
1590 2250 1701 2291 viam

196 2322 238 2360 et
260 2319 471 2360 rationem
494 2318 805 2360 demonstravit
828 2319 1000 2360 Ennius.
1051 2332 1150 2359 nam
1180 2318 1293 2372 apud
1324 2318 1438 2359 hunc
1461 2332 1556 2359 cum
1577 2318 1702 2371 longe

194 2387 444 2440 praevaleat
487 2387 816 2440 semiquinaria,
859 2391 1028 2428 ceterae
1069 2387 1138 2428 vix
1177 2387 1263 2428 alia
1294 2390 1493 2428 constant
1523 2400 1702 2439 propor-

195 2455 310 2496 tione
342 2459 473 2509 atque
506 2455 621 2509 apud
658 2456 943 2509 insequentes.

307 2523 443 2576 Igitur
485 2537 580 2564 cum
621 2523 751 2577 paulo
782 2523 877 2577 plus
910 2523 982 2565 DC
1017 2527 1163 2565 extent
1196 2523 1262 2564 vel
1294 2537 1441 2564 versus
1474 2524 1701 2564 Annalium

195 2591 260 2632 vel
292 2592 533 2645 particulae
564 2606 782 2642 versuum,
814 2592 857 2632 in
891 2592 1045 2645 quibus
1077 2592 1310 2633 multarum
1341 2591 1490 2632 incisio
1523 2592 1701 2641 incerta,

196 2663 239 2700 et
260 2659 517 2713 aliquotiens
539 2660 735 2712 neglecta
757 2661 813 2701 sit
835 2674 1026 2711 caesura,
1056 2660 1304 2701 trochaicae
1327 2660 1482 2700 tertiae
1506 2660 1702 2713 exempla

196 2730 239 2768 et
279 2727 661 2780 hephthemimeris
703 2729 895 2781 (praeter
925 2742 996 2779 ea,
1038 2728 1113 2769 ubi
1150 2732 1193 2769 et
1225 2732 1324 2782 post
1355 2728 1549 2780 quintum
1578 2728 1702 2769 semi—

194 2795 347 2848 pedem
376 2795 545 2836 finitum
576 2795 772 2849 verbum)
803 2796 1078 2837 inveniuntur
1110 2796 1281 2837 circiter
1312 2795 1479 2836 LXXV.

341 2864 403 2904 Ex
452 2864 606 2905 ceteris
651 2865 812 2918 poetis,
862 2878 1041 2917 quorum
1089 2865 1264 2918 legerim
1311 2863 1467 2914 libros,
1514 2863 1699 2905 omnium

196 2932 366 2973 minime
412 2932 581 2973 videtur
630 2936 819 2973 sectatus
867 2933 1225 2986 penthemimerin
1267 2931 1464 2973 Valerius
1508 2932 1699 2973 Flaccus,
