1898 3292
708 214 828 239 [ABER
846 213 1056 239 SECVNDVS.
1558 207 1571 244 1
1583 208 1606 244 6
1614 210 1635 244 3

132 332 260 372 quam
287 317 420 359 fuisse
453 316 629 358 Graecis
661 318 854 367 cautum,
895 319 943 357 ut
980 316 1136 369 impari
1172 319 1342 357 tantum
1371 317 1503 358 iambi
1536 318 1635 359 sede

131 387 202 427 ille
242 400 318 439 pes
361 385 681 435 admitteretur,
726 384 768 425 id
811 398 938 437 quam
980 384 1035 425 sit
1075 398 1099 424 a
1137 398 1237 426 vero
1269 385 1454 426 alienum
1486 390 1638 439 postea

132 455 223 508 ipse
263 454 307 494 in
348 453 650 494 dissertatione
689 452 741 493 de
773 452 932 493 Babrio
963 451 1180 493 indicavit.
1240 466 1379 506 neque
1411 453 1526 506 apud
1558 453 1637 494 La-

131 523 243 563 tinos
283 547 340 552 —
381 521 466 562 iam
509 521 620 561 enim
662 520 716 561 ad
755 519 832 561 hos
875 534 942 561 ine
985 524 1185 562 converto
1225 546 1281 551 —
1319 535 1523 574 umquam
1559 536 1639 575 par

133 589 334 632 similisve
367 589 510 630 extitit
539 589 720 630 libertas
750 588 831 629 nisi
863 588 978 642 apud
1010 602 1102 639 eos,
1136 589 1208 642 qui
1241 589 1371 630 etiam
1402 590 1638 643 spondeum

133 659 423 709 admitterent,
452 657 525 699 ubi
556 671 639 698 non
663 657 846 708 deceret,
879 661 927 698 ut
957 661 1063 711 puta
1086 658 1304 699 scaenicos
1327 659 1638 700 vetustissimos

133 731 175 768 et
211 727 464 767 deterrimos
498 726 839 768 christianorum.
901 739 1034 779 quare
1076 725 1241 767 futilest
1284 726 1398 780 quod
1440 727 1640 780 probavit

134 796 341 836 Antonius
369 795 412 835 in
443 794 638 847 Priapeis
669 794 754 848 [58,
787 794 852 848 4]:

487 867 608 912 puella
634 879 707 901 non
735 867 848 900 ullum
873 867 1036 902 inveniat
1059 867 1272 911 fututorem,

134 951 281 978 verum
320 936 427 978 illud
469 939 552 986 est,
595 935 710 989 quod
751 935 949 977 firmatur
988 936 1110 977 libris
1153 940 1220 977 sat
1259 936 1423 987 multis,
1470 935 1639 978 ‘nullum

133 1002 356 1056 reperiat’.
405 1018 484 1045 nec
512 1004 671 1046 rectius
702 1004 840 1045 fertur
862 1004 965 1045 alibi
987 1005 1030 1045 in
1051 1004 1184 1046 isdem
1216 1005 1301 1059 [63,
1326 1005 1369 1059 9]
1414 1003 1513 1046 ‘hue
1534 1010 1642 1047 adde

134 1077 243 1124 quod
269 1087 329 1114 me
360 1075 579 1114 terribilem
611 1076 727 1113 deum
759 1078 874 1124 fuste
907 1087 1049 1114 manus
1079 1076 1168 1114 sine
1199 1081 1290 1115 arte
1320 1077 1500 1114 rusticae
1531 1078 1641 1115 dola-

133 1139 316 1182 verzmt'.
377 1140 532 1194 quibus
573 1144 756 1194 apparet
799 1154 850 1182 ex
894 1140 1087 1182 codicum
1116 1142 1373 1182 testimoniis
1404 1156 1482 1195 per
1511 1143 1641 1183 inter-

134 1209 396 1263 polationem
420 1209 651 1250 accessisse
675 1213 803 1251 deum.
836 1213 880 1250 at
901 1209 1052 1251 melius
1075 1223 1385 1264 usquequaque
1408 1210 1643 1264 explendae

135 1278 400 1319 consulueris
445 1277 626 1318 lacunae
664 1278 727 1319 ita
769 1277 1067 1319 constituendo
1107 1292 1276 1319 versum
1317 1279 1505 1332 priorem
1547 1278 1645 1320 ‘leue

134 1350 241 1387 adde
272 1350 381 1397 quod
406 1360 467 1387 me
496 1349 609 1387 vilem
642 1353 679 1386 et
709 1349 806 1387 rudi
837 1343 990 1398 [πεῖθ’.

251 1415 456 1468 Superest
487 1417 536 1455 ut
567 1414 901 1464 demonstretur,
943 1428 1028 1468 qua
1057 1415 1318 1468 frequentia,
1358 1416 1514 1469 quibus
1545 1430 1642 1457 con-

135 1474 448 1524 dicionibus'in
478 1483 626 1524 metris
657 1482 853 1524 iambicis
884 1483 1171 1525 trochaicisve
1211 1483 1423 1526 admissus
1456 1485 1511 1525 sit
1542 1498 1643 1526 ana-

134 1555 310 1604 paestus
340 1551 407 1592 vel
437 1550 643 1605 dactylus.

251 1620 402 1672 Itaque
424 1619 609 1672 primum
632 1619 860 1673 respiciam
881 1619 1090 1662 iambicos
1110 1633 1323 1671 numeros,
1347 1623 1395 1662 ut
1417 1621 1489 1674 qui
1511 1621 1643 1662 usita-

135 1688 267 1728 tiores
303 1687 428 1740 longe
469 1687 630 1728 fuerint
670 1687 902 1729 trochaicis
949 1688 1064 1742 apud
1103 1692 1254 1741 poetas
1295 1688 1542 1743 dactylicos.
1603 1693 1646 1730 et

137 1756 320 1796 maxime
364 1755 536 1809 quidem
576 1755 737 1796 curabo
784 1757 1025 1808 trimetros,
1070 1756 1359 1798 nobilissimos
1401 1758 1558 1810 quippe
1603 1761 1645 1798 et

136 1824 464 1877 vulgatissimos.
511 1849 566 1855 —-
607 1828 795 1866 ceterum
836 1838 946 1878 quae
988 1825 1039 1866 de
1082 1826 1306 1879 anapaesti
1347 1825 1514 1879 legibus
1552 1840 1643 1867 sum

138 1892 424 1945 expositurus,
455 1893 597 1933 omnia
628 1893 757 1933 etiam
787 1893 842 1934 ad
874 1893 1066 1948 dactylos
1100 1895 1328 1946 pertinent,
1363 1895 1554 1947 exceptis
1586 1895 1646 1935 eis

139 1974 249 2014 quae
280 1961 376 2014 ipsa
407 1964 564 2002 natura
594 1961 719 2002 metri
756 1961 964 2002 trochaici
1004 1966 1103 2003 sunt
1149 1962 1339 2013 exclusa,
1379 1963 1511 2003 veluti
1547 1963 1646 2003 dac-

137 2029 250 2083 tylus
281 2042 359 2082 pro
392 2029 580 2082 spondeo
611 2030 654 2070 in
685 2030 822 2083 primo
855 2030 960 2080 loco,
993 2030 1193 2083 quoniam
1223 2030 1294 2071 hic
1324 2044 1409 2072 non
1439 2031 1648 2084 recipitur

138 2097 220 2137 nisi
249 2096 350 2138 sede
381 2098 488 2151 pari.
550 2098 664 2151 quod
694 2112 788 2138 cum
816 2098 877 2138 ita
905 2098 977 2149 sit,
1022 2099 1065 2138 in
1107 2099 1385 2152 sequentibus
1422 2100 1647 2152 anapaesti

137 2179 291 2206 nomen
319 2165 571 2219 plerumque
603 2170 786 2219 ponetur
817 2180 895 2220 pro
926 2166 1036 2220 pede
1066 2170 1262 2220 utroque.

253 2234 390 2287 Igitur
432 2235 664 2287 plurimum
709 2235 753 2276 in
798 2236 994 2276 trimetro
1045 2235 1244 2277 licentiae
1296 2235 1514 2277 vindicare
1566 2236 1647 2278 sibi

139 2302 324 2355 primum
365 2302 519 2356 pedem
559 2317 642 2344 non
686 2307 751 2344 est
794 2303 907 2357 quod
948 2304 1115 2345 mirere.
1185 2304 1405 2357 proximus
1445 2304 1647 2345 libertate

138 2370 324 2411 habetur
353 2371 642 2424 paenultimus
682 2376 856 2424 praeter
894 2376 1032 2413 metra
1062 2372 1364 2425 hipponactea.
1426 2373 1647 2413 minimum

138 2439 287 2479 veniae
317 2440 446 2480 tertio
469 2443 761 2481 concessumst
782 2440 836 2481 ob
859 2453 1093 2481 caesuram.
1142 2440 1185 2481 in
1207 2440 1477 2482 brevioribus
1499 2442 1648 2482 metris

141 2519 236 2547 cum
266 2506 494 2560 principali
526 2507 617 2549 sedi
648 2508 796 2549 similis
828 2508 943 2550 adsit
972 2508 1172 2560 libertas,
1216 2512 1389 2550 arcetur
1421 2523 1447 2550 a
1475 2509 1647 2550 relicuis

140 2574 336 2627 partibus
359 2580 619 2628 anapaestus
643 2581 821 2630 excepto
844 2577 1024 2618 dimetro
1041 2591 1126 2618 non
1144 2577 1408 2618 catalectico.
1459 2581 1648 2618 ceterum

140 2642 455 2696 infrequentior
484 2644 609 2697 longe
641 2645 684 2685 in
714 2649 967 2686 tetrametro
997 2645 1217 2687 trochaico
1241 2645 1447 2699 dactylus.
1499 2646 1571 2698 qui
1594 2646 1647 2686 ab

141 2710 216 2751 illa
245 2711 365 2762 sede,
407 2715 506 2765 post
538 2726 666 2765 quam
695 2712 745 2754 fit
776 2714 948 2764 incisio,
991 2728 1066 2754 cur
1097 2714 1153 2755 sit
1185 2714 1367 2764 alienus,
1409 2713 1535 2754 facile
1575 2727 1648 2767 ap—

142 2778 331 2830 parebit,
364 2779 439 2820 sed
470 2779 536 2820 vel
567 2780 755 2821 secunda
787 2785 829 2822 et
860 2785 982 2822 sexta
1013 2782 1227 2823 invenitur
1257 2781 1488 2822 rarissime.
1551 2795 1647 2823 con-

144 2846 353 2888 dicionem
386 2850 529 2889 autem
553 2850 777 2901 anapaesti
799 2849 1054 2891 admittendi
1075 2853 1230 2903 poetae
1254 2849 1455 2903 dactylici
1476 2849 1649 2891 voluere

144 2914 298 2965 talem,
330 2929 563 2968 numquam
594 2920 642 2957 ut
672 2916 821 2958 liceret
851 2921 1026 2970 praeter
1057 2918 1292 2971 principem
1326 2917 1478 2970 pedem
1510 2918 1647 2959 thes-in

1313 2985 1375 3018 ll*
