1898 3292
713 225 832 248 LIBER
851 224 1061 249 sncvnnvs.
1562 217 1639 255 185

137 341 187 368 ea
216 341 308 367 cum
344 327 428 367 sint
460 326 779 380 Amphitryonis
811 327 1052 377 Herculem,
1086 327 1158 379 qui
1190 327 1410 378 coniugem
1444 331 1486 367 et
1518 331 1641 368 natos

135 398 392 449 peremerat,
424 394 614 445 solantis,
646 409 730 436 non
751 398 896 449 potest
917 399 1033 436 recte
1055 395 1216 436 habere
1238 395 1342 436 illud
1365 401 1638 437 memorcmda.

136 464 238 517 quid
271 463 412 504 enim?
461 467 550 504 tam
582 463 722 504 dirum
755 463 921 504 facinus
953 478 1091 505 nonne
1125 467 1166 504 et
1196 464 1336 517 ipsum
1370 463 1450 505 fuit
1483 464 1640 517 dignis-

135 533 288 573 simum
320 532 527 572 memoria
557 531 806 573 hominum?
855 536 900 573 at
930 532 1021 586 ipse
1057 532 1262 573 Hercules
1294 532 1464 573 dixerat
1495 533 1640 586 paullo

136 603 234 641 ante
277 600 425 654 [1240]
469 598 567 641 ‘non
599 603 658 641 sic
694 605 845 652 surore
876 604 997 641 cessit
1028 604 1231 641 eoete'nclus
1264 605 1424 651 pudor,
1465 605 1641 651 populos

135 676 179 709 ut
221 682 353 709 omnes
396 672 516 719 impio
558 672 756 719 adspectu
800 667 983 720 sassem’.
1052 673 1282 722 praeterea
1328 669 1535 711 vocabulo
1578 684 1641 710 se-

135 739 292 790 quente
332 740 514 777 criminis
555 741 737 790 apparet
776 738 910 791 priori
942 738 1083 779 versui
1114 737 1322 789 adfuisse,
1366 752 1449 791 quo
1492 741 1640 791 aperte

134 804 284 846 laudes
316 804 661 857 significarentur
693 806 902 847 Herculis.
954 806 1069 847 venit
1100 806 1153 847 ab
1185 809 1360 847 auctore
1391 810 1639 848 veneranda.

133 873 195 914 ita
225 873 267 913 in
301 873 464 927 Oedipo
497 874 616 928 [718]
659 874 847 915 deterior
886 888 987 928 pars
1017 875 1227 916 librorum
1257 875 1390 915 habet
1416 888 1642 915 memorans

136 956 211 983 seu
243 955 461 983 numerans
496 956 574 996 pro
618 957 831 984 venerans.
894 943 1130 997 eademque
1172 943 1325 984 menda
1357 943 1457 984 olim
1492 943 1643 984 antho-

134 1010 274 1063 logiae
307 1024 480 1052 carmen
516 1010 793 1052 liberavimus
825 1012 940 1066 [437,
975 1015 997 1053 3
1033 1012 1120 1066 R.],
1153 1012 1421 1066 reponendo:

408 1102 531 1146 aspice
558 1102 761 1137 Alexandri
787 1103 949 1147 positum
975 1104 1185 1139 venerabile
1212 1116 1356 1150 corpus.

133 1197 262 1236 porro
294 1183 337 1224 in
368 1182 551 1237 Thyeste
583 1183 779 1224 feruntur
809 1184 916 1224 talia
948 1184 1091 1239 [299]:

681 1269 710 1303 si
736 1269 842 1303 nimis
868 1269 980 1303 durus
1009 1281 1139 1314 preces

477 1328 627 1371 spernet
652 1325 840 1371 Thyestes,
867 1326 1002 1361 liberos
1029 1328 1105 1361 eius
1133 1327 1242 1362 rudes

475 1383 652 1427 malisque
681 1383 797 1418 fessos
822 1384 994 1428 gravibus
1021 1387 1057 1419 et
1082 1384 1206 1419 faciles
1233 1385 1313 1429 capi

476 1451 587 1485 prece
613 1442 908 1476 commovebunt.

132 1521 174 1561 in
207 1520 362 1574 quibus
394 1524 687 1562 commovebunt
718 1521 887 1576 scripsi,
922 1536 1016 1563 cum
1055 1523 1098 1563 in
1131 1522 1277 1564 codice
1310 1523 1556 1565 Florentino
1589 1524 1643 1565 sit

134 1592 396 1638 commovebo,
429 1589 544 1642 quod
575 1604 652 1630 nec
685 1590 739 1631 ad
771 1591 1026 1631 sententiam
1060 1591 1162 1632 satis
1196 1595 1388 1645 aptumst
1418 1618 1473 1622 —
1504 1607 1642 1646 neque

134 1658 246 1698 enim
275 1657 398 1698 decet
429 1657 483 1699 ab
517 1658 647 1699 Atreo
678 1658 772 1712 ipso
805 1659 1018 1714 Thyestae
1050 1674 1206 1714 pueros
1247 1660 1448 1714 precibus
1489 1661 1644 1702 ambiri

133 1751 187 1756 -——
231 1729 274 1767 et
314 1725 485 1767 foedum
537 1725 659 1768 hiatu
710 1726 764 1768 ob
815 1728 1111 1781 insequentem
1162 1728 1366 1770 vocalem.
1439 1729 1513 1770 sed
1558 1743 1642 1771 non

133 1794 270 1848 magis
298 1798 443 1849 potest
472 1809 564 1836 esse
595 1809 741 1836 verum
775 1796 889 1850 quod
923 1796 1059 1838 altero
1091 1811 1217 1838 versu
1245 1797 1431 1839 habetur
1463 1798 1640 1839 verbum

132 1863 454 1917 paenultimum.
516 1878 614 1904 nam
644 1878 737 1906 cum
776 1865 849 1905 illa
891 1868 997 1914 eius,
1028 1879 1181 1915 eorum,
1216 1880 1355 1907 earum
1397 1867 1451 1908 ab
1494 1867 1640 1921 epicae

132 1931 398 1985 melicaeque
445 1932 645 1974 dictionis
693 1933 905 1986 gravitate
952 1933 1093 1975 aliena
1138 1948 1229 1976 esse
1276 1936 1494 1977 verissime
1545 1940 1642 1990 post

132 2000 374 2042 Bentleium
418 2001 503 2042 iam
548 2005 791 2053 statuatur,
837 2002 932 2055 quis
977 2002 1123 2044 credet
1161 2017 1212 2045 ea
1250 2004 1501 2057 tragoediae
1543 2019 1641 2046 con-

133 2070 291 2120 venire,
325 2070 390 2110 cui
426 2070 555 2111 etiam
587 2070 727 2112 minus
759 2070 937 2112 multost
969 2075 1071 2124 apta
1103 2071 1234 2114 dictio
1265 2072 1437 2114 humilis
1470 2087 1520 2114 ac
1552 2073 1640 2115 vul-

133 2137 279 2190 garis?
340 2138 613 2180 scribendum
652 2143 803 2181 melius.
850 2164 907 2170 —-
949 2140 1035 2181 iam
1081 2141 1123 2181 in
1155 2141 1400 2183 Phoenissis
1430 2142 1538 2183 haec
1570 2156 1641 2184 ex-

131 2209 227 2247 tant
257 2207 400 2262 [455]:

611 2267 739 2299 sancta
764 2265 793 2299 si
818 2266 936 2310 pictas
964 2266 1096 2311 placet,

475 2321 610 2356 donate
635 2322 743 2356 matri
768 2334 907 2366 pacem.
957 2324 986 2358 si
1013 2324 1153 2368 placuit
1175 2325 1304 2369 scelus,

475 2378 590 2412 maius
617 2381 834 2423 paratumst.

249 2457 352 2507 Quis
385 2457 532 2498 credet
561 2459 767 2499 Senecam
805 2459 901 2512 pari
941 2460 1035 2501 loco
1066 2475 1214 2503 versus
1244 2462 1417 2503 iambici
1448 2464 1640 2516 potuisse

132 2524 360 2566 admittere
383 2526 647 2579 spondeum?
680 2527 952 2569 scribendum
968 2536 1109 2579 pacta.
1148 2530 1253 2571 illud
1272 2535 1420 2572 donate
1437 2531 1641 2573 dictumst

132 2593 255 2646 quasi
289 2598 511 2636 concedite.
548 2620 597 2624 ff
630 2595 726 2636 dein
757 2595 874 2637 haud
906 2611 1007 2638 sane
1038 2602 1237 2652 apparet,
1279 2614 1465 2652 quonam
1502 2604 1638 2641 metro

132 2665 329 2703 constare
370 2663 618 2716 putaverint
658 2678 768 2717 quae
809 2665 852 2705 in
885 2665 1117 2721 Hippolyto
1150 2670 1192 2708 et
1222 2667 1401 2709 Troasin
1438 2668 1639 2721 leguntur

132 2730 418 2783 anapaesticis
441 2731 633 2773 admixta
661 2732 766 2773 talia
793 2734 923 2787 [1140
938 2748 1047 2787 sqq,
1077 2735 1171 2789 106]
1207 2734 1340 2777 ‘circa
1362 2750 1493 2787 regma
1516 2743 1638 2778 tonat.

131 2801 237 2839 volat
267 2801 464 2851 ambiym's
495 2803 648 2841 mobilis
682 2804 757 2841 alis
788 2799 934 2851 l207·a';
989 2801 1117 2844 ‘nuno
1156 2818 1264 2844 mmo
1303 2807 1410 2844 vires
1447 2818 1639 2855 exprome

133 2869 247 2907 dolor
279 2865 409 2909 tuas’.
462 2871 505 2909 et
535 2869 773 2922 posteriore
803 2870 975 2923 quidem
997 2871 1090 2912 1000
1113 2875 1181 2912 sat
1203 2875 1371 2913 constat
1393 2872 1637 2914 addendum

132 2947 224 2976 esse
248 2939 424 2988 furiose,
457 2937 567 2978 sicut
589 2942 654 2979 est
675 2938 718 2978 in
739 2938 894 2980 Medea
926 2940 1046 2995 [139]
1091 2938 1263 2989 ‘melius5
1296 2955 1321 2981 α
1351 2945 1491 2986 melius
1524 2945 1638 2984 dolor
