1898 3292
211 158 259 199 16
822 167 1100 192 PROHOEMIVM.

206 272 311 315 ravi.
342 275 384 312 et
405 270 602 312 firmatur
626 284 694 311 res
716 269 957 323 fragmento
976 270 1027 310 de
1051 270 1197 310 metris
1220 269 1334 322 quod
1357 270 1514 323 legitur
1538 284 1714 323 gramm.

204 340 279 382 lat.
314 341 388 391 VI,
427 343 508 382 255
543 353 633 393 sqq.
677 368 729 372 —
773 352 883 392 quae
925 338 976 380 de
1021 337 1317 380 communibus
1360 337 1536 392 syllabis
1577 338 1716 379 solent

205 409 359 450 referri
403 412 445 449 et
493 408 577 449 alia
619 407 832 461 quaedam
872 407 1156 461 perversitate
1199 406 1432 457 simillima,
1473 420 1524 447 ex
1566 406 1715 448 eodem

205 481 348 519 tracta
388 476 505 518 haud
548 480 709 518 temere
754 475 1070 517 affirmaverim.
1131 490 1229 517 nam
1270 476 1306 516 si
1346 475 1458 516 idem
1498 474 1579 516 fuit
1621 489 1716 515 cum

205 547 359 601 lyrico,
394 559 520 599 quem
552 558 709 598 magna
739 543 866 585 laude
898 543 1021 586 effert
1056 545 1126 599 [X,
1162 549 1196 596 1,
1230 544 1301 599 96]
1335 543 1623 595 Quintilianus
1656 545 1717 598 (et

205 619 387 668 uterque
419 614 579 655 Neroni
610 613 692 655 fuit
723 613 949 667 aequalis),
982 627 1065 654 non
1096 613 1239 667 potuit
1268 613 1374 654 talia
1403 612 1715 662 commendare,

206 698 317 737 quae
350 697 375 724 a
405 686 633 737 poetarum
663 682 727 724 sui
769 682 976 736 temporis
1012 696 1091 723 usu
1123 682 1318 735 adeoque
1347 696 1372 723 a
1402 681 1588 736 propriis
1622 694 1714 722 car-

206 752 392 794 minibus
427 755 546 793 tanto
581 765 710 805 opere
741 751 906 792 videret
939 751 1187 792 abhorrere.
1231 751 1379 804 itaque
1411 750 1511 791 111110
1541 749 1716 791 tertium

204 825 374 862 tantum
408 834 541 874 genus
573 820 859 861 communium
892 819 1156 873 syllabarum
1184 819 1414 872 probatum
1449 818 1658 860 existimo.

321 890 459 943 Igitur
492 903 543 930 ex
577 889 660 930 alio
695 889 811 930 fonte
842 888 1049 942 pleraque
1073 888 1494 929 derivata'existimo
1527 901 1552 928 a
1583 887 1717 940 scrip-

207 959 374 1000 toribus
403 959 465 999 rei
498 959 716 1008 metricae,
750 958 821 1011 qui
857 960 1017 1008 extant,
1049 957 1125 998 sed
1150 971 1201 998 ex
1230 970 1314 998 uno
1347 956 1437 998 fere
1470 956 1717 1009 eodemque,

208 1042 234 1068 a
266 1041 349 1081 quo
383 1027 569 1068 fortasse
603 1027 731 1068 etiam
758 1040 868 1080 quae
892 1026 944 1067 de
967 1026 1160 1080 epiploce
1182 1029 1423 1067 memorant
1444 1025 1498 1066 ad
1522 1025 1718 1066 Caesium

208 1096 388 1137 Bassum
421 1095 648 1136 referenda
680 1109 912 1149 sumpsere.
965 1109 1091 1148 quem
1122 1095 1294 1149 quidem
1327 1109 1411 1136 non
1443 1093 1666 1135 aberrabit
1694 1106 1720 1133 a

208 1178 309 1205 vero
349 1164 421 1217 qui
457 1164 531 1205 fini
564 1178 594 1204 s.
626 1178 664 1217 p.
689 1163 785 1205 Chr.
808 1179 846 1204 n.
879 1164 897 1204 I
929 1163 994 1205 vel
1028 1164 1067 1204 II
1097 1164 1230 1205 initiis
1265 1163 1558 1217 adscripserit.
1619 1175 1718 1202 nam

209 1236 257 1274 ut
289 1233 484 1274 omittam
516 1233 724 1286 pleraque
756 1246 923 1283 eorum,
967 1246 1062 1273 cum
1102 1233 1145 1273 in
1182 1232 1332 1286 paucis
1365 1246 1415 1273 ac
1446 1231 1622 1272 minutis
1653 1244 1719 1271 re-

208 1301 289 1342 bus
332 1300 556 1353 differant,
596 1301 639 1341 in
681 1314 848 1342 summa
889 1304 977 1342 tam
1020 1314 1112 1342 esse
1154 1301 1314 1342 interse
1346 1300 1519 1351 similia,
1563 1313 1646 1340 11011
1674 1302 1721 1339 111

210 1384 333 1412 ovum
366 1370 503 1423 magis
535 1384 632 1421 ovo,
664 1369 745 1411 hoc
776 1370 1047 1423 potissimum
1079 1369 1288 1411 evincitur
1318 1369 1423 1410 illud
1455 1371 1720 1422 argumento,

211 1439 325 1492 quod
356 1439 399 1480 in
432 1439 566 1481 isdem
598 1439 844 1493 praeceptis
873 1438 1259 1480 commonstrandis
1282 1438 1430 1480 eadem
1454 1438 1509 1479 ad
1530 1437 1719 1479 taedium

209 1522 344 1561 usque
381 1507 638 1561 ingeruntur
687 1510 913 1549 auctorum
956 1507 1174 1561 exempla,
1222 1507 1351 1548 etiam
1400 1507 1474 1548 ubi
1516 1506 1722 1548 facillima

210 1590 343 1630 opera
386 1576 566 1617 eundem
605 1577 648 1617 in
691 1591 815 1618 usum
856 1576 1007 1618 liceret
1049 1576 1164 1617 mille
1205 1576 1290 1617 alia
1322 1576 1555 1629 surrogari.
1618 1574 1721 1629 quid

211 1645 354 1686 enim?
396 1659 495 1686 num
537 1658 639 1686 casu
679 1645 845 1686 venisse
879 1645 1123 1696 credemus,
1156 1644 1271 1698 quod
1303 1645 1468 1699 pariter
1498 1644 1610 1685 idem
1642 1657 1721 1698 pro

211 1713 406 1767 exemplo
439 1727 665 1765 caesurae,
707 1714 741 1755 si
773 1713 838 1755 dis
869 1713 1034 1767 placet,
1078 1713 1325 1755 trochaicae
1356 1716 1521 1768 ponunt
1551 1726 1721 1754 versum

211 1783 324 1824 hunc
350 1781 581 1834 ‘infundant
613 1786 761 1834 reqina
793 1785 905 1824 iubes
937 1796 1138 1823 renovare
1161 1780 1372 1834 dolorem',
1406 1782 1607 1836 quodque
1633 1795 1722 1822 cer-

213 1852 338 1892 tatim
369 1865 448 1905 pro
481 1850 676 1905 exemplo
708 1851 839 1892 iambi
878 1850 1066 1892 afferunt
1100 1851 1388 1893 Catullianum
1413 1850 1625 1902 ‘phaselus
1657 1854 1723 1891 ille

214 1934 328 1970 quem
361 1923 505 1961 videtis
538 1917 753 1971 leospites',
785 1923 861 1961 aut
885 1919 1000 1973 quod
1022 1933 1106 1960 11011
1127 1920 1291 1961 minore
1314 1920 1458 1961 ferunt
1480 1919 1724 1972 frequentia

213 2002 265 2029 ex
296 1988 496 2030 Lucretio
525 1987 767 2039 ‘infantibus
791 1986 974 2040 parve's’,
1017 1988 1250 2042 aliquando
1280 1988 1520 2042 liquescere
1550 1991 1598 2029 ut
1625 2000 1723 2041 pro-

211 2057 315 2098 bent
347 2056 603 2098 sibilantem.
655 2071 831 2111 possum
863 2057 1050 2111 plurima
1081 2057 1252 2109 addere,
1283 2058 1365 2099 nisi
1394 2058 1449 2098 sit
1479 2056 1723 2106 verendum,

213 2139 265 2166 ne
298 2125 495 2167 diffidere
517 2125 667 2167 videar
689 2140 848 2178 eorum,
881 2126 955 2180 qui
976 2126 1160 2180 legerint
1181 2125 1352 2167 illorum
1374 2126 1520 2177 libros,
1551 2125 1722 2167 iudicio.

328 2194 412 2235 Sed
444 2194 559 2248 quod
591 2195 678 2236 dixi
711 2188 952 2236 doctrinam
984 2195 1046 2236 rei
1089 2196 1315 2246 metricae,
1357 2208 1487 2248 quam
1519 2194 1723 2244 videmus,

213 2262 312 2304 inde
344 2277 370 2303 a
401 2263 462 2304 Ill
493 2263 665 2304 saeculo
698 2263 824 2317 vulgo
856 2267 1086 2317 receptam,
1118 2263 1163 2304 id
1183 2264 1268 2305 iam
1292 2267 1410 2305 certo
1433 2262 1724 2317 comprobabo

215 2331 422 2385 exemplo.
486 2332 641 2373 etenim
684 2333 968 2374 Terentianus
999 2331 1199 2383 Maurus,
1238 2346 1364 2386 quem
1408 2332 1514 2373 satis
1555 2334 1725 2373 constat

214 2400 371 2441 vixisse
404 2400 519 2441 circa
549 2400 675 2442 finem
708 2402 869 2443 saeculi
900 2402 1038 2453 tertii,
1080 2416 1176 2443 cum
1218 2400 1445 2442 nonnullos
1482 2404 1722 2441 ceterorum

215 2482 384 2510 errores
426 2469 577 2521 evitet,
630 2473 775 2511 tamen
823 2471 867 2511 in
917 2470 1062 2512 multis
1108 2469 1237 2512 rebus
1278 2470 1433 2511 mirum
1467 2469 1510 2510 in
1551 2468 1724 2510 modum

216 2551 311 2579 cum
343 2537 479 2578 isdem
512 2539 744 2590 consentit,
776 2552 854 2580 nec
885 2531 972 2581 ullo
1004 2538 1174 2580 modost
1205 2537 1400 2589 dubium,
1439 2538 1540 2591 quin
1572 2537 1642 2578 hic
1674 2551 1725 2578 ex

214 2605 362 2657 isdem,
393 2606 506 2647 unde
537 2607 702 2660 pariter
734 2621 879 2649 omnes
911 2607 995 2659 isti,
1028 2607 1219 2649 fontibus
1250 2607 1455 2648 hauserit.
1492 2632 1542 2635 —
1572 2605 1725 2659 quodsi

214 2675 299 2715 iam
344 2688 422 2728 per
462 2675 639 2716 tertium
682 2676 900 2717 saeculum
931 2676 1073 2729 vigere
1104 2675 1295 2717 videmus
1329 2675 1441 2716 hanc
1472 2674 1725 2724 doctrinam,

216 2743 322 2784 satis
355 2743 488 2784 multo
521 2746 621 2784 ante
653 2748 871 2785 necessest
901 2758 995 2786 eam
1022 2744 1228 2786 extitisse.
1289 2758 1427 2798 neque
1461 2744 1571 2785 enim
1604 2756 1725 2793 nova,

216 2811 292 2852 ubi
323 2825 571 2865 provenere,
607 2812 754 2854 statim
787 2813 994 2866 optinent,
1028 2812 1101 2853 sed
1132 2812 1357 2866 paullatim
1387 2816 1430 2854 et
1452 2826 1544 2853 cum
1577 2811 1726 2851 labore

217 2880 307 2921 fere
340 2881 614 2933 quantumvis
644 2881 914 2935 praestantia
947 2881 1001 2922 ad
1034 2881 1277 2922 claritatem
1308 2882 1538 2932 enituntur,
1571 2880 1724 2921 nedum
