1898 3292
763 206 882 230 LIBER
903 205 1079 236 Qvix'rvs.
1592 197 1670 235 395

169 322 265 349 nam
306 307 447 361 potuit
488 307 558 348 1110
600 307 773 348 Homeri
813 307 1052 348 imitatione
1099 307 1253 348 ductus
1296 307 1523 349 admittere
1566 322 1671 350 eam.

170 376 351 417 Ennium
384 379 526 418 autem
557 379 729 418 secutus
760 375 975 418 videbitur
1005 375 1244 429 Vergilius,
1285 375 1319 417 si
1352 376 1525 430 scripsit
1564 376 1671 432 [aen.

168 445 240 497 III,
269 443 392 500 464]:

419 501 515 535 dona
541 501 673 535 dehinc
699 512 786 535 auro
808 501 942 545 yrarisc
967 504 1142 544 sectoque
1169 500 1385 545 elephanto,

168 570 241 612 ubi
263 569 564 611 Lachmannus
594 584 671 623 per
703 569 993 610 coniecturam
1024 572 1171 620 mavia
1193 584 1217 611 a
1237 576 1425 621 sectoque
1447 574 1673 621 elephanto,

169 638 412 692 Schaperus
432 642 578 690 [χναυὶα
601 652 650 679 ac
670 645 778 679 seclo
801 641 1013 688 elephanto
1037 637 1222 679 admisso
1244 652 1321 692 per
1343 638 1672 679 aemulationem

169 707 344 748 Homeri
374 707 416 747 in
448 707 599 760 quinta
631 706 716 748 arsi
747 706 880 757 hiatu,
913 710 960 747 ut
993 706 1065 760 qui
1089 706 1246 747 dixerit
1279 706 1371 763 [Od.
1394 706 1548 757 XVIII,
1573 711 1673 758 1903

169 775 282 826 XIX,
315 774 412 831 564]
446 781 634 830 πριστοῦ
664 775 912 829 ἐλέφαντος.
976 778 1126 816 contra
1166 789 1249 816 non
1291 775 1531 826 dubitatur,
1571 775 1672 828 quin

170 843 272 885 alibi
307 842 414 900 [aen.
438 843 531 894 XII,
555 843 651 899 648]
681 843 907 896 legendum
940 843 995 884 sit
1027 850 1170 884 sancta
1202 848 1258 885 ad
1287 858 1354 885 vos
1386 847 1522 885 aalma
1553 850 1674 894 alque

169 915 285 953 istius
316 915 455 953 nescia
483 916 649 963 culpae,
694 911 767 953 ubi
803 911 902 953 libri
942 911 1041 953 boni
1083 915 1224 953 inscia.
1287 926 1384 953 nam
1415 912 1481 954 vel
1509 912 1674 953 hiatum

169 980 235 1021 vel
271 980 523 1022 trochaeum
565 980 635 1021 1110
676 980 770 1034 quis
810 980 999 1021 toleret?
1050 984 1096 1021 at
1135 994 1214 1021 nec
1245 980 1426 1022 Horatio
1457 985 1494 1022 io
1527 984 1676 1022 bacche

172 1047 218 1104 [s.
253 1049 288 1099 I,
320 1052 356 1100 3,
387 1048 426 1105 7]
460 1062 539 1090 1100
570 1049 794 1102 Propertio
828 1063 920 1089 ossa
963 1048 1026 1105 [V,
1061 1053 1097 1100 5,
1130 1048 1198 1105 64]
1233 1063 1311 1091 1100
1341 1049 1502 1091 Rutilio
1534 1063 1674 1100 repor-

171 1122 296 1159 tanda
339 1116 385 1174 [1,
419 1116 516 1173 630]
560 1117 689 1170 longa
732 1116 969 1158 efferuntur
1009 1117 1177 1169 ultima,
1217 1118 1363 1171 qualia
1398 1118 1673 1159 librariorum

172 1189 249 1227 aut
277 1186 524 1228 criticorum
555 1185 805 1227 tribuuntur
837 1185 897 1226 eis
929 1185 1137 1227 socordia.
1191 1200 1329 1240 neque
1359 1186 1534 1228 hercule
1566 1185 1675 1227 chri-

172 1254 301 1295 stiani
342 1253 491 1296 faciles
534 1253 588 1295 ad
629 1254 755 1295 istam
802 1254 1040 1305 licentiam,
1092 1269 1177 1308 qua
1219 1255 1388 1296 omnino
1428 1254 1675 1296 abstinuero

169 1322 395 1373 Boethius,
428 1322 651 1373 Luxorius,
683 1322 941 1373 Priscianus,
976 1323 1186 1374 Sidonius,
1220 1323 1518 1374 Maximianus,
1550 1323 1675 1363 Avia—

169 1405 260 1442 uus,
290 1391 459 1442 Arator,
490 1391 748 1442 Priscianus,
782 1391 965 1445 denique
998 1391 1208 1443 Sedulius,
1251 1392 1318 1434 cui
1362 1392 1472 1433 male
1514 1391 1674 1432 adscri-

169 1473 293 1514 psere
327 1459 501 1514 quidam
541 1458 590 1516 [c.
624 1474 663 1514 p.
693 1460 723 1509 Ι,
757 1459 852 1515 268]
898 1459 1119 1502 ‘libet-latis
1150 1474 1224 1511 ope
1255 1464 1428 1502 radians
1460 1463 1527 1501 usn·
1557 1463 1675 1512 ressith

163 1525 327 1580 fulvis’.
379 1531 530 1569 contra
560 1528 626 1570 usi
657 1528 806 1570 eadem
839 1528 1101 1570 deteriorum
1123 1528 1239 1570 haud
1268 1530 1407 1584 pauci,
1439 1532 1486 1571 ut
1507 1529 1674 1570 Venan-

170 1597 255 1638 tius
295 1599 338 1638 et
369 1596 580 1651 Corippus
623 1610 732 1638 saec.
768 1597 844 1648 VI,
887 1597 962 1638 sed
1003 1597 1180 1639 modice.
1244 1598 1373 1639 etiam
1417 1598 1556 1639 minus
1599 1597 1674 1638 ali-

169 1667 331 1719 quanto
372 1665 486 1718 quod
531 1665 764 1707 Prudentio
810 1665 990 1719 placuit,
1032 1679 1116 1706 11011
1163 1667 1245 1708 erit
1289 1667 1455 1708 mirum.
1527 1666 1675 1719 itaque

169 1733 360 1775 notanda
401 1733 516 1787 apud
559 1747 654 1775 eum
695 1738 741 1775 ut
789 1734 944 1775 eximia
990 1735 1186 1788 exempla
1227 1735 1332 1776 talia
1377 1735 1425 1791 [c.
1458 1734 1612 1790 Symm.
1645 1735 1675 1786 Ι,

170 1805 245 1854 923
278 1800 402 1858 395]:

443 1859 522 1893 iura
547 1859 750 1904 resignasse
777 1871 919 1894 sursum
946 1860 1195 1895 revolantibus
1223 1861 1384 1904 umbris,

440 1916 624 1951 incassum
650 1928 803 1961 arguere
829 1917 901 1950 iam
928 1917 1084 1952 Taurica
1109 1929 1223 1962 regna
1248 1919 1416 1953 solemus.

169 1982 216 2020 at
246 1978 299 2020 ab
323 1979 511 2020 Ausonio
546 1980 715 2020 omnino
747 1979 864 2021 illam
897 1980 1230 2022 abiudicandam
1262 1981 1458 2023 existimo
1481 1981 1674 2035 figuram.

170 2050 286 2089 certe
316 2062 447 2089 unum
477 2048 691 2102 producta
720 2048 763 2089 in
795 2062 975 2090 caesura
1005 2049 1141 2090 vocali
1181 2050 1478 2092 hexametrum
1510 2050 1552 2091 in
1589 2050 1676 2092 edi-

168 2116 285 2157 tione
316 2116 459 2170 priore
490 2120 739 2158 notaveram
772 2116 908 2173 [epist.
943 2122 978 2168 5,
1012 2118 1106 2174 37];

443 2191 597 2225 rescisso
623 2190 723 2225 disee
752 2202 974 2236 componere
1000 2193 1146 2227 nomine
1175 2205 1338 2236 vei-sunu

168 2251 243 2293 ubi
273 2252 475 2294 Heinsius
507 2257 639 2295 disces
672 2253 737 2295 vel
780 2257 890 2295 disce
922 2269 983 2296 en.
1026 2281 1081 2287 —
1121 2270 1205 2298 non
1246 2257 1435 2310 pertinet
1477 2256 1531 2297 ad
1572 2270 1674 2307 rem,

169 2320 284 2373 quod
323 2321 367 2361 in
408 2321 614 2376 sapphico
660 2326 796 2364 metro
850 2322 972 2378 [prof.
1005 2323 1180 2378 Burdig.
1212 2329 1256 2376 8,
1292 2324 1330 2381 7]
1382 2325 1541 2378 legitur
1584 2324 1678 2366 ‘sed

169 2392 266 2439 quia
306 2396 443 2430 nostro
486 2394 661 2431 docuere
702 2394 742 2431 in
785 2389 921 2432 aevo’.
990 2406 1088 2434 nam
1124 2393 1230 2434 illud
1272 2398 1368 2444 qula
1409 2393 1524 2447 apud
1567 2393 1675 2434 chri-

169 2457 332 2498 stianos
375 2457 607 2511 aliquando
648 2459 838 2500 iambum
879 2461 1054 2514 explere
1093 2461 1207 2502 infra
1234 2461 1469 2503 docebitur.
1531 2465 1676 2503 cetera

169 2525 253 2567 duo
295 2525 553 2567 documenta
597 2527 787 2568 eiusdem
830 2529 1116 2582 exceptionis,
1159 2543 1270 2583 quae
1312 2529 1556 2572 Schenkelii
1601 2529 1675 2570 ad-

168 2593 364 2635 feruntur
392 2594 549 2645 Indice,
597 2595 853 2638 coniecturis
885 2601 984 2638 sunt
1014 2601 1188 2652 reperta
1220 2612 1309 2649 nec,
1341 2602 1389 2640 ut
1420 2602 1536 2652 puto,
1568 2599 1674 2640 tole-

168 2661 316 2703 randa.
377 2676 475 2703 nam
506 2663 625 2717 Idyll.
656 2667 692 2714 3,
717 2668 738 2704 7
772 2669 889 2706 recte
919 2666 1045 2719 vulgo
1077 2681 1185 2708 nunc
1216 2670 1330 2708 labor
1362 2674 1399 2707 el
1430 2680 1557 2708 curae
1586 2680 1674 2708 mea

167 2737 274 2779 sunt,
306 2744 390 2771 non
421 2744 548 2780 curem
579 2731 793 2773 Parental.
823 2733 957 2786 praef.
990 2738 1015 2775 4
1048 2748 1139 2788 sqq.
1172 2735 1232 2775 sic
1264 2734 1615 2788 interpungendi:v

442 2804 577 2838 sufficit
602 2805 751 2849 inferiis,
777 2807 975 2850 exequialis
1002 2808 1128 2851 honos,

442 2862 560 2904 nenia,
585 2863 743 2897 funereis
770 2864 856 2897 satis
882 2864 1044 2899 officiosa
1071 2866 1252 2909 querellis,

443 2930 561 2954 annua
585 2930 630 2953 ne
656 2919 789 2955 tacitus
815 2933 966 2957 munera
990 2926 1211 2967 praeterea&
