1898 3292
731 219 850 245 mmm
871 218 1051 249 varvs
1562 206 1641 245 385

137 329 281 366 tamen
313 323 428 378 apud
460 322 697 376 Eugenium
730 320 1001 370 Toletanum,
1043 319 1116 372 qui
1152 317 1298 359 floruit
1330 331 1439 358 saec.
1476 331 1513 370 p.
1547 316 1643 357 Chr.

137 392 278 434 medio
310 392 401 443 VII,
430 391 560 432 talem
591 389 726 431 habes
757 386 1164 441 hendecasyllabum
1196 386 1253 441 [7,
1288 385 1380 439 18];

551 463 709 508 Optatus
734 462 887 497 Publius
913 461 1129 496 Cecilianus.

138 542 268 583 porro
308 531 473 570 caliclos
512 541 590 581 pro
633 529 816 568 caliculis
859 524 1062 566 Paulinus
1105 523 1213 563 dixit
1253 521 1464 575 producta
1506 521 1646 562 media

140 598 230 653 [19‚
260 596 375 650 416}
441 609 609 649 semper
651 597 795 635 autem
839 592 1076 647 porrigitur
1117 605 1141 632 a
1182 590 1405 645 dactylicis
1448 593 1647 643 correpta

139 664 310 715 vocalis,
343 664 379 705 si
410 666 617 716 sequatur
646 676 714 714 yn,
750 665 901 702 contra
932 659 1081 701 addita
1111 663 1154 710 92
1184 658 1250 699 vel
1286 661 1326 699 bl
1355 657 1503 699 eadem
1532 657 1646 711 apud

140 734 407 775 Christianos
451 730 664 772 interdum
713 730 929 784 reperitur
973 729 1163 782 integra,
1213 727 1344 768 veluti
1388 726 1647 768 Prudentius

141 805 396 853 reqlutinare
431 799 551 841 brevi
593 799 700 840 dixit
741 798 881 852 prima
922 797 1034 852 [peri
1069 801 1120 838 st.
1158 799 1221 843 10,
1254 796 1376 850 874],
1415 799 1546 848 atque
1588 795 1649 835 ita

142 869 383 924 Drepanius
416 868 548 923 [LXL
587 867 715 922 1089]
749 870 891 907 rables.
955 870 998 906 at
1031 879 1114 906 non
1148 863 1397 906 credibilest
1428 867 1647 905 auctorem

140 937 352 993 pervigilii
383 936 562 978 Veneris
591 936 786 990 posuisse
822 937 1099 985 perviylanda
1139 946 1217 987 pro
1250 932 1500 980 ditrochaeo
1545 932 1650 986 [46],

141 1006 218 1048 sed
248 1006 372 1047 unice
405 1004 714 1059 amplectemur
746 1003 861 1057 quod
892 1002 1027 1044 habes
1058 1002 1170 1043 libro
1205 1001 1474 1042 Salmasiano
1515 1003 1649 1051 pervi-

142 1079 310 1123 clcmcla,
348 1073 475 1115 sicuti
507 1086 673 1125 cycnum
707 1076 749 1113 et
779 1075 964 1112 Procnen
1001 1070 1147 1112 dixere
1177 1075 1350 1123 poetae,
1392 1069 1652 1122 ubicumque

142 1144 371 1185 voluerunt
399 1141 573 1183 brevem
606 1154 699 1183 esse
729 1140 929 1194 priorem.

256 1211 347 1252 Iam
377 1210 504 1252 finem
536 1209 655 1251 verbi
691 1208 1004 1263 excipientibus
1036 1207 1147 1249 binis
1187 1207 1383 1248 consonis
1414 1205 1651 1260 paullulum

143 1280 337 1321 diversae
368 1278 477 1320 fiunt
508 1278 710 1319 rationes.
773 1276 824 1318 de
858 1275 1013 1330 quibus
1050 1275 1196 1317 dixere
1238 1290 1331 1317 cum
1376 1275 1447 1316 alii
1491 1274 1652 1328 passim

144 1353 233 1390 tum
269 1346 576 1401 Zinzerlingius
612 1346 654 1387 in
683 1344 964 1387 Promulsidis
1006 1345 1254 1386 criticorum
1294 1343 1541 1385 iuvenilium
1583 1356 1652 1383 ex-

145 1421 286 1458 trema
331 1415 520 1457 diatriba
562 1413 713 1469 [Lugd.
748 1414 876 1468 1610]
913 1417 955 1454 et
986 1413 1229 1466 Lennepius
1266 1413 1309 1453 in
1347 1411 1654 1454 commentario

146 1485 341 1527 Santenii
382 1483 436 1525 ad
468 1483 772 1525 Terentianum
811 1483 868 1537 [p.
901 1482 1015 1537 411}
1077 1481 1152 1524 sed
1192 1481 1345 1523 horum
1387 1485 1538 1522 neuter
1581 1483 1653 1520 aut

145 1554 290 1608 ampla
329 1553 435 1595 satis
479 1552 702 1605 diligentia
745 1565 848 1593 usus
889 1554 1116 1605 poetarum
1147 1550 1379 1603 anquisivit
1409 1550 1570 1604 placita
1602 1574 1655 1578 —

145 1637 244 1664 nam
285 1635 338 1663 ne
382 1635 529 1663 eorum
571 1620 762 1674 quidem,
807 1619 862 1661 ad
900 1619 1082 1673 Augusti
1125 1619 1198 1672 qui
1238 1622 1419 1660 mortem
1459 1618 1656 1667 floruere,

145 1691 303 1732 nedum
333 1689 621 1744 posteriorum
663 1688 788 1743 plene
819 1691 1119 1729 tractaverunt
1149 1701 1272 1729 usum
1306 1712 1358 1718 —
1390 1690 1465 1728 aut
1496 1700 1546 1727 ea
1577 1685 1658 1727 fuit

146 1760 306 1813 ingenii
349 1758 559 1809 sollertia,
604 1771 693 1799 rem
733 1756 951 1798 difficilem
988 1756 1134 1798 multis
1165 1756 1301 1797 modis
1332 1760 1374 1797 et
1403 1755 1656 1810 impeditam

148 1828 203 1870 ad
233 1827 444 1881 liquidum
475 1830 523 1868 ut
562 1826 832 1880 perduceret.
895 1839 1028 1879 quare
1072 1838 1149 1879 ego
1190 1838 1274 1866 non
1318 1839 1410 1866 sum
1452 1827 1656 1878 gravatus

148 1897 287 1938 denuo
320 1895 519 1938 omnibus
549 1895 800 1937 retractatis
823 1894 1072 1936 auctoribus
1103 1893 1201 1934 inde
1233 1907 1259 1934 a
1291 1894 1336 1944 Q.
1359 1893 1496 1934 Ennio
1523 1906 1658 1945 usque

149 1965 205 2007 ad
235 1965 360 2006 initia
391 1964 520 2006 medii
552 1964 645 2005 aevi
678 1967 721 2005 et
750 1963 1002 2014 barbariae,
1044 1962 1125 2004 hoo
1158 1965 1222 2003 est
1252 1975 1330 2016 per
1361 1975 1494 2003 annos
1525 1961 1658 2002 ferme

149 2033 299 2085 DCCC,
329 2033 551 2075 intendere
583 2032 695 2074 hanc
727 2032 1036 2086 quaestionem,
1070 2044 1198 2084 quam
1228 2031 1315 2072 iam
1347 2030 1401 2071 ad
1432 2029 1559 2070 finem
1592 2043 1658 2070 me

151 2116 279 2157 spero
309 2115 401 2144 esse
433 2101 733 2143 adducturum.

265 2171 417 2225 Itaque
457 2173 578 2212 muta
618 2170 736 2212 tenui
779 2169 845 2211 vel
876 2169 1101 2224 adspirata
1132 2171 1336 2222 sequente
1370 2181 1464 2209 cum
1496 2166 1661 2220 liquida

152 2239 322 2293 integra
367 2242 514 2280 manet
562 2238 723 2280 vocalis
767 2238 927 2290 brevis,
973 2251 1051 2279 nec
1092 2238 1228 2291 magis
1274 2240 1467 2278 mutatur
1512 2235 1661 2277 eadem

152 2307 481 2350 succedentibus
518 2311 575 2356 bl,
605 2311 667 2360 ql,
698 2310 759 2356 br,
790 2322 856 2359 qr,
889 2311 951 2348 dr.
1015 2309 1166 2348 contra
1197 2321 1249 2357 yn
1285 2305 1459 2347 subdita
1489 2304 1661 2358 longam

153 2376 286 2418 efficit
326 2376 523 2430 priorem.
595 2389 729 2429 quare
773 2376 853 2417 etsi
893 2382 1059 2427 quatum
1101 2388 1228 2428 saepe
1271 2373 1417 2415 dixere
1463 2376 1662 2414 auctores

154 2444 296 2486 Latini
337 2470 393 2474 —
433 2444 588 2498 quibus
617 2458 701 2486 non
732 2443 911 2497 perinde
942 2443 1106 2497 placuit
1135 2457 1294 2495 ymarus
1325 2445 1369 2483 et
1398 2456 1555 2494 ymnius
1595 2466 1662 2489 —‚

153 2516 297 2555 tamen
340 2513 607 2566 intellegitur
654 2526 823 2567 semper
862 2511 958 2554 illos
999 2526 1100 2554 usos
1141 2525 1233 2554 esse
1275 2511 1471 2552 breviore
1511 2510 1662 2559 forma,

154 2581 228 2623 ubi
268 2581 429 2623 vellent
470 2581 629 2635 corripi
672 2581 862 2622 vocalem
904 2594 1223 2635 praegressam,
1270 2583 1450 2633 excepto
1492 2577 1664 2632 quidem

156 2650 338 2692 Horatio
373 2649 444 2705 [cf.
475 2663 622 2691 comm.
650 2649 693 2690 in
725 2653 803 2691 sat.
836 2649 871 2701 Ι,
909 2653 944 2700 1,
977 2650 1072 2704 83],
1113 2649 1224 2691 sicut
1261 2648 1412 2690 eadem
1453 2646 1532 2689 sub
1566 2659 1664 2687 con-

156 2718 324 2760 dicione
363 2720 515 2759 Cnosas
547 2718 704 2760 dicitur
738 2722 780 2760 et
808 2720 971 2760 Cnidus.
1025 2731 1159 2771 quare
1182 2718 1251 2758 vix
1279 2716 1499 2758 adsentior
1521 2714 1665 2756 Bedae

156 2787 213 2841 [p.
237 2787 387 2841 2356],
420 2787 579 2841 quippe
611 2790 654 2828 et
682 2787 842 2840 alioqui
875 2787 1089 2841 corruptis
1122 2789 1346 2827 auctorum
1384 2784 1562 2837 decepto
1596 2796 1664 2822 co-

157 2854 348 2906 dicibus,
390 2855 614 2909 scripsisse
657 2855 915 2909 Prosperum
963 2854 1058 2896 ‘nec
1098 2862 1226 2895 lamen
1271 2856 1341 2894 hos
1382 2859 1458 2893 loto
1503 2854 1668 2901 depellit

150 2927 324 2974 foedere
366 2921 559 2975 φωνῶ.
621 2937 717 2964 nam
759 2924 873 2976 quod
905 2924 1206 2972 Terentianus,
1251 2921 1323 2962 ubi
1366 2920 1493 2962 affert
1532 2919 1665 2960 nomin

225 3003 257 3028 L.
276 3003 464 3035 Mu011e155
488 3004 532 3028 De
551 3011 572 3028 r.
591 3011 627 3028 m.
647 3011 673 3034 p.
694 3003 724 3028 L.
1349 2990 1392 3022 '25
