1898 3292
909 903 1011 954 III.

532 1030 819 1083 LIBER
867 1031 1375 1086 SECVNDVS.

586 1255 662 1297 DE
693 1255 889 1299 PEDVM
921 1256 1327 1299 OBSERVANTIA.

316 1358 407 1399 Iam
450 1371 608 1413 magna
645 1359 770 1414 copia
807 1362 1043 1402 metrorum
1076 1359 1344 1402 Graecanica
1375 1364 1468 1403 arte
1501 1362 1711 1416 composi-

201 1431 343 1468 torum
384 1427 557 1481 prolata
598 1441 831 1482 eorumque
878 1428 1041 1482 origine
1083 1432 1125 1470 et
1164 1444 1245 1471 usu
1285 1429 1451 1472 modice
1495 1431 1711 1484 percursis

201 1494 558 1549 perlustravimus
591 1496 782 1551 quidem,
826 1500 874 1539 ut
902 1497 964 1539 ita
996 1496 1155 1549 dicam,
1196 1497 1400 1550 aedificii,
1432 1498 1547 1553 quod
1577 1499 1712 1541 visuri

202 1577 390 1616 eramus,
431 1565 572 1619 spatia
605 1579 656 1607 ac
683 1565 894 1620 parietes,
933 1565 1079 1608 firmos
1122 1579 1225 1609 sane
1265 1570 1308 1609 et
1345 1567 1594 1619 duraturos,
1636 1568 1711 1610 sed

201 1635 358 1685 tamen,
392 1633 473 1675 nisi
499 1634 725 1676 accederet
747 1648 851 1676 cura
874 1637 915 1676 et
937 1634 1140 1686 sollertia,
1172 1649 1251 1677 nec
1284 1639 1410 1690 aptos
1441 1636 1546 1678 satis
1577 1637 1711 1679 tantis

200 1700 423 1744 laboribus
455 1705 499 1744 et
528 1702 734 1757 impensis
765 1717 843 1745 nec
874 1703 1082 1745 iucundos
1115 1704 1248 1746 oculis
1282 1707 1324 1746 et
1351 1704 1502 1758 dignos
1524 1704 1711 1759 cognitu.

201 1770 349 1824 itaque
381 1784 434 1813 ne
467 1775 542 1813 aut
572 1771 679 1813 nihil
710 1772 847 1826 egisse
878 1771 1079 1814 videatur
1110 1772 1290 1824 Ennius,
1323 1773 1395 1826 qui
1424 1772 1590 1827 primus
1620 1787 1711 1815 rem

201 1839 425 1881 metricam
456 1839 709 1882 Latinorum
744 1841 934 1891 novavit,
978 1844 1052 1882 aut
1086 1841 1320 1895 plurimum
1350 1841 1406 1893 ei,
1449 1841 1523 1895 qui
1564 1841 1710 1884 dolue-

201 1911 313 1960 runt,
344 1922 428 1950 non
459 1908 585 1951 modo
618 1909 734 1963 quod
762 1909 917 1961 Plauti,
952 1909 1026 1951 sed
1059 1909 1175 1964 quod
1196 1909 1478 1964 Aboriginum
1508 1913 1598 1952 tam
1627 1911 1710 1953 cito

200 1976 369 2031 periere
415 1977 603 2029 numeri,
649 1977 734 2019 iam
779 1978 979 2020 carminis
1020 1978 1163 2020 Latini
1207 1978 1453 2033 suptiliores
1500 1978 1711 2033 quasdam

203 2046 374 2099 regulas
396 2045 723 2100 insequentibus
746 2046 947 2101 deinceps
971 2060 1230 2101 exponemus
1251 2047 1388 2090 libris.
1437 2061 1576 2101 neque
1599 2048 1711 2089 enim

202 2113 476 2168 exceptiones
508 2114 707 2167 dixerim,
748 2116 897 2169 quales
928 2115 1003 2157 ubi
1033 2115 1234 2157 videntur
1266 2129 1376 2167 esse,
1408 2115 1537 2157 etiam
1568 2115 1710 2170 legum

200 2182 338 2224 instar
363 2186 483 2224 sunt
521 2182 767 2235 habendae,
812 2184 952 2226 minus
994 2184 1081 2226 late
1119 2183 1292 2238 quidem
1331 2184 1589 2238 patentium,
1636 2185 1712 2226 sed

204 2264 314 2304 quae
347 2254 390 2292 et
419 2251 540 2305 ipsae
561 2251 784 2306 profectae
808 2253 892 2294 sint
913 2252 967 2294 ab
996 2253 1070 2294 illa
1092 2266 1234 2295 rerum
1255 2253 1534 2294 metricarum
1564 2253 1712 2295 iudicii

202 2319 438 2362 sobrietate
469 2324 512 2362 et
547 2320 773 2374 elegantia,
807 2335 892 2375 qua
923 2321 990 2363 vel
1017 2321 1207 2364 Graecos
1238 2335 1495 2376 superavere
1517 2322 1709 2363 Romani.

203 2388 359 2430 etenim
402 2389 517 2443 quod
558 2389 698 2431 facete
737 2389 883 2432 dixere
925 2389 1118 2432 homines
1160 2390 1370 2445 ingeniosi
1400 2390 1444 2431 in
1474 2390 1710 2444 tragoediis

202 2456 426 2511 Sophoclis
457 2458 596 2500 inesse
630 2471 785 2512 aspera
817 2458 1031 2512 quaedam
1067 2462 1109 2501 et
1138 2459 1374 2513 incongrua
1405 2473 1489 2501 non
1528 2473 1593 2511 re,
1635 2459 1712 2502 sed

202 2525 356 2580 specie,
390 2526 548 2580 quippe
581 2540 692 2580 quae
713 2530 943 2569 teneantur
964 2527 1140 2570 maioris
1163 2528 1384 2570 cuiusdam
1408 2528 1710 2570 concinnitatis

201 2597 244 2635 et
277 2595 580 2637 consonantiae
611 2595 723 2650 lege,
761 2595 806 2637 id
845 2596 937 2638 iure
980 2596 1141 2651 optimo
1183 2597 1314 2639 statui
1345 2596 1448 2638 licet
1477 2596 1529 2638 de
1559 2597 1710 2638 metris

202 2661 512 2718 dactylicorum
562 2664 825 2705 Latinorum.
900 2664 1039 2718 possis
1099 2666 1229 2707 etiam
1278 2665 1432 2707 horum
1480 2665 1710 2718 imaginem

201 2730 317 2784 globi
346 2730 510 2785 figurae
542 2731 807 2783 adsimilare,
847 2733 966 2775 cuius
998 2733 1203 2776 circuitus
1235 2737 1277 2776 et
1309 2734 1450 2788 spatia
1478 2733 1710 2775 undecum-

201 2813 284 2852 que
331 2800 513 2842 oriunda
559 2814 728 2854 semper
774 2801 818 2842 in
865 2815 909 2842 se
955 2802 1137 2844 redeunt
1182 2806 1226 2845 et
1264 2803 1385 2845 cuius
1428 2801 1707 2844 incisionibus

201 2867 331 2908 variis
364 2869 532 2911 omnino
565 2868 726 2922 circuli,
758 2883 868 2923 quae
894 2869 1089 2924 perfecta
1117 2874 1160 2913 et
1180 2871 1275 2926 ipsa
1296 2870 1490 2922 formast,
1523 2870 1709 2912 efficitur

200 2935 376 2995 species.
