1898 3292
221 180 300 220 542
833 187 1070 212 OPVSOVLVM
1090 187 1112 212 1.

425 289 511 333 quid
536 287 676 322 multa?
701 288 820 322 factus
845 299 925 321 sum
949 287 1171 331 vespertilio,
1198 298 1316 331 neque

423 347 460 379 in
485 346 651 380 muribus
672 345 786 388 plane
812 356 930 388 neque
956 345 992 377 in
1019 343 1223 378 volucribu’
1249 355 1339 377 sum.

219 427 480 468 quamquam
502 413 606 454 illud
639 416 869 464 vespertilm
902 415 1017 453 recte
1039 411 1208 453 videtur
1229 412 1329 465 poni
1362 412 1724 465 antepaenultima

219 483 349 524 brevi.
408 496 507 523 nam
540 481 653 535 quod
677 481 852 522 Ovidius
883 481 945 522 ita
977 480 1167 521 reddidit
1196 494 1274 533 per
1306 479 1510 533 ambages
1540 479 1726 536 [meta-m.

279 585 287 602 ³
404 551 419 605 ]
879 606 1071 649 lucemque
1096 616 1248 650 perosae

426 667 536 698 nocte
561 664 687 698 volant
713 674 867 707 seroque
894 662 1044 697 trahunt
1071 675 1088 696 a
1115 674 1266 706 vespere
1294 673 1436 704 nomen,

218 755 261 796 id
293 768 377 796 non
408 754 533 796 metri
563 754 819 796 necessitate
852 757 1026 796 coactus
1057 753 1226 795 videtur
1255 754 1421 803 fecisse,
1453 753 1526 794 sed
1560 767 1610 794 ne
1643 753 1727 793 avi-

221 824 343 864 culae
377 823 498 864 exilis
529 826 572 863 et
603 823 771 864 derisae
812 822 1021 863 vocabulo
1054 822 1296 863 vastissimo
1338 822 1593 874 gravitatem
1636 835 1728 862 car-

218 893 343 933 minis
393 892 678 932 imminueret.
746 890 1010 943 eandemque
1051 889 1181 931 fuisse
1223 890 1501 930 existimarim
1554 903 1727 930 causam

217 960 400 1001 nominis
431 959 654 1014 premendi
686 959 956 1000 Sammonion
989 957 1121 1014 [371]
1192 972 1270 999 nec
1291 958 1438 1010 ‘magis
1478 971 1544 999 me
1576 961 1728 1007 movet,

220 1029 333 1083 quod
385 1032 536 1070 auctor
583 1028 784 1069 carminis
831 1027 882 1068 de
928 1026 1184 1077 Philomela,
1245 1026 1372 1067 homo
1425 1026 1635 1067 barbarus
1689 1031 1729 1066 et

219 1097 493 1147 christianus,
526 1100 540 1137 ἱ
569 1096 775 1150 produxit
805 1096 887 1137 hoc
919 1109 1044 1137 versu
1078 1095 1190 1152 [39]:

425 1177 517 1211 strix
546 1179 727 1210 nocturna
752 1187 884 1210 sonans
911 1179 948 1209 et
973 1175 1185 1219 vespertilio
1211 1175 1382 1209 stridunt.

220 1246 294 1287 sed
335 1245 505 1286 videtur
547 1248 746 1298 correpta
788 1243 1176 1297 antepaenultima,
1220 1244 1341 1284 utin
1381 1244 1441 1284 eis
1480 1257 1589 1296 quae
1632 1248 1729 1284 sunt

214 1317 385 1365 papilio,
418 1317 551 1364 ορίῖὶο.

334 1383 381 1423 In
413 1381 635 1423 trochaico
667 1381 932 1435 septenario,
965 1381 1038 1433 qui
1070 1379 1228 1433 ubique
1261 1380 1499 1421 simillimus
1531 1384 1594 1420 est
1626 1381 1728 1421 iam-

220 1451 303 1492 bici
336 1451 514 1500 senarii,
556 1463 651 1491 cum
688 1449 800 1502 apud
844 1449 1028 1489 comicos
1069 1449 1246 1502 perinde
1284 1449 1441 1502 apponi
1474 1449 1601 1489 licoat
1632 1453 1728 1502 post

220 1532 442 1560 caesuram
483 1518 660 1559 verbum
703 1518 746 1558 in
787 1517 1022 1571 spondeum
1056 1517 1122 1558 vel
1161 1521 1442 1572 anapaestum
1483 1531 1728 1561 excurrens,

221 1587 334 1641 apud
359 1586 594 1641 dactylicos
628 1587 718 1627 eius
750 1586 812 1626 rei
845 1586 1038 1640 exempla
1071 1589 1269 1639 prostant
1299 1586 1571 1639 paucissima.
1632 1600 1730 1626 nam

222 1655 371 1697 Lucilii
402 1655 508 1696 illud
545 1654 720 1710 [xxm
751 1654 843 1709 75]:

425 1735 484 1769 hic
510 1746 568 1768 me
594 1735 657 1769 ubi
680 1734 781 1777 vidit,
809 1734 1077 1777 subblanditur,
1098 1734 1293 1777 palpatur,
1322 1737 1434 1778 caput
1459 1734 1578 1767 scabit

222 1810 408 1851 nondum
441 1809 687 1864 expeditum
718 1809 803 1850 iam
827 1822 958 1862 supra
979 1810 1228 1850 memoravi:
1262 1813 1412 1849 contra
1435 1808 1537 1849 alibi
1558 1808 1728 1862 [XXVL

225 1880 297 1933 76]
329 1883 446 1920 recte
476 1878 674 1919 vident-ur
704 1877 866 1919 habere
898 1877 1024 1919 haec:

427 1984 640 1994 .......
667 1958 697 1992 si
724 1958 948 1991 miserantem·
976 1968 1013 1991 se
1040 1957 1120 2001 ipsi,
1147 1957 1240 1991 vide.

220 2028 323 2069 item
355 2026 471 2081 apud
503 2027 741 2067 Varronem
774 2025 971 2080 [Marcip.
1006 2027 1072 2080 S]:

428 2105 556 2140 Pelian
583 2106 614 2140 ei
640 2106 860 2149 permisisse,
888 2108 929 2139 ut
953 2116 991 2139 se
1015 2104 1068 2138 vel
1095 2105 1213 2138 vivum
1241 2104 1468 2148 degluberet.

203 2176 264 2229 *in
295 2178 549 2217 tetrametro
582 2174 852 2216 claudicante
880 2174 1070 2215 eiusdem
1105 2173 1294 2228 [Serran.
1326 2175 1368 2228 S]
1402 2173 1636 2214 invenitur:

429 2254 565 2288 dormit
590 2254 691 2288 alius.
740 2254 904 2298 vigilant,
932 2254 1100 2296 clamant,
1127 2254 1168 2286 ἰη’
1194 2253 1337 2294 υήνηυι,
1365 2254 1495 2296 calent,
1521 2253 1652 2286 rixant.

224 2330 285 2371 sic
325 2329 434 2370 enim
469 2342 494 2369 a
532 2328 656 2370 nobis
697 2328 805 2369 haec
836 2328 1153 2369 reconcinnata.
1214 2327 1312 2367 libri
1343 2327 1509 2380 inepte:
1544 2330 1730 2367 nimirum

222 2401 390 2449 viyilanl
420 2400 607 2438 clamant.

337 2467 393 2506 At
425 2466 535 2506 enim
567 2465 742 2506 tertium
773 2464 962 2506 iambum
996 2467 1263 2506 constantem
1294 2463 1504 2505 vocabulo
1532 2464 1574 2504 in
1606 2477 1732 2517 spon-

223 2534 348 2575 deum
370 2533 543 2574 finiente
575 2547 659 2574 non
681 2533 857 2574 tulimus
888 2534 931 2574 in
950 2533 1263 2586 Anthropopoli
1295 2532 1359 2572 vel
1381 2533 1524 2586 potius
1548 2532 1731 2573 Anthro-

222 2603 406 2657 popoeia
436 2602 708 2644 Varroniana
742 2600 817 2658 [4],
848 2601 922 2643 ubi
953 2602 1182 2643 traditum:

429 2685 466 2715 et
493 2681 739 2726 Hymenaeus,
771 2682 832 2724 qui
853 2681 976 2724 primo
1000 2681 1120 2715 lavere
1147 2681 1266 2715 alium
1290 2681 1476 2724 marsupio
1502 2680 1606 2713 solet.

223 2750 296 2792 ubi
328 2764 425 2792 nos:
465 2754 597 2800 primo
629 2754 757 2790 alvum
790 2753 937 2791 lavere.
971 2774 1026 2779 ——
1059 2749 1110 2790 de
1141 2753 1369 2800 marsupio,
1413 2748 1525 2802 quod
1560 2761 1731 2801 correp-

223 2823 311 2860 tam
352 2819 485 2859 habet
517 2818 721 2867 alteram,
763 2818 923 2859 dictum
968 2818 1009 2858 in
1053 2818 1359 2858 commentario
1391 2816 1586 2857 Noniano
1621 2815 1732 2872 [504,

230 2886 306 2944 13].
367 2901 505 2941 neque
537 2887 676 2928 minus
707 2886 994 2940 respuendum
1036 2891 1129 2926 erat
1161 2887 1203 2926 in
1236 2886 1477 2939 Marcipore
1512 2885 1574 2939 [7]
1605 2884 1731 2925 illud:
