1898 3292
690 273 807 298 LIBER
827 273 1002 298 Tnnrrvs.
1513 267 1593 305 229

89 375 252 430 pedem,
284 376 481 429 proxima
512 375 732 428 dignitate,
764 389 873 428 quae
905 379 1003 428 post
1034 376 1273 429 septimum.
1328 376 1379 417 de
1411 381 1596 431 utraque

88 458 307 498 perpauca
348 444 618 497 grammatici
648 447 850 497 promunt
884 443 1037 484 Latini.
1105 443 1280 497 dignum
1323 448 1467 486 tamen
1508 460 1595 488 me-

88 513 225 554 moria
254 511 368 565 quod
401 511 551 553 scribit
581 511 743 553 Marius
773 512 1017 553 Victorinus
1048 525 1118 566 pg.
1141 515 1274 554 2524:
1316 516 1466 564 recipit
1491 527 1594 565 pen-

90 584 356 622 {hemimerem
387 587 426 621 et
459 583 836 631 hephthemimerem
868 605 925 610 —
952 593 973 621 e
1005 583 1148 631 quibus
1181 585 1522 631 penthemimeres
1555 586 1597 623 in

90 652 284 690 lrz'metrz's
313 652 413 689 satis
437 651 657 699 probatur.
718 648 792 690 ubi
829 652 930 690 satis
962 662 1013 690 ex
1042 662 1160 690 more
1191 650 1444 702 posterioris
1477 654 1596 692 aeta-

88 717 161 768 tis,
194 717 246 758 de
278 729 362 770 quo
393 715 554 757 dictum
585 716 609 756 l.
642 716 732 767 VII,
765 717 979 770 significat
1009 720 1235 759 admodum.
1276 742 1331 747 -—-
1370 721 1413 759 et
1445 718 1595 760 eadem

89 789 137 826 ut
166 784 398 838 plurimum
427 784 705 838 proportione
735 785 778 825 in
804 785 1002 836 iambico,
1035 799 1121 839 qua
1148 785 1192 826 in
1223 785 1435 840 dactylico
1457 800 1597 837 versu,

88 857 273 907 utraque
304 853 523 894 distinctio
559 853 734 907 optinet.
795 867 894 894 nam
934 857 976 894 et
1017 854 1060 895 in
1101 854 1329 905 trimetris,
1375 868 1459 908 quo
1502 855 1597 908 quis

89 921 284 963 molliora
315 924 390 962 aut
415 920 615 963 breviora
658 920 809 962 effudit
850 922 1058 972 carmina,
1101 936 1150 963 eo
1190 922 1330 963 minus
1371 922 1597 977 usurpavit

88 989 502 1044 hephthemimerim.
559 989 672 1031 unde
702 993 744 1031 et
774 989 882 1031 illud
912 990 1088 1041 factum,
1120 990 1235 1044 quod
1266 982 1473 1032 Boethius
1505 991 1597 1032 sola

89 1059 259 1100 omnino
291 1072 393 1100 usus
425 1061 491 1099 est
521 1058 860 1112 penthemimeri.
910 1072 1041 1112 porro
1074 1058 1190 1112 quod
1220 1058 1348 1100 binae
1377 1059 1596 1101 incisionis

89 1127 468 1181 semiseptenariae
499 1126 773 1168 inveniuntur
801 1127 965 1180 species
989 1127 1075 1168 sive
1106 1130 1205 1181 post
1226 1127 1342 1168 arsin
1365 1127 1596 1169 secundam

89 1209 163 1238 seu
196 1198 295 1249 post
324 1194 466 1236 thesin
496 1195 668 1236 tertiam
702 1195 827 1236 simul
858 1195 1032 1236 finiente
1065 1194 1196 1237 verbo
1226 1220 1281 1226 —
1310 1195 1393 1237 hoc
1424 1195 1596 1249 quidem

90 1264 125 1306 si
166 1264 259 1314 fiat,
299 1276 385 1304 non
423 1266 568 1317 potest
599 1263 792 1317 optinere
823 1263 1204 1317 hephthemimeris
1235 1264 1317 1305 nisi
1347 1264 1469 1305 finita
1498 1268 1598 1318 post

90 1336 291 1386 quartum
333 1331 590 1386 semipedem
637 1333 850 1374 sententia
889 1357 961 1382 —‚
1006 1333 1100 1386 quis
1146 1346 1230 1374 non
1271 1332 1513 1374 meminerit
1552 1334 1596 1373 in

87 1401 261 1442 heroico
302 1403 440 1442 metro
480 1400 658 1442 eandem
693 1401 820 1442 istam
863 1414 1086 1442 caesuram
1126 1401 1379 1455 plerumque
1424 1401 1595 1443 admitti

88 1471 168 1519 ita,
210 1473 258 1510 ut
300 1473 376 1510 aut
413 1469 457 1509 in
499 1469 688 1510 secunda
728 1470 815 1510 arsi
848 1473 922 1510 aut
950 1469 993 1510 in
1024 1470 1154 1510 tertia
1183 1469 1393 1511 subsistat
1424 1470 1593 1511 oratio?

87 1538 256 1579 illarum
288 1540 444 1579 neutra
477 1537 512 1578 si
544 1537 674 1588 adsit,
717 1537 930 1579 secundus
971 1551 1022 1579 ac
1065 1538 1219 1580 tertius
1248 1537 1480 1580 trochaeus
1510 1551 1595 1579 uno

89 1606 298 1648 contineri
329 1605 467 1647 solent
494 1605 639 1657 verbo,
669 1605 823 1647 veluti:

475 1688 517 1720 ut
538 1685 676 1730 gaudet
699 1686 855 1719 insitiva
880 1685 1084 1730 decerpens
1109 1685 1198 1730 pira.

89 1767 174 1808 qua
204 1754 248 1794 in
278 1767 324 1795 re
365 1754 460 1807 quis
498 1767 583 1795 non
620 1758 788 1807 repetet
831 1767 926 1795 eam
964 1753 1346 1808 hephthemimeris
1384 1754 1427 1795 in
1464 1754 1596 1796 hexa-

87 1826 224 1863 metro
270 1821 481 1877 dactylico
528 1822 734 1876 speciem,
783 1823 903 1864 cuius
949 1835 1081 1877 supra
1126 1823 1414 1877 appositumst
1454 1836 1595 1864 exem-

86 1891 205 1945 plum
234 1891 344 1932 tale:

293 1970 470 2005 sternitur
494 1970 749 2014 eatanimisque
774 1973 927 2004 tremens
952 1970 1165 2015 procumbit
1191 1970 1293 2004 humi
1318 1971 1395 2005 bos.

201 2040 340 2094 Igitur
367 2038 531 2081 formae
561 2039 687 2092 vulgo
718 2042 954 2093 usurpatae
987 2042 1086 2080 sunt
1116 2039 1218 2081 hae:

407 2118 478 2153 ibis
502 2117 680 2152 Liburnis
709 2119 711 2123 ’
740 2119 837 2153 inter
861 2119 935 2153 alta
958 2119 1105 2153 navium

407 2175 496 2220 quid
522 2176 651 2210 attinet
674 2179 732 2210 tot
757 2185 823 2209 ονα
851 2176 853 2220 ξ
883 2176 1029 2210 navium
1054 2177 1166 2221 gravi.

406 2232 551 2267 volente
581 2231 688 2266 Circa
715 2233 884 2267 membra.
909 2233 912 2276 j
941 2237 1029 2268 tunc
1054 2244 1157 2268 mens
1183 2236 1221 2268 et
1245 2244 1366 2268 sonus.

407 2292 450 2324 ut
472 2290 611 2334 gaudet
634 2290 790 2323 insitiva
851 2290 1055 2335 decerpens
1081 2291 1172 2335 pira.

89 2359 304 2412 elegantia
334 2371 436 2399 vero
465 2358 719 2399 incisionum
740 2359 1062 2412 propositarum
1085 2373 1136 2401 ea
1157 2372 1203 2400 re
1224 2358 1448 2413 probatur,
1482 2359 1597 2412 quod

90 2426 397 2480 semiquinaria
428 2426 617 2468 admissa
646 2427 861 2480 posterior
891 2441 993 2481 pars
1023 2428 1211 2469 trimetri
1243 2427 1387 2469 evadit
1415 2426 1598 2468 dimeter

45 2542 51 2545 ,
89 2494 354 2536 trochaicus:

636 2552 734 2586 inter
760 2552 833 2586 alta
857 2553 1024 2595 navium3

90 2619 442 2673 semiseptenaria
469 2620 588 2673 prior
618 2620 668 2661 fit
698 2619 880 2661 dimeter
909 2620 1119 2662 iambicus
1152 2620 1451 2662 catalecticus:

636 2702 678 2733 ut
703 2699 841 2744 gaudet
864 2700 1019 2734 insitiva.

91 2770 136 2808 at
156 2767 339 2820 pessime
360 2766 494 2808 habet
514 2770 614 2820 post
633 2766 800 2808 finitum
820 2768 974 2821 pedem
1000 2769 1177 2809 tertium
1198 2768 1341 2821 posita
1363 2767 1594 2819 distinctio,

91 2848 219 2888 quam
249 2834 522 2888 Francogalli
560 2835 727 2875 senario
768 2836 857 2886 isti,
902 2850 1027 2889 quem
1060 2835 1397 2877 Alexandrinum
1428 2839 1594 2886 vocant,

87 2902 310 2953 addidere,
333 2916 419 2955 qua
439 2902 558 2956 lepos
581 2906 623 2943 et
638 2903 826 2944 varietas
847 2918 1121 2945 numerorum
1141 2904 1416 2956 extinguitur.
1446 2903 1596 2945 melior

94 2974 159 3011 est
187 2969 333 3024 paullo
367 2984 547 3012 caesura
573 2971 665 3022 illa,
703 2985 814 3024 quae
845 2975 943 3024 post
969 2972 1157 3025 priorem
1189 2971 1276 3012 sive
1307 2970 1489 3012 alteram
1520 2985 1596 3012 seu
