1898 3292
745 176 862 201 L1BER
882 171 1038 201 PRIMVS.

551 279 696 322 pumice
723 291 767 312 ex
793 280 891 312 sicco

550 336 657 369 fluxit
681 335 871 380 Nyctelius
896 336 1004 369 latex.

551 393 686 436 garruli
711 404 860 436 gramen

551 460 701 482 secuere
728 450 805 492 rivi,

551 506 717 539 conbibit
744 506 869 540 dulces

550 562 680 596 humus
706 563 779 596 alta
803 574 910 597 sucos

551 620 717 663 niveique
743 620 850 654 lactis

551 676 726 710 candidos
752 677 869 711 fontes

552 738 588 767 et
612 734 728 767 mixta
754 734 868 768 odoro

551 790 687 824 Lesbia
713 802 797 824 cum
823 791 959 835 thymo.

552 847 699 880 ducitur
723 859 855 892 niagno

552 916 645 937 nova
672 908 787 948 nupta
814 905 926 939 caelo.

552 961 725 995 sollemne
755 961 926 995 Phoebus

553 1030 700 1052 carmen
726 1019 882 1053 decorus

552 1079 678 1110 cantat
700 1076 828 1110 infusis

552 1133 703 1166 humero
731 1133 883 1177 capillis,

553 1194 590 1223 et
617 1190 785 1234 geminus
811 1190 954 1234 Cupido

553 1247 721 1280 concutit
745 1247 881 1280 taedas.

552 1304 666 1337 telum
693 1303 864 1347 deposuit

553 1359 723 1404 Iuppiter
747 1360 895 1404 igneum

554 1417 703 1461 oditque
729 1417 878 1451 Baccho

553 1476 722 1509 veniente
748 1475 895 1509 fulmen.

554 1577 636 1611 Non
663 1577 702 1612 tsi
729 1580 840 1611 tantis

555 1640 663 1668 causa
688 1635 846 1679 periclis,

555 1703 626 1725 non
653 1692 743 1726 haec
770 1691 1001 1725 Labdacidas
1027 1695 1161 1736 petunt

554 1745 638 1793 saia,
664 1750 728 1783 sed
752 1752 895 1783 veteres
920 1748 1028 1782 deum

553 1808 628 1841 irae
654 1810 838 1840 secuntur.

556 1864 755 1898 Castalium
781 1874 908 1897 nemus

556 1922 720 1955 umbram
746 1920 898 1954 Sidonio

555 1978 726 2021 praebuit
750 1977 898 2020 hospiti,

554 2035 715 2078 lavitque
741 2033 855 2067 Dirce

556 2091 685 2136 Tyrios
712 2091 875 2124 colonos.

556 2153 597 2183 ut
621 2149 781 2193 primum
804 2147 927 2191 magni

557 2209 663 2239 natus
688 2205 883 2250 Agenoris,

557 2262 673 2296 fessus
700 2273 766 2306 per
792 2263 919 2296 orbem

554 2319 654 2352 'furta
679 2319 781 2362 sequi
807 2318 917 2361 Iovis,

558 2376 624 2410 sub
651 2378 776 2409 nostra
801 2375 954 2419 pavidus

560 2433 727 2466 constitit
750 2433 881 2466 arbore

558 2490 783 2533 praedonem
807 2500 984 2523 venerans
1011 2500 1127 2531 suum,

559 2547 773 2589 monituque
799 2545 943 2580 Phoebi

559 2603 677 2637 iussus
703 2604 840 2637 erranti

561 2670 684 2693 comes
713 2660 765 2694 ire
791 2670 936 2702 vaceae,

561 2728 667 2759 quam
695 2728 767 2750 non
793 2716 948 2750 flexerat

557 2784 684 2807 vomer
710 2776 773 2806 aut
797 2773 893 2807 tardi

557 2830 642 2873 iuga
668 2841 780 2863 curva
804 2830 970 2874 plaustri,

558 2886 723 2920 deseruit
746 2886 850 2930 fugas

1337 2942 1384 2978 9*

1568 168 1641 206 131
