1898 3292
821 202 946 228 INDEX
967 204 981 227 1
1577 200 1598 236 5
1606 199 1628 236 9
1635 199 1657 236 9

153 307 216 348 57,
250 308 285 345 8.
332 304 456 345 Ennii
488 305 530 344 in
563 303 822 345 adornandis
849 305 994 345 metris
1027 305 1180 346 merita
1214 311 1277 357 58,
1303 311 1338 347 f).
1387 307 1476 349 eius
1510 312 1657 349 aucto-

149 374 256 415 ritas
275 373 389 427 apud
405 373 667 427 posteriores
687 378 752 416 59.
799 377 952 427 poetae
972 373 1172 429 dactylici
1193 389 1328 428 usque
1346 375 1401 416 ad
1421 376 1655 419 Varronem

150 456 201 483 ac
228 442 430 483 Laevium
464 445 628 484 59-—63
664 441 870 496 (Lucilius
903 445 1082 485 60-62,
1137 443 1289 485 Accius
1322 447 1388 495 62,
1413 450 1448 486 5.
1492 447 1655 488 Sueius.

148 510 319 551 Licinus
351 511 434 563 63).

264 579 479 619 Aetatis
520 578 836 620 litterarum
883 579 1199 620 Latinarum
1251 594 1451 623 aureae
1505 583 1655 635 prior

147 661 294 700 pars,
327 646 390 688 ab
422 660 557 688 anno
590 661 625 688 a.
659 647 766 688 Chr.
800 647 1066 689 LXXVIII
1097 648 1160 689 ad
1190 648 1446 692 Caesaris
1479 651 1655 692 dicta-

147 716 286 756 toris
317 729 496 757 necem
528 716 814 769 pertinens
847 720 1026 758 63-78,

260 785 380 825 Duae
411 784 453 824 in
487 798 537 825 ea
558 788 781 838 poetarum
817 785 1001 835 scholae,
1034 785 1171 827 altera
1195 787 1466 839 antiquitatis
1489 802 1653 839 amans,

147 853 286 893 altera
311 866 446 893 novae
478 852 670 894 studiosa
702 853 806 894 viae.
860 853 1025 894 medius
1055 854 1167 895 inter
1198 858 1404 907 utrosque
1429 856 1563 896 Varro
1588 860 1652 897 64.

147 921 294 962 Cicero
339 924 382 962 et
426 921 651 962 Lucretius
699 925 762 962 64.
839 936 948 963 nova
995 922 1142 963 schola
1189 927 1254 973 64,
1304 928 1339 964 5.
1414 924 1464 980 cf.
1504 927 1545 964 et
1587 928 1652 965 81.

144 989 327 1030 Laevius
368 991 547 1032 65—70
588 989 696 1042 (eius
731 993 851 1031 aetas
893 994 963 1039 65,
997 996 1032 1032 6.
1094 1005 1226 1044 opera
1265 991 1348 1032 duo
1386 994 1457 1042 66,
1495 996 1530 1032 7.
1591 993 1653 1032 in-

146 1058 264 1099 doles
297 1061 362 1107 67,
396 1061 431 1098 8.
485 1072 554 1099 ars
593 1059 773 1099 metrica
806 1061 871 1108 67,
902 1061 939 1101 8.
993 1059 1229 1100 carminum
1268 1060 1477 1113 reliquiae
1519 1063 1652 1114 potis-

146 1127 278 1168 simae
320 1128 516 1180 68-70).
588 1127 725 1168 Varro
765 1130 930 1168 70—76
975 1126 1131 1181 (forma
1177 1128 1359 1169 Saturae
1400 1128 1652 1182 Menippeae

143 1209 273 1249 prosa
304 1198 346 1235 et
367 1209 494 1235 versu
524 1196 658 1236 mixta
689 1199 752 1237 70.
812 1195 1032 1248 pedestria
1061 1200 1103 1236 et
1124 1197 1295 1249 poetica
1327 1211 1494 1250 semper
1527 1212 1653 1239 sensu

144 1263 267 1318 plene
295 1263 414 1304 finito
447 1263 649 1304 distincta
673 1268 737 1314 70,
772 1267 835 1306 71.
885 1264 1102 1305 orationes
1123 1278 1201 1318 per
1230 1279 1274 1305 se
1307 1269 1552 1306 constantes
1587 1270 1650 1307 71.

145 1332 335 1373 carmina
376 1332 589 1373 interdum
633 1346 658 1373 a
698 1332 923 1385 particulis
966 1333 1220 1385 copulativis
1253 1333 1454 1374 incohata
1496 1338 1571 1385 71,
1615 1339 1650 1375 2.

145 1400 324 1442 aliorum
356 1404 580 1454 poetarum
613 1401 762 1441 inserti
793 1401 875 1442 loci
907 1405 971 1441 72.
1033 1405 1171 1442 metra
1204 1401 1417 1454 quomodo
1451 1403 1535 1443 sint
1567 1403 1651 1443 dis-

144 1469 283 1522 posita
324 1483 375 1510 ac
412 1473 655 1521 temperata
693 1470 736 1509 in
769 1469 925 1510 Satura
958 1470 1186 1523 Menippea
1220 1474 1283 1520 72,
1319 1475 1353 1512 3.
1418 1470 1650 1512 difficultas

142 1537 395 1578 restituendi
448 1537 651 1578 Varronis
692 1538 871 1579 Saturas
923 1542 986 1579 73.
1058 1539 1245 1579 varietas
1282 1553 1428 1580 earum
1472 1541 1652 1581 metrica

145 1610 209 1657 73,
242 1610 278 1647 4.
329 1605 440 1646 idem
476 1609 517 1646 et
546 1605 699 1647 iambis
732 1606 1033 1659 trochaeisque
1064 1607 1221 1648 italicis
1253 1611 1295 1648 et
1327 1609 1519 1648 saturnio
1548 1623 1650 1649 usus

142 1688 318 1715 numero
363 1678 436 1724 74,
471 1679 505 1715 5.
578 1674 668 1715 eius
708 1675 897 1716 rationes
946 1676 989 1715 in
1036 1675 1279 1716 adhibendo
1325 1677 1518 1717 saturnio
1561 1676 1649 1730 ib).

143 1743 359 1789 Catullus,
404 1742 583 1793 Calvus,
627 1742 782 1793 Cinna,
822 1743 1055 1784 Bibaculus
1090 1748 1154 1785 76.
1217 1745 1402 1785 scaenici
1445 1746 1651 1798 temporis

143 1811 409 1853 Ciceroniani
443 1814 508 1861 76,
541 1815 575 1851 7.
637 1825 771 1852 novae
800 1812 944 1852 Laevii
975 1813 1151 1865 eiusque
1184 1816 1444 1853 sectatorum
1478 1813 1650 1854 scholae

143 1894 253 1933 quae
294 1880 425 1920 fuerit
466 1880 703 1920 auctoritas
739 1880 805 1921 vel
844 1881 984 1933 gratia
1026 1881 1139 1934 apud
1185 1884 1334 1934 poetas
1375 1881 1650 1935 insequentes

143 1952 208 1999 77,
230 1949 267 1990 8.
329 1948 412 1989 duo
442 1948 613 1988 illorum
646 1948 840 2001 exemplo
873 1949 1101 2002 popularia
1134 1950 1250 1990 facta
1272 1952 1422 2001 metra,
1455 1950 1650 1991 trimeter

140 2017 453 2070 hipponacteus
486 2019 528 2057 et
559 2016 944 2070 hendecasyllabus
977 2017 1227 2071 phalaecius
1259 2021 1322 2059 78.

257 2085 475 2125 Aetatis
515 2084 835 2125 litterarum
868 2086 1185 2127 Latinarum
1228 2099 1429 2126 aureae
1469 2086 1650 2126 altera

140 2167 290 2206 pars,
323 2166 348 2194 a
379 2152 627 2194 Caesaris
659 2153 961 2195 dictatoris
992 2168 1122 2195 nece
1155 2154 1217 2195 ad
1249 2168 1435 2195 annum
1468 2169 1506 2208 p.
1532 2154 1647 2195 Chr.

142 2221 244 2262 XIV
276 2221 562 2275 pertinens
594 2224 785 2263 78-87.

257 2289 509 2330 Hexametri
540 2291 885 2344 pentametrique
919 2305 989 2332 ars
1024 2291 1106 2332 hoc
1127 2295 1321 2344 tempore
1355 2291 1410 2332 ad
1441 2306 1648 2332 summam

143 2358 330 2399 adducta
372 2358 681 2412 perfectionem
724 2363 786 2400 78.
857 2359 1072 2412 Vergilius
1118 2363 1182 2409 78,
1225 2364 1260 2401 9.
1335 2359 1510 2400 Ovidius
1553 2374 1648 2400 cum

141 2426 367 2479 Propertio
400 2440 450 2467 ac
480 2427 648 2468 Tibullo
681 2431 744 2469 79.
788 2427 957 2468 Horatii
988 2428 1227 2468 hexametri
1262 2431 1326 2477 79,
1350 2431 1414 2469 80.
1458 2427 1646 2468 eiusdem

141 2498 278 2535 metra
309 2494 494 2535 iambica
526 2499 568 2536 et
597 2495 732 2549 lyrica
763 2499 930 2537 80-83
976 2497 1127 2549 (ipsius
1158 2496 1449 2537 testimonium
1481 2500 1547 2546 80,
1582 2500 1647 2537 81.

141 2563 314 2616 quinam
345 2563 388 2603 in
420 2577 466 2603 re
496 2564 676 2604 metrica
708 2564 797 2605 eius
828 2568 1028 2605 auctores
1058 2564 1213 2605 Graeci
1246 2568 1310 2605 81.
1371 2578 1520 2605 versus
1548 2579 1645 2605 num

141 2645 286 2672 omnes
314 2632 439 2684 petiti
461 2645 485 2671 a
508 2632 685 2673 Graecis
709 2636 773 2673 81.
827 2632 880 2672 cf.
906 2635 996 2675 116.
1036 2636 1124 2683 117,
1149 2637 1185 2674 8.
1232 2636 1512 2687 systematum
1534 2633 1647 2673 inter

139 2699 253 2740 hunc
293 2703 335 2740 et
378 2699 581 2740 Laevium
623 2700 797 2753 eiusque
843 2701 980 2741 socios
1027 2701 1253 2741 diversitas
1295 2705 1360 2742 81.
1422 2700 1473 2741 de
1514 2704 1645 2754 syste-

139 2771 300 2808 matum
343 2767 679 2808 Horatianorum
725 2768 976 2809 auctoribus
1026 2773 1099 2819 81,
1149 2773 1184 2809 2.
1255 2768 1410 2821 quibus
1452 2768 1646 2809 versibus

138 2850 241 2876 usus
273 2836 328 2875 sit
358 2835 467 2875 idern
503 2838 566 2875 82.
610 2850 793 2888 quanam
819 2850 862 2876 rc
886 2850 910 2877 a
933 2837 1110 2877 Graecis
1133 2836 1306 2877 differat
1334 2837 1376 2876 in
1409 2837 1645 2890 pangendis

140 2904 333 2945 versibus
363 2907 427 2945 82.
488 2908 654 2956 utrum,
700 2918 810 2957 quac
853 2905 907 2946 ab
947 2905 1013 2946 his
1044 2905 1212 2946 diversa
1243 2905 1440 2956 instituit,
1470 2906 1645 2958 proprio
