1898 3292
721 235 840 259 LIBER
860 234 1049 265 QVARTVS.
1556 227 1634 265 283

252 337 403 378 Restat
435 341 482 378 ut
514 336 739 386 declarem,
771 340 992 377 auctorum
1024 350 1101 389 pro
1132 340 1373 389 temporum
1410 337 1635 378 intervallo

134 408 177 446 et
209 406 392 447 materia
424 406 623 447 carminis
655 419 765 458 quae
806 404 936 445 fuerit
976 403 1230 446 differentia.
1269 430 1322 434 --
1364 419 1415 446 ac
1451 405 1636 459 primum

133 473 304 527 quidem
350 474 643 527 dignissimum
689 473 896 514 memoria
941 473 1027 514 iam
1073 473 1372 526 antiquissima
1409 477 1553 515 aetate
1594 477 1636 514 et

132 542 271 584 vivido
315 542 537 589 etiamtum
576 556 703 583 sensu
748 542 892 582 hiatus
931 542 974 582 in
1017 542 1157 583 medio
1199 542 1330 583 verbo
1369 541 1473 583 facti
1510 542 1636 595 longe

132 611 337 652 maiorem
369 610 500 652 fuisse
532 610 773 651 cautionem
805 610 1114 664 dactylicorum
1146 610 1188 651 in
1216 611 1394 665 synizesi
1417 614 1459 652 et
1481 611 1636 652 ceteris

131 679 331 721 remediis
377 678 630 720 adhibendis
676 692 803 732 quam
849 678 930 720 fuit
969 678 1056 720 ullo
1096 682 1289 733 tempore
1330 680 1634 721 scaenicorum.

134 748 249 802 quod
280 761 364 789 non
394 748 555 802 poterit
587 760 679 788 esse
720 747 873 788 mirum
917 747 1205 800 cogitantibus
1249 747 1343 799 hos,
1387 762 1481 789 cum
1524 763 1635 790 com-

131 820 339 870 ponerent
370 830 447 858 sua
484 815 727 857 hominibus
770 815 948 868 plebeiis
992 819 1034 857 et
1077 830 1161 857 non
1203 816 1404 868 eruditis,
1444 817 1636 871 potuisse

132 885 360 926 admittere
409 884 640 939 pleraque,
700 897 809 937 quae
860 883 1039 925 liberale
1091 884 1320 926 cultiorum
1367 884 1634 938 ingeniorum

132 957 440 1007 aspernaretur
478 952 695 994 iudicium.
756 966 855 993 nam
892 952 1013 993 hiatu
1044 953 1138 1006 ipso
1169 953 1392 1007 asperiora
1424 953 1636 1007 quaedam

132 1022 223 1063 eius
266 1021 468 1063 remedia.
535 1021 645 1062 adde
688 1020 802 1074 quod
843 1021 1137 1062 scaenicorum
1181 1022 1371 1063 carmina
1413 1023 1636 1074 audituris,

131 1094 177 1131 at
218 1090 395 1131 lecturis
441 1090 751 1144 dactylicorum
799 1089 918 1130 fuere
965 1089 1200 1141 destinata,
1253 1104 1364 1143 quae
1410 1091 1636 1132 diversitas

133 1159 284 1212 quanti
325 1159 380 1200 sit
419 1158 621 1199 momenti
664 1158 874 1199 neminem
913 1157 1059 1211 fugiet.
1120 1161 1349 1212 praeterea
1383 1159 1457 1201 ubi
1489 1173 1636 1201 saecu-

130 1227 269 1268 lorum
302 1242 429 1268 cursu
460 1232 501 1268 et
533 1227 745 1268 communi
774 1227 1051 1268 mortalitatis
1074 1226 1229 1268 damno
1253 1228 1476 1269 consenuit
1497 1242 1636 1270 sermo

129 1295 308 1337 Latinus
338 1300 514 1349 propter
547 1309 619 1336 eas
651 1309 821 1345 causaS,
865 1309 972 1348 quas
1011 1295 1094 1336 fine
1126 1296 1282 1348 prioris
1313 1296 1413 1338 libri
1445 1298 1635 1351 exposui,

130 1365 344 1405 rationum
376 1364 629 1418 plerumque
661 1365 1041 1417 grammaticarum
1072 1364 1253 1405 invaluit
1285 1378 1400 1415 cura,
1433 1368 1478 1406 at
1510 1366 1637 1406 cessit

130 1433 233 1474 soni.
294 1433 393 1474 hinc
424 1433 604 1484 factum,
646 1436 694 1473 ut
733 1433 830 1473 inde
870 1447 894 1473 a
924 1433 1062 1487 primo
1092 1447 1131 1486 p.
1165 1433 1258 1474 Chr.
1292 1434 1463 1475 saeculo
1496 1434 1632 1487 magis

128 1502 351 1555 magisque
392 1504 696 1543 evanescerent
739 1515 789 1542 ex
836 1515 916 1542 usu
956 1501 1157 1556 synizesis
1200 1502 1412 1544 vocalium
1454 1506 1497 1544 et
1538 1516 1636 1544 con-

129 1570 285 1611 tractio
318 1574 361 1611 et
392 1569 601 1624 quidquid
636 1570 753 1611 aliud
783 1570 1018 1623 mitigando
1051 1570 1190 1612 hiatui
1219 1571 1450 1613 inventum.
1502 1571 1635 1625 quod-

129 1638 254 1691 siqua
284 1638 512 1679 videantur
543 1652 785 1692 repugnare
827 1639 1126 1698 observant-iae
1168 1640 1255 1691 isti,
1297 1654 1348 1682 ea
1379 1654 1480 1681 vero
1510 1654 1635 1694 prae-

129 1707 264 1760 ceptis
295 1707 673 1760 grammaticorum
704 1707 769 1747 vel
805 1707 1045 1748 imitatione
1076 1711 1269 1750 veterum
1302 1722 1547 1763 provenere.

243 1774 408 1816 Deinde
447 1775 561 1828 quod
603 1775 901 1828 graecanicam
941 1776 1148 1830 synizesin
1192 1790 1276 1818 non
1317 1778 1435 1831 prius
1467 1776 1634 1818 Catullo

127 1843 309 1885 inveniri
338 1844 588 1894 memoravi,
630 1858 680 1885 ne
713 1844 794 1885 hoc
833 1844 1005 1898 quidem
1038 1845 1090 1886 de
1126 1845 1259 1887 nihilo
1292 1859 1384 1887 esse
1417 1845 1634 1896 concedet,

128 1912 201 1966 qui
231 1912 358 1954 huius
387 1916 430 1954 et
464 1916 688 1953 cantorum
720 1913 1006 1966 Euphorionis
1048 1914 1239 1955 rationes
1270 1915 1405 1968 probe
1441 1914 1636 1968 cognorit

128 1981 340 2022 metricas.
392 1995 472 2022 nec
492 1995 592 2022 vero
614 1981 829 2034 intellego,
861 1982 933 2034 qui
955 1983 1142 2035 potuerit
1163 1983 1365 2025 Heinsius
1387 1996 1635 2025 asseverare

128 2049 202 2104 [ad
233 2049 306 2090 Ov.
339 2053 509 2091 metam.
543 2049 632 2100 VII,
665 2050 765 2103 223]
808 2051 1101 2104 exemplorum
1142 2051 1294 2093 talium
1332 2052 1501 2106 qualest
1531 2052 1634 2093 Ver-

129 2117 219 2171 gilii
257 2117 487 2169 ‘ferreiqw
518 2122 786 2159 Eumenidum
816 2116 1002 2160 thalami'
1048 2120 1220 2173 plenum
1253 2134 1345 2162 esse
1376 2120 1633 2162 Lucretium.

127 2199 265 2239 neque
298 2200 408 2240 quae
440 2187 740 2228 Lachmannus
772 2188 928 2229 similia
959 2188 1084 2230 huius
1116 2193 1159 2230 et
1189 2189 1341 2231 Lucilii
1373 2189 1635 2230 carminibus

126 2255 272 2296 intulit
301 2259 481 2309 possunt
512 2255 701 2296 tolerari.
750 2270 848 2297 nam
871 2256 1033 2298 Tullius
1066 2257 1181 2310 quod
1213 2257 1469 2312 disyllabum
1490 2258 1635 2312 posuit

134 2325 281 2374 Cephei
302 2324 429 2378 [arat.
448 2324 533 2378 52]‚
566 2324 677 2365 sicut
697 2325 908 2366 Pacuvius
930 2326 1201 2381 trisyllabum
1231 2329 1432 2378 Capherei
1453 2327 1506 2381 [v.
1523 2326 1633 2381 136]

126 2392 171 2432 id
201 2405 301 2433 vero
330 2406 414 2433 non
444 2392 620 2433 licentia
649 2393 820 2446 poetica
855 2398 897 2435 et
923 2394 1050 2436 docta
1085 2397 1412 2449 peregrinorum
1444 2394 1632 2437 aemula-

126 2460 255 2510 tione,
285 2460 361 2502 sed
392 2460 517 2514 vulgo
548 2461 710 2502 usitata
738 2461 901 2503 Latinis
931 2464 1282 2516 pronuntiatione
1315 2464 1466 2505 evenit.

242 2528 473 2570 Praeterea
505 2534 654 2583 aptum
694 2530 926 2571 memoriae
969 2535 1011 2571 et
1052 2531 1133 2572 hoc
1174 2545 1307 2585 genus
1348 2532 1550 2587 synizesis
1591 2535 1635 2573 et

127 2596 333 2648 alterum,
379 2597 493 2650 quod
525 2602 737 2639 constati
783 2599 848 2639 vel
888 2614 914 2640 u
955 2599 1122 2641 duratis
1167 2601 1211 2641 in
1242 2614 1493 2651 consonam,
1540 2615 1632 2642 esse

127 2665 267 2706 aliena
305 2679 330 2706 a
370 2666 556 2706 numeris
595 2666 790 2708 iambicis
831 2670 874 2708 et
912 2668 1156 2710 trochaicis.
1217 2669 1325 2710 haec
1366 2683 1435 2710 res
1476 2672 1523 2710 ut
1567 2672 1633 2710 est

127 2733 313 2774 omnium
347 2734 603 2784 certissima,
635 2735 708 2786 ita,
741 2736 865 2788 siqua
896 2736 992 2787 alia,
1025 2737 1144 2778 clara
1170 2737 1265 2778 luce
1293 2741 1520 2791 poetarum
1552 2737 1631 2778 La-

125 2801 313 2842 tinorum
344 2801 537 2843 declarat
567 2802 833 2844 modestiam.
885 2818 1069 2858 namque
1101 2819 1195 2846 cum
1228 2806 1271 2846 in
1293 2805 1515 2859 dactylicis
1537 2820 1630 2847 ver-

127 2868 256 2920 sibus,
288 2870 400 2911 sicut
429 2874 581 2924 postea
611 2871 887 2925 probabitur,
931 2873 1105 2914 licentia
1146 2874 1230 2914 ista
1271 2888 1354 2915 non
1390 2873 1524 2915 ferme
1556 2875 1629 2916 ad-

124 2937 326 2980 hibeatur
356 2939 438 2980 nisi
470 2939 645 2981 vocibus
674 2940 755 2990 eis,
798 2954 908 2995 quae
946 2941 1061 2983 ultro
1092 2941 1344 2996 plerumque
1377 2943 1631 2990 conveniant-
