1898 3292
228 277 307 315 40ss
819 284 939 308 LIBER
960 283 1136 315 QVINTVS.

228 392 386 428 metros
433 387 651 428 rarissimo
698 386 841 441 [l'rop.
879 386 955 436 111,
991 391 1059 435 24,
1093 390 1168 437 293
1217 385 1260 435 Υ,
1296 389 1336 434 l,
1375 388 1445 436 173
1489 385 1612 426 Mart.
1649 385 1736 435 VII,

227 460 293 505 44,
321 460 363 506 1,
396 455 446 504 X,
475 460 541 505 89,
569 456 608 509 l]
643 455 822 496 similem
854 454 1088 495 admittunt
1118 454 1333 495 licentiam
1369 454 1516 508 [Prolm
1545 453 1596 502 II,
1629 457 1665 503 ὅ,
1690 457 1736 504 ὃ,

228 525 354 566 Mart.
387 524 459 574 IX,
496 527 587 574 101,
620 528 663 575 4,
700 524 809 574 XIV,
844 526 908 571 77,
940 524 1007 578 2]:

479 604 637 637 vinceris
664 607 727 637 aut
752 604 878 637 vincis.
928 603 1018 637 haec
1045 603 1080 636 in
1108 614 1231 635 amore
1257 606 1384 636 rotast.

482 660 594 695 disce.
645 660 766 705 Libyn
792 660 945 703 domuit,
972 672 1081 694 aurea
1108 671 1217 703 poma
1242 659 1337 693 tulit.

480 718 615 752 Lesbia
641 719 821 763 plorabat,
847 718 905 751 hic
931 717 1096 751 habitare
1124 719 1258 761 potest.

229 787 339 828 adde
371 787 504 828 Marsi
536 787 623 828 tale
654 787 781 842 [Mey.
820 789 911 837 123,
945 786 1012 840 5]:

480 867 544 901 sed
571 869 766 911 postquam
793 867 942 900 alterius
968 866 1098 900 mulier
1125 865 1328 899 communis
1355 865 1499 908 utrique

482 924 616 967 nupsit,
644 924 816 968 deposuit
841 924 933 958 alter
958 923 1157 957 amicitiam

230 998 272 1034 et
293 1006 423 1047 porro
447 993 537 1034 eius
560 993 632 1046 qui
655 992 707 1033 de
730 992 896 1033 Maevio
920 1006 1091 1032 carmen
1122 979 1361 1044 composuit
1392 990 1516 1046 [Mey.
1536 993 1630 1040 521,
1654 990 1739 1043 15]:

482 1073 618 1116 eripuit
642 1073 757 1106 virtus
783 1072 970 1116 pietatem,
1002 1071 1156 1105 reddero
1183 1071 1296 1104 virtus

483 1130 604 1164 debet.
656 1141 727 1173 qua
753 1130 883 1173 rapuit,
910 1129 979 1163 hac
1007 1128 1210 1173 reparanda
1238 1128 1340 1162 viast.

233 1203 462 1253 praetcrea
497 1213 580 1240 uno
611 1198 705 1239 1000
730 1198 941 1239 Homerus
963 1197 1141 1239 Latinus
1175 1196 1416 1238 extendissc
1449 1196 1617 1236 videtur
1650 1210 1741 1236 cor-

232 1271 399 1321 reptam
432 1268 494 1308 ita
523 1267 667 1321 [966]:

484 1365 550 1387 nec
576 1352 727 1387 sufferre
753 1353 849 1386 valet
874 1353 968 1386 ultra
995 1356 1205 1396 sortemque
1234 1363 1452 1395 supremam.

233 1421 365 1463 dubia
396 1436 463 1463 res
494 1423 536 1463 111
569 1422 760 1472 Lucano,
800 1421 921 1462 cuius
962 1422 1004 1461 in
1046 1421 1184 1474 primo
1228 1422 1281 1475 [v.
1316 1421 1415 1474 ⁴342]
1452 1419 1551 1461 libri
1583 1420 1744 1461 liabent

232 1490 401 1544 plures:

485 1550 548 1582 aut
572 1547 630 1581 hic
658 1550 757 1582 errat
783 1547 834 1581 ait
859 1547 957 1581 nulla
984 1547 1060 1581 sine
1086 1547 1168 1591 lege
1194 1559 1260 1591 per
1285 1558 1436 1589 acvum3

232 1629 362 1682 idque
393 1628 533 1682 ipsum
563 1626 752 1669 affirmat
783 1627 1029 1668 Priscianus
1060 1627 1146 1681 [pg.
1173 1626 1319 1680 1194],
1355 1626 1427 1667 ubi
1450 1626 1502 1667 de
1524 1625 1744 1679 duplicata

235 1697 326 1750 agit
366 1696 605 1750 negatione.
668 1700 713 1737 at
752 1696 795 1736 in
837 1695 931 1737 aliis
970 1695 1129 1748 legitur
1161 1700 1241 1736 ulla
1275 1698 1362 1735 sine
1393 1694 1458 1736 vel
1489 1699 1600 1736 malla
1632 1709 1745 1743 cnm,-

236 1765 366 1818 idque
399 1768 621 1819 receptum
653 1764 707 1806 ab
740 1764 884 1806 Hosio.
925 1789 979 1794 ——
1022 1777 1151 1818 porro
1195 1763 1260 1805 bis
1293 1763 1464 1805 Persius
1503 1763 1620 1804 hisce
1652 1777 1744 1804 vei·-

235 1833 354 1875 sibus
385 1834 442 1889 [5,
476 1837 550 1885 57,
583 1838 618 1884 6,
652 1834 747 1888 26];

488 1913 546 1947 hic
574 1925 704 1958 campo
731 1914 908 1958 indulget,
935 1914 1031 1947 hunc
1059 1913 1136 1947 alea
1163 1912 1347 1956 decoquit,
1374 1912 1445 1946 ille.

488 1971 615 2006 emole.
657 1971 744 2015 quid
772 1972 931 2006 metuis?
958 1982 1057 2014 occa,
1085 1974 1122 2005 et
1143 1981 1253 2014 seges
1278 1969 1391 2004 altera
1418 1970 1453 2003 in
1484 1969 1645 2004 hcrbast.

235 2048 302 2090 bis
331 2047 544 2089 Iuvenalis
578 2046 632 2103 [3,
660 2050 760 2098 1743
795 2050 831 2097 6,
864 2046 986 2103 340]:

489 2127 658 2161 maiestas
683 2127 905 2171 tandemque
931 2127 1027 2161 redit
1051 2126 1096 2159 ad
1122 2125 1264 2170 pulpita
1291 2128 1428 2160 notum.

488 2184 664 2227 intulerit,
689 2185 752 2219 ubi
777 2184 888 2218 velari
914 2184 1060 2228 pictura
1083 2184 1242 2218 iubetur.

237 2264 282 2301 at
313 2260 427 2314 apud
460 2259 743 2301 Claudianum
773 2259 989 2300 invenitur
1017 2259 1098 2300 11οο
1129 2257 1212 2314 [2],
1247 2257 1365 2313 155];

717 2340 841 2373 mixtis
866 2339 925 2373 hic
953 2338 1112 2373 Colchus
1137 2338 1300 2380 Hiberis,

488 2396 547 2431 1110
572 2397 678 2430 mitra
702 2396 842 2431 velatus
868 2395 1001 2438 Arabs,
1026 2395 1086 2430 hic
1114 2395 1214 2429 crine
1240 2394 1396 2429 decorus

488 2454 698 2496 Armenius,
724 2453 783 2487 hic
808 2454 909 2497 picta
935 2452 1047 2487 Saces
1071 2453 1266 2496 fucataque
1293 2451 1436 2493 Medus,

489 2511 548 2545 hic
575 2514 759 2555 gemmata
782 2511 888 2555 niger
910 2511 1072 2544 tentoria
1096 2509 1227 2544 fixerat
1250 2508 1385 2551 Indus,

491 2568 550 2602 hic
579 2567 749 2602 Rhodani
774 2579 930 2612 procera
956 2567 1098 2610 cohors,
1124 2567 1184 2600 1110
1210 2566 1315 2600 miles
1341 2566 1506 2599 alumnus

491 2625 640 2659 Oceani.

238 2707 311 2748 ubi
353 2706 471 2747 vides
508 2705 746 2759 productae
786 2706 829 2746 in
868 2706 941 2746 illo
980 2709 1193 2746 Armenius
1235 2704 1412 2746 ultimae
1455 2718 1537 2744 non
1579 2706 1745 2744 tantum

239 2789 420 2816 caesura
448 2774 759 2824 semiternaria,
793 2774 867 2814 sed
899 2774 1029 2815 etiam
1060 2772 1358 2827 multiplicatis
1379 2771 1622 2813 nominibus
1648 2785 1745 2825 pro-

238 2844 342 2897 priis
384 2847 426 2884 et
465 2842 669 2884 adverbio
711 2846 776 2883 Ιιὶθ
815 2843 962 2896 parari
993 2843 1171 2883 veniam.
1233 2846 1378 2882 cetera
1409 2841 1585 2881 incerta.
1647 2854 1744 2880 nam

239 2912 341 2953 alibi
375 2911 457 2967 [22
493 2911 585 2966 141]
619 2911 786 2964 Ieepius
819 2926 913 2952 cum
948 2914 1071 2964 parte
1101 2911 1215 2951 bona
1246 2909 1475 2950 librorum:

489 3003 584 3038 illius
610 3006 652 3037 ut
673 3013 806 3047 magno
834 3002 897 3037 Sol
922 3002 1045 3036 limine
1072 3002 1240 3037 constitit
1263 3001 1368 3044 antri,
