1898 3292
265 229 347 269 446
872 237 991 262 LIBER
1010 236 1167 262 sssxrvs.

269 340 416 394 [1113]
462 338 546 380 ‘sal
575 342 731 380 niveum
753 353 898 387 sumes,
932 342 1111 380 Belicam
1142 342 1250 389 quod
1281 342 1438 379 nomine
1461 340 1638 383 dicum'.
1678 354 1772 380 cuin

264 408 521 462 praesertim
560 407 628 448 vix
671 411 770 461 apte
813 407 975 448 habeat
1016 421 1154 447 nomen
1199 406 1385 460 positum
1415 420 1494 460 pro
1525 412 1772 459 comeonzine,

264 478 308 518 in
339 490 424 530 quo
455 489 581 517 versu
613 476 784 516 omnino
816 474 1113 516 contendimus
1153 488 1246 516 esse
1281 475 1575 528 reponendum
1617 475 1774 517 ‘Baetis

266 549 376 596 quod
413 548 571 586 nomine
612 541 790 585 diczmt'.
850 546 995 584 tamen
1037 543 1268 596 plurimum
1307 543 1506 584 licentiae
1548 547 1775 585 traxerunt

264 613 380 668 apud
402 614 617 654 Romanos
647 630 673 667 η
706 615 748 653 et
781 629 827 662 ω,
860 612 1018 666 quippe
1051 625 1174 665 quae,
1207 626 1302 653 cum
1333 612 1553 665 propriam
1574 616 1774 653 naturam

265 681 433 736 pridem
476 681 717 731 exuissent,
763 694 867 727 non,
914 684 961 721 ut
1001 679 1179 721 Graecis
1217 680 1394 731 litteris,
1442 680 1571 721 etiam
1614 680 1775 721 Latinis

265 751 408 805 specie
451 750 547 803 ipsa
587 752 631 789 et
672 748 881 802 adspectu
913 747 968 789 ab
1002 748 1192 790 eiusdem
1223 749 1315 790 soni
1344 748 1548 790 brevibus
1576 762 1775 801 segrega-

265 822 425 860 rentur.
486 831 586 858 nam
629 820 672 857 et
714 816 911 857 similiter
953 816 1245 870 diphthongus
1287 834 1323 860 ει
1363 817 1476 858 idem
1517 816 1591 858 illa
1632 820 1775 858 aetate

266 886 381 940 quod
420 890 434 926 i
475 888 719 938 correptum
754 885 907 926 sonuit.
951 912 1004 917 —
1049 898 1100 925 ac
1142 885 1325 938 primum
1357 885 1528 939 quidem
1560 884 1776 938 frequenti

265 969 346 996 usu
391 954 613 996 breviatur
659 967 685 994 a
730 953 976 994 christianis
1022 953 1211 994 secunda
1253 954 1315 995 in-
1337 957 1530 1003 eeclesia,
1572 957 1775 1006 mysterio,

259 1026 485 1074 psalterio,
524 1025 654 1072 idolo,
696 1025 840 1070 idolio,
882 1024 1050 1070 ἱᾱοῐὶεο,
1082 1025 1310 1064 idololatra.
1383 1022 1539 1075 quibus
1572 1022 1776 1075 exemplis

263 1092 420 1133 similia
449 1091 636 1132 infracta
678 1109 703 1146 η
745 1090 812 1131 vel
856 1107 888 1133 ω
922 1089 988 1131 vel
1026 1107 1062 1133 ει
1092 1091 1367 1144 reperiuntur
1398 1104 1493 1131 cum
1526 1090 1628 1131 alibi
1659 1090 1775 1132 haud

262 1173 403 1214 pauca
434 1164 525 1201 tum
556 1160 599 1200 in
631 1159 772 1201 verbis
804 1158 944 1200 hisce:

436 1228 625 1282 beryllus
668 1226 812 1283 [Prud.
847 1227 994 1282 psych.
1028 1226 1148 1283 855],
1195 1225 1427 1279 Ctesiphon
1473 1226 1574 1283 [Sid.
1607 1241 1671 1281 ep.
1704 1228 1776 1274 IX,

442 1300 505 1347 13,
529 1295 616 1352 21],
648 1295 860 1337 diastema
894 1294 996 1351 [Sid.
1020 1295 1195 1349 epithal.
1218 1294 1305 1336 Pol.
1330 1298 1372 1336 et
1394 1296 1521 1336 Aran.
1546 1294 1638 1352 64],
1670 1296 1777 1337 ethi-

438 1379 512 1406 cus
557 1363 701 1420 [Prud.
734 1364 845 1405 ham.
881 1363 1002 1420 580],
1045 1377 1213 1405 eremus
1259 1362 1402 1419 [Prud.
1431 1378 1492 1417 ps.
1526 1363 1650 1420 371],
1694 1364 1777 1405 Eu-

438 1433 613 1487 phemia
657 1431 760 1489 [sid.
791 1446 889 1487 pan.
923 1432 1120 1474 Anthem.
1152 1431 1277 1489 482],
1317 1431 1523 1474 mathesis
1568 1431 1712 1488 [Prud.
1744 1446 1777 1473 c.

438 1503 593 1556 Symm.
627 1502 679 1552 Π,
711 1502 832 1556 479],
870 1501 1127 1543 Marcionita
1161 1500 1305 1557 [Prud.
1338 1501 1449 1542 ham.
1486 1500 1602 1557 128],
1642 1501 1776 1543 Phae-

438 1571 547 1611 done
583 1569 684 1626 [sid.
706 1583 803 1624 pan.
827 1570 1023 1611 Anthem.
1061 1569 1177 1626 178],
1216 1569 1464 1623 paracletus
1499 1568 1642 1626 [Prud.
1665 1585 1703 1624 p.
1727 1575 1778 1612 st.

441 1643 505 1689 10,
528 1638 648 1695 430],
681 1638 856 1680 Phidias
888 1640 1008 1693 [Aus.
1032 1639 1165 1692 epigr.
1192 1642 1255 1689 12,
1282 1639 1342 1692 1],
1375 1638 1599 1692 phrenesis
1632 1639 1778 1693 [Prud.

436 1708 549 1749 ham.
586 1707 706 1762 124],
754 1707 999 1761 phonascus
1046 1707 1150 1762 [Sid.
1184 1721 1248 1761 ep.
1280 1707 1351 1757 IV,
1387 1710 1456 1757 11,
1498 1707 1591 1761 13],
1637 1708 1779 1761 poesis

440 1775 586 1831 [Prud.
611 1789 644 1817 c.
668 1775 823 1830 Symm.
846 1776 898 1827 Π,
923 1777 1014 1831 52],
1046 1776 1280 1830 Polyclitus
1311 1776 1398 1831 [Pr.
1429 1790 1468 1829 p.
1491 1779 1542 1817 st.
1577 1780 1641 1827 10,
1664 1777 1779 1831 269],

437 1848 691 1899 tetragonus
724 1845 843 1899 [Aus.
876 1845 928 1886 de
960 1858 1108 1899 puerp.
1142 1845 1236 1899 21],
1278 1845 1473 1897 trigonus
1510 1845 1629 1899 [Ans.
1663 1845 1777 1899 idyll.

439 1918 503 1964 11,
536 1913 620 1968 50].

382 1983 616 2024 Praeterea
658 1981 977 2023 observandum
1018 1994 1147 2035 saepe
1188 1981 1347 2035 corripi
1394 1981 1583 2036 syllabas
1629 1981 1779 2035 longas

265 2052 397 2103 tales,
438 2064 549 2104 quae
592 2054 690 2104 post
730 2064 775 2092 se
805 2049 1019 2092 haberent
1060 2053 1073 2090 i
1114 2049 1287 2091 brevem
1331 2064 1425 2091 cum
1464 2050 1601 2091 altera
1629 2050 1780 2101 vocali,

265 2120 382 2161 velut
410 2120 454 2160 in
484 2119 603 2161 hisce
635 2132 746 2172 quae
777 2122 877 2160 sunt

440 2188 655 2242 copiosior
693 2187 860 2242 [Octav.
894 2187 989 2242 64],
1036 2187 1239 2229 denarius
1285 2187 1400 2242 [Sed.
1430 2201 1463 2229 c.
1495 2202 1534 2241 p.
1566 2188 1622 2237 ΙΙ,
1663 2188 1777 2242 275],

363 2274 367 2278 >
439 2256 730 2298 duodenarius
764 2256 902 2310 [Arat.
935 2269 971 2297 a.
1005 2269 1070 2309 ap.
1103 2256 1134 2307 Ι,
1170 2256 1290 2310 116],
1331 2256 1558 2298 Florianus
1593 2256 1682 2311 [Ar.
1715 2270 1779 2309 ep.

441 2325 496 2366 ad
528 2324 641 2365 Flor.
665 2324 727 2378 2],
758 2324 930 2365 inscitia
960 2324 1128 2378 [Boeth.
1159 2324 1228 2375 IV,
1252 2329 1288 2374 5,
1313 2325 1402 2379 21],
1435 2324 1626 2366 Iulianus
1658 2325 1779 2379 [Ven.

439 2394 556 2435 misc.
587 2393 707 2443 VIII,
750 2396 786 2443 6,
831 2393 955 2446 270],
1001 2392 1264 2434 Iustinianus
1311 2393 1424 2447 [Cor.
1467 2392 1582 2434 laud.
1613 2393 1716 2433 Iust.
1748 2394 1779 2442 Ι,

443 2462 564 2515 251],
597 2460 863 2502 Maiorianus
899 2460 1002 2515 [Sid.
1034 2474 1132 2515 pan.
1155 2461 1305 2503 Maior.
1341 2464 1441 2513 1043
1474 2460 1581 2516 Mey.
1605 2465 1699 2512 874,
1723 2461 1779 2515 2],

441 2529 705 2571 meridianus
752 2529 889 2584 [Paul.
923 2533 994 2581 24,
1030 2530 1155 2584 917],
1203 2529 1470 2583 Nepotianus
1514 2530 1631 2584 [Aus.
1672 2529 1779 2583 prof.

443 2598 566 2640 hurd.
602 2601 665 2649 16,
697 2598 761 2652 4],
794 2597 981 2652 seplasia
1011 2598 1130 2653 [Aus.
1155 2598 1287 2652 epigr.
1314 2602 1405 2650 123,
1432 2598 1494 2653 4],
1528 2597 1778 2649 suffragium

442 2666 581 2722 [Paul.
616 2670 686 2717 35,
719 2666 841 2720 616],
888 2667 1179 2721 Vespasianus
1226 2667 1345 2722 [Aus.
1384 2670 1565 2709 monost.
1604 2667 1656 2708 de
1698 2666 1781 2708 XII

442 2735 560 2777 Caes.
596 2738 648 2777 10
678 2735 776 2789 ter].

271 2807 314 2845 et
350 2806 531 2857 potuere
572 2803 675 2845 addi
711 2803 846 2845 multo
889 2803 1027 2857 plura.
1088 2804 1131 2844 in
1174 2802 1240 2844 his
1282 2803 1413 2857 igitur
1457 2807 1632 2857 praeter
1671 2803 1779 2845 alias

274 2885 427 2913 causas
473 2872 602 2913 credo
648 2872 841 2914 adiutam
889 2871 1204 2925 correptionem
1250 2872 1515 2925 proprietate
1557 2875 1571 2912 i
1610 2872 1780 2913 litterae

271 2944 370 2982 ante
412 2941 601 2982 vocalem
643 2941 752 2982 sitae
793 2940 888 2983 illa.
940 2954 1026 2992 qua
1074 2940 1342 2993 temporibus
1383 2940 1526 2998 'isdem
1571 2944 1612 2981 et
1653 2940 1779 2993 parili
