1898 3292
258 179 312 215 54
863 184 983 208 LIBER
1001 183 1156 208 PRIMVS.

260 287 431 341 qnando
473 302 555 327 non
597 287 867 340 praeclarum
914 287 1049 339 magis
1093 300 1221 339 quam
1264 285 1499 338 quemlibet
1543 285 1594 326 de
1638 299 1765 338 grege

260 356 524 410 significaret
553 360 737 409 poetam.
789 355 849 396 sic
881 356 992 396 0111111
1024 354 1076 396 (10
1109 354 1181 406 018,
1211 354 1284 407 qui
1315 357 1413 395 sunt
1444 353 1568 394 nimis
1598 357 1765 407 poetae,

259 425 465 466 Horatius
497 424 638 479 [epist.
670 424 722 474 II,
758 428 791 474 1,
828 424 947 478 118]:

463 510 523 543 hic
550 522 653 544 error
680 513 803 543 tamen
830 512 867 544 et
893 509 982 543 levis
1007 509 1098 542 haec
1125 508 1265 542 insania
1293 510 1446 552 quantas

463 567 619 600 virtutes
644 567 788 609 habeat,
815 567 866 600 sic
894 567 1037 611 collige.
1086 565 1177 599 vatis
1205 577 1333 599 avarus

464 636 537 658 non
563 626 739 658 teinerest
765 624 915 657 animus.
964 635 1090 657 versus
1120 626 1227 666 amat,
1253 622 1324 656 1100
1352 622 1476 657 studet
1502 635 1626 656 unuin.

259 705 402 741 tamen
434 699 665 740 tenendum
697 698 802 739 illud
834 699 1008 752 proprie
1041 698 1150 739 vatis
1182 697 1392 739 vocabulo
1422 697 1486 739 vel
1508 712 1604 739 sera
1626 702 1769 739 aetate

261 769 435 809 maioris
459 768 636 822 spiritus
659 767 892 821 significari
914 771 1099 821 poetam.
1146 767 1227 808 hoc
1250 781 1345 807 cum
1369 780 1418 807 ea
1440 780 1486 807 re
1511 767 1768 820 deliquatur,

259 837 373 891 quod
414 841 456 878 et
498 837 671 877 Persius
718 840 760 877 et
800 836 1013 877 Iuvenalis
1057 839 1202 876 vatum
1248 849 1291 876 se
1330 835 1548 888 excipiunt
1579 849 1769 886 numero,

259 910 348 947 tuin
381 905 492 946 binis
522 905 683 957 dialogi
715 918 740 945 a
762 904 911 945 Tacito
947 904 1178 957 conscripti
1209 899 1326 944 locis.
1379 918 1431 944 ex
1465 904 1620 957 quibus
1652 904 1771 957 prior

258 974 327 1015 1110
357 977 422 1015 est
450 974 502 1028 [c.
524 973 567 1028 9]
604 972 714 1024 ‘qm‘s
746 976 921 1013 Saleium
953 980 1146 1021 noslrwn,
1180 975 1389 1024 eyreqium
1424 979 1584 1023 poetam
1615 977 1692 1022 vel,
1733 976 1769 1013 se'

259 1047 333 1084 1100
380 1046 712 1092 honorilicenllzcs
757 1049 833 1089 esa,
878 1044 1261 1092 praeclarissimum
1299 1048 1442 1089 nalem,
1491 1044 1655 1082 deducit
1702 1049 1772 1082 (ml

259 1116 411 1152 salum(
423 1108 461 1152 12⁷
499 1111 608 1151 alter
638 1124 722 1151 11011
754 1110 892 1151 111111118
925 1110 1102 1162 insignis
1133 1109 1232 1151 talis
1265 1110 1318 1164 [c.
1353 1110 1421 1164 12]
1461 1108 1651 1150 ‘aureum
1680 1124 1770 1150 sae-

259 1185 391 1221 culum
426 1183 558 1231 poesis
590 1186 627 1220 el
658 1182 813 1220 vasibus
846 1176 1120 1220 abzcndabat'.
1182 1178 1381 1219 nimirum
1424 1182 1473 1219 ut
1513 1192 1597 1219 non
1626 1192 1771 1219 omnes

260 1263 359 1291 aves
387 1248 607 1299 lusciniae,
640 1248 703 1288 ita
724 1261 802 1288 1100
833 1251 988 1301 poetae
1020 1261 1166 1288 omnes
1197 1251 1329 1288 vates.
1392 1246 1495 1300 quid
1527 1247 1641 1300 quod
1673 1250 1771 1301 post

262 1321 449 1360 aetatem
485 1317 668 1370 Augusti
707 1316 773 1357 vel
816 1316 1007 1370 pedestri
1051 1329 1247 1357 sermone
1285 1316 1502 1369 reperitur
1543 1319 1663 1357 vates
1692 1330 1771 1370 pro

260 1391 390 1442 poeta
431 1400 526 1427 cum
568 1385 672 1427 alibi
709 1388 801 1426 tum
843 1385 957 1438 apud
1001 1385 1042 1426 C.
1083 1384 1265 1425 Plinium
1312 1384 1524 1426 naturalis
1565 1384 1772 1426 historiae

263 1459 483 1498 auctorem
516 1458 559 1496 et
586 1454 703 1508 apud
734 1454 961 1495 Tacitum?
993 1467 1256 1508 quamquam
1287 1453 1401 1495 hunc
1429 1453 1539 1495 vatis
1561 1453 1770 1495 vocabulo

261 1524 468 1566 delectari
501 1537 550 1565 eo
582 1523 721 1564 minus
753 1523 1024 1574 mirabimur,
1068 1523 1183 1576 quod
1223 1525 1271 1563 ut
1307 1526 1481 1576 poetam
1508 1523 1571 1563 ita
1603 1523 1772 1564 omnino

262 1594 431 1635 Graeca
462 1591 674 1633 vocabula
704 1595 753 1633 ut
784 1592 926 1633 aliena
957 1606 982 1632 a
1013 1592 1227 1645 gravitate
1258 1591 1400 1645 operis
1430 1591 1474 1632 in
1495 1590 1618 1633 libris
1639 1591 1772 1633 histo-

261 1662 360 1704 ricis
398 1661 488 1703 fere
527 1660 750 1711 devitavit,
795 1661 846 1702 de
889 1675 974 1714 qua
1013 1674 1059 1701 re
1098 1661 1206 1701 dixit
1240 1660 1530 1714 Nipperdeius
1572 1660 1628 1701 ad
1667 1662 1772 1702 Ann.

261 1731 372 1781 XIV,
399 1734 461 1772 15.
508 1729 622 1771 unde
644 1729 861 1781 factumst,
891 1734 939 1770 ut
967 1733 1122 1783 poet-ae
1144 1729 1215 1770 ille
1238 1728 1448 1771 vocabulo
1470 1743 1554 1770 non
1576 1732 1774 1771 uteretur

260 1803 435 1854 praeter
475 1798 705 1852 dialogum,
748 1798 960 1840 diversum
1004 1798 1167 1839 scilicet
1198 1798 1241 1839 in
1278 1798 1360 1839 1100
1391 1798 1614 1851 magisque
1645 1801 1773 1839 tenue

262 1868 432 1909 (licendi
465 1881 598 1921 genus
630 1871 814 1908 secutus.
868 1871 933 1908 est
956 1867 1085 1908 etiam
1107 1867 1182 1908 ubi
1206 1866 1596 1908 circumscribendo
1618 1870 1774 1920 poetae

263 1937 526 1991 expresserit
568 1936 785 1978 notionem
827 1937 942 1991 [ann.
975 1936 1023 1987 V,
1057 1940 1081 1978 S
1112 1935 1214 1990 fin.].
1276 1936 1352 1977 sed
1393 1936 1445 1977 de
1475 1935 1649 1976 humilis
1681 1949 1772 1976 car-

263 2007 387 2047 minis
442 2008 618 2046 auctore
668 2005 769 2059 poni
819 2008 959 2046 vatem
1010 2018 1094 2046 non
1146 2004 1315 2046 invenio
1372 2008 1471 2046 ante
1524 2004 1772 2056 Ausonium,

264 2074 378 2128 apud
416 2087 543 2127 quem
583 2073 741 2126 legitur
785 2073 926 2128 [epist.
965 2078 1006 2124 5,
1043 2073 1139 2128 36]:
1183 2076 1311 2114 Lucili
1351 2077 1453 2114 vatis
1494 2077 1554 2114 sic
1598 2076 1774 2114 imilalor

264 2147 370 2193 ere‘s‚·
409 2143 511 2184 item
545 2142 696 2196 [epigr.
731 2146 795 2193 70,
829 2143 897 2196 S]:
931 2145 1063 2183 Lucili
1098 2145 1200 2182 vatis
1236 2144 1377 2183 subulo
1410 2145 1670 2192 palle'premo.
1734 2145 1776 2182 et

262 2203 373 2252 haec
401 2211 573 2264 quidem
605 2210 657 2252 de
693 2211 803 2251 vatis
843 2210 1065 2252 vocabulo.
1128 2214 1319 2251 ceterum
1364 2210 1499 2251 simile
1540 2210 1654 2263 apud
1698 2224 1775 2252 nos

264 2280 424 2331 extitit,
458 2279 571 2333 quod
597 2294 691 2320 cum
715 2279 1013 2333 antiquissimo
1036 2283 1230 2333 tempore
1254 2279 1406 2320 fuisset
1427 2279 1469 2319 in
1491 2294 1571 2320 usu
1594 2279 1649 2320 ad
1671 2279 1774 2320 scri-

266 2348 395 2390 bendi
427 2352 563 2389 artem
587 2348 913 2402 significandam
935 2348 1112 2390 verbum
1135 2347 1249 2401 quod
1272 2351 1336 2389 est
1366 2351 1500 2396 rizan,
1532 2361 1630 2389 mox
1651 2361 1776 2401 prae-

264 2417 431 2458 valente
463 2416 547 2458 fide
579 2417 814 2458 christiana
846 2421 888 2458 et
917 2416 1210 2458 adnitentibus
1241 2415 1506 2471 presbyteris
1534 2416 1776 2457 monachis-

265 2500 364 2539 que,
403 2489 451 2526 ut
493 2486 663 2539 pristini
706 2485 847 2527 cultus
888 2500 1016 2539 quam
1057 2485 1242 2526 maxime
1280 2485 1527 2527 aboleretur
1556 2485 1775 2535 memoria,

263 2555 338 2595 illa
381 2568 462 2595 vox
503 2567 552 2595 eo
597 2568 723 2607 quem
766 2554 853 2595 dixi
892 2554 1019 2595 modo
1058 2553 1255 2595 adhiberi
1286 2554 1455 2608 planest
1486 2553 1635 2595 desita.
1696 2567 1775 2606 pro

266 2638 351 2676 qua
373 2626 597 2664 externum
629 2626 837 2664 scribendi
873 2622 1051 2664 verbum
1082 2623 1144 2664 ita
1167 2623 1363 2676 optinuit,
1397 2622 1525 2663 etiam
1548 2622 1774 2663 flexionem

266 2692 356 2733 eius
399 2696 447 2733 ut
489 2692 719 2745 arriperet,
760 2691 875 2744 quod
918 2691 1158 2732 inauditum
1196 2705 1334 2745 paene
1375 2690 1468 2732 voci
1508 2691 1775 2744 peregrinae,

265 2760 420 2801 fortem
454 2774 581 2813 quam
620 2759 769 2800 dicunt
811 2759 1156 2812 coniugationem
1199 2762 1403 2801 secutum.
1464 2759 1601 2812 magis
1645 2760 1774 2800 etiam

266 2828 320 2868 ad
352 2828 459 2869 haee
489 2828 693 2882 pertinet,
727 2828 859 2881 quod,
902 2841 996 2868 cum
1045 2831 1199 2882 poetae
1243 2827 1417 2868 verbum
1463 2831 1509 2868 ut
1539 2827 1682 2880 priore
1713 2827 1775 2867 ita

266 2897 330 2938 vel
363 2897 551 2938 Ramleri
592 2900 634 2938 et
668 2896 839 2938 Goethii
880 2900 1023 2938 aetate
1072 2897 1177 2937 satis
1218 2896 1450 2939 haberetur
1492 2896 1692 2937 (1000111111
1734 2899 1776 2938 et
