1898 3292
774 165 893 190 LIBER
914 164 1094 196 QVARTVS
1611 155 1631 192 3
1639 157 1662 193 4
1669 158 1690 193 5

187 268 348 321 alioqui
387 268 699 321 produceretur
742 267 929 308 Petronii
971 281 1061 307 usu.
1132 280 1285 320 parum
1332 270 1475 307 autem
1523 270 1692 308 constat

183 336 392 378 librorum
423 336 519 387 fide,
551 336 665 390 quod
691 336 734 377 in
765 335 919 377 Troiae
949 335 1087 377 halosi
1121 335 1210 390 [10]
1242 348 1425 389 posuere
1455 335 1592 377 docti:

390 411 474 455 equi
499 422 664 445 recessus
688 410 805 444 Danai
835 413 872 444 et
896 410 931 443 in
958 413 1044 443 voto
1069 409 1196 444 latent.

183 487 312 528 porro
345 473 642 515 Sammonicus
681 473 781 528 pedi
822 472 1062 514 hexametri
1091 472 1230 526 primo
1264 471 1437 514 admisit
1474 472 1690 514 elisionem

182 541 336 595 longae
366 541 408 582 in
439 542 525 583 arsi
559 543 706 597 [10403
742 541 881 595 1081}
934 545 978 582 at
1007 540 1121 582 idem
1151 541 1323 582 minime
1349 541 1501 595 panxit
1521 555 1689 583 versum

181 609 312 651 talem
342 610 486 665 [128]:

389 688 499 729 atque
524 685 646 730 palato
672 685 788 729 agitat
813 685 952 729 pariter
976 685 1211 728 retinensque
1236 695 1469 728 vomemquc,

184 747 304 789 cuius
335 747 378 789 in
408 747 492 789 fine
521 747 748 790 locandum
783 761 875 789 esse
906 747 1012 788 illud
1037 752 1182 798 palato
1216 747 1322 788 satis
1342 747 1452 788 bene-
1474 747 1691 789 indicatur

181 816 303 858 libris
334 817 518 871 scriptis,
550 816 593 857 in
624 816 780 870 quibus
812 816 988 870 legitur:

389 891 585 936 palatoque
611 891 728 936 agitet
752 891 891 935 pariter
916 891 1152 934 retinensque
1179 901 1414 934 vomensque.

182 968 327 996 verum
351 954 562 995 Iuvenalis
594 967 690 995 cum
722 954 764 994 111
794 954 934 1008 prima
964 957 1089 1008 parte
1121 952 1282 995 habeat
1312 953 1422 995 haec
1453 953 1510 1008 [1‚
1544 957 1619 1006 733
1655 959 1691 1005 (ἱ,

184 1027 258 1074 50;
294 1026 356 1073 14,
391 1023 483 1077 76];
535 1027 643 1064 aude
673 1027 854 1074 aliqae'd;
890 1037 1056 1074 paucae
1088 1027 1214 1064 adeo:
1258 1026 1317 1063 ille·
1348 1026 1515 1071 eadem,
1562 1024 1691 1064 semel

184 1092 268 1146 [10‚
301 1091 400 1145 333]
444 1091 631 1133 secunda
673 1091 773 1133 sede
814 1091 992 1132 eandem
1037 1091 1244 1146 synizesin
1286 1090 1480 1142 admisit,
1522 1091 1597 1132 sed
1630 1092 1692 1132 ita

175 1159 445 1201 ‘Messalinae
479 1157 643 1202 oculis'.
696 1159 849 1201 deinde
872 1160 1154 1201 Terentianus
1176 1174 1261 1201 non
1288 1160 1428 1201 iunxit
1457 1160 1691 1213 productas

182 1232 225 1270 et
260 1227 432 1280 breves,
477 1228 558 1269 nisi
598 1229 814 1282 posterius
846 1228 1021 1270 verbum
1064 1233 1178 1270 esset
1217 1232 1292 1270 aut
1333 1228 1577 1270 technicum
1618 1232 1693 1270 3111

182 1300 297 1338 certe
327 1297 536 1351 incipiens
567 1297 622 1339 ab
655 1311 706 1339 ea
737 1297 895 1349 vocali,
939 1298 982 1338 in
1014 1312 1099 1351 qua
1132 1297 1347 1339 desineret
1378 1297 1509 1351 prius.
1570 1298 1691 1339 cuius

182 1369 281 1407 sunt
301 1365 409 1407 haec
441 1367 562 1421 [3483
595 1369 696 1418 5793
728 1369 858 1418 17063
891 1369 1025 1419 22103
1058 1370 1189 1418 22513
1217 1367 1346 1421 2323]
1373 1364 1495 1408 ‘duxi
1518 1370 1558 1406 in
1580 1364 1692 1415 ἤθε’,-

175 1433 246 1476 ‘de
283 1432 469 1484 eadem',·
514 1433 599 1486 ‘qm'
630 1438 670 1476 in
703 1433 867 1484 allam’;
909 1433 1000 1476 ‘ulle'
1031 1433 1202 1484 iambo}
1244 1434 1442 1476 ‘secundo
1479 1433 1692 1484 iambum’;

175 1501 314 1544 ‘versa
345 1506 466 1544 iambi
477 1500 502 1544 ’.
553 1504 701 1557 itaque
729 1504 772 1544 in
803 1503 887 1545 illis
921 1505 1021 1559 [440
1044 1505 1126 1559 sq]
1167 1503 1334 1560 Ὃεῖμος
1366 1507 1461 1545 inde
1485 1508 1546 1545 sie
1577 1512 1691 1545 nota-

181 1585 291 1620 mus,
334 1575 430 1623 qaia
470 1572 568 1623 δέος
600 1576 884 1623 deprenditur.
947 1576 1042 1614 inde
1072 1572 1281 1629 Μήδειαν
1313 1579 1470 1624 oportet
1509 1575 1692 1614 scribere

182 1642 308 1681 isdem
338 1638 506 1681 litteris'
543 1640 598 1682 ad
630 1640 886 1695 explendum
920 1645 1103 1683 metrum
1135 1655 1219 1683 non
1250 1655 1456 1695 ponemus
1483 1640 1692 1696 Μήδειαν

183 1716 233 1758 ce,
265 1708 340 1750 sed
368 1708 667 1764 Μήδειανῳιε.
729 1713 958 1763 praeterea
989 1710 1234 1752 Priscianus
1275 1709 1384 1751 dixit
1424 1709 1507 1751 tine
1543 1722 1691 1751 versus

182 1777 304 1832 [592]
347 1775 542 1829 ‘flectente'
572 1781 780 1829 Aquilonis
818 1781 867 1820 ab
905 1776 1028 1819 ore's’.
1090 1778 1274 1832 denique
1318 1778 1517 1820 Sedulius
1561 1778 1692 1819 semel

182 1849 307 1887 extra
337 1845 523 1900 primum
553 1846 718 1900 pedem,
750 1846 825 1888 sed
858 1847 1023 1888 50111061
1051 1847 1093 1888 111
1122 1847 1309 1888 dictione
1334 1847 1472 1901 petita
1503 1860 1525 1888 e
1546 1846 1690 1888 bibliis

183 1914 400 1968 copulavit
428 1914 601 1968 longam
634 1929 729 1956 cum
761 1915 880 1957 brevi
909 1916 972 1957 ita
1003 1916 1071 1971 [IL
1105 1916 1230 1970 221]:

387 1988 563 2023 humanas
588 1990 720 2034 piscari
748 1990 896 2033 animas,
923 2001 1015 2034 quae
1042 1990 1185 2025 lubrica
1209 1989 1345 2024 mundi.

182 2054 228 2092 at
256 2050 494 2093 laxioribus
524 2053 590 2094 usi
622 2052 790 2105 legibus
822 2057 1021 2095 auctores
1051 2053 1163 2094 hanc
1193 2057 1371 2095 tenuere
1405 2067 1612 2105 normam,
1644 2057 1693 2095 ut

180 2120 324 2174 potius
355 2120 398 2161 in
434 2120 623 2162 secunda
655 2136 783 2175 quam
813 2123 856 2162 in
888 2123 1019 2163 tertia
1041 2126 1116 2163 aut
1138 2123 1289 2176 quinta
1321 2122 1421 2164 sede
1451 2122 1692 2163 hexametri

183 2188 391 2230 eliderent
436 2189 600 2231 breves.
672 2194 862 2232 ceterum
907 2191 1077 2232 omnino
1124 2191 1263 2232 minor
1312 2191 1438 2245 longe
1488 2205 1690 2232 numerus

182 2257 475 2312 exemplorum
521 2258 637 2312 apud
682 2259 945 2313 posteriores
986 2259 1069 2301 fuit
1111 2273 1241 2313 quam
1283 2259 1399 2314 apud
1442 2259 1690 2313 Vergilium.

181 2325 314 2367 veluti
346 2326 474 2368 Silius
502 2327 662 2368 viciens
694 2327 862 2369 sexiens
894 2328 1044 2381 longas
1077 2328 1295 2382 copulavit
1336 2342 1432 2369 cum
1472 2328 1609 2379 brevi,
1650 2332 1693 2369 et

183 2394 356 2447 quidem
389 2394 560 2436 deciens
593 2396 756 2437 octiens
788 2396 831 2437 in
853 2397 994 2450 prima
1015 2396 1128 2447 sede,
1161 2396 1416 2450 quinquiens
1447 2397 1489 2438 in
1522 2401 1690 2450 quarta,

181 2466 249 2503 ter
277 2463 321 2503 in
352 2463 550 2505 secunda.
602 2468 647 2505 at
670 2464 866 2506 Valerius
888 2464 1069 2506 Flaccus
1103 2465 1216 2506 inter
1238 2464 1434 2519 exempla
1456 2465 1534 2506 XV
1555 2464 1690 2506 habet

181 2545 332 2572 novem
362 2532 406 2572 in
436 2533 576 2586 primo
613 2532 740 2586 pede,
779 2537 986 2586 quattuor
1016 2533 1059 2574 in
1092 2533 1298 2585 secundo,
1341 2533 1425 2575 duo
1466 2534 1509 2574 in
1547 2533 1688 2575 tertio.

183 2599 367 2654 denique
407 2600 588 2651 Statius,
626 2602 699 2654 qui
740 2602 914 2643 triciens
960 2602 1135 2644 noviens
1181 2606 1319 2643 arteni
1364 2602 1578 2655 migravit,
1622 2601 1689 2643 bis

181 2672 351 2709 tantum
381 2668 424 2709 in
454 2669 585 2710 tertia
618 2669 741 2721 thesi,
773 2684 1005 2724 numquam
1035 2670 1079 2711 in
1110 2670 1261 2724 quinta
1292 2670 1404 2711 elisit
1423 2670 1595 2723 longam
1626 2683 1690 2711 se-

183 2740 340 2789 quente
374 2740 584 2790 correpta.

296 2803 390 2847 Non
422 2805 657 2847 absurdum
691 2806 773 2848 erit
802 2807 843 2847 in
875 2807 958 2848 hac
988 2811 1113 2861 parte
1145 2807 1449 2861 disputationis
1472 2805 1690 2848 addidisse

184 2873 236 2919 de
266 2873 499 2926 adverbiis,
538 2889 648 2933 quae
679 2879 779 2916 sunt
807 2889 952 2929 magmo
985 2890 1127 2931 opere,
1158 2880 1331 2917 maximo
1364 2889 1507 2927 opere,
1540 2889 1688 2917 summo
