1898 3292
773 270 893 294 LIBER
912 270 1085 295 TERTIVS.
1594 263 1674 300 235

171 370 253 421 illi,
295 371 453 424 partim
496 376 653 412 natura
695 372 1053 424 pronuntiationis
1085 372 1284 422 Latinae,
1324 373 1481 426 partim
1521 373 1677 426 pedum

170 438 337 492 legibus
360 442 402 480 et
424 453 700 480 caesurarum
725 439 890 481 effecta.
941 440 1061 481 ouius
1083 444 1182 481 sunt
1204 440 1339 481 secuti
1369 442 1558 482 rationes
1581 455 1676 483 cum

172 507 389 549 Boeckhio
422 508 522 562 [act.
554 512 727 549 menstr.
760 508 950 549 academ.
985 508 1123 549 Berol.
1157 522 1193 549 a.
1229 512 1337 550 1854
1368 523 1436 563 pg.
1462 513 1542 551 270
1565 511 1676 564 sqq]

171 575 348 617 Weilius
371 579 414 617 et
434 576 701 617 Benloewius
722 576 765 617 in
787 576 897 617 libro
920 576 972 618 de
999 580 1179 618 accentu
1201 577 1355 618 Latino
1387 579 1473 633 [pg.
1494 582 1546 619 6ss
1566 593 1676 632 sqq.3

172 647 252 685 242
276 644 399 698 sqq.].
451 657 476 684 a
508 644 663 697 quibus
695 644 887 697 paullum
919 644 1112 686 diversus
1134 645 1395 687 Ritschelius
1426 646 1676 700 prohoemio

171 712 405 753 Trinummi
450 713 545 767 [pg.
579 713 685 767 207]
727 726 821 753 oum
868 713 911 753 in
957 712 1171 767 dactylica
1218 714 1507 755 Romanorum
1557 715 1676 768 poesi

171 783 375 822 accentus
414 781 687 833 grammatici
728 781 811 821 vim
857 794 992 834 prope
1037 781 1197 823 nullam
1245 796 1338 823 esse
1385 783 1675 834 contenderet,

172 849 310 890 eidem
342 849 523 890 multum
554 848 708 890 tribuit
738 849 781 889 in
811 849 1008 891 iambicis
1040 850 1358 904 trochaicisque
1382 851 1675 893 scaenicorum

170 917 562 958 vetustissimorum
602 917 761 958 metris.
832 921 875 958 et
915 917 1028 958 hanc
1072 918 1245 971 quidem
1292 919 1535 973 opinionem
1581 934 1677 961 cum

168 985 411 1039 pertinacia
450 988 623 1026 secutus
662 989 728 1026 est
758 999 893 1039 usque
924 985 978 1026 ad
1009 985 1136 1027 finem
1167 988 1292 1029 vitae.
1354 980 1482 1042 quam
1518 989 1677 1030 tutanti

169 1053 324 1094 mirum
354 1053 549 1107 profecto
581 1053 730 1094 debuit
760 1053 916 1104 videri,
960 1068 1036 1095 cur
1078 1069 1201 1096 nemo
1235 1070 1287 1097 ex
1318 1057 1592 1110 antiquariis,
1625 1072 1677 1098 ne

169 1123 336 1176 priscus
370 1121 542 1175 quidem
573 1121 644 1162 ille
667 1122 784 1172 Cato,
818 1122 1046 1164 obiecisset
1076 1123 1224 1175 Ennio,
1258 1124 1373 1178 quod
1405 1139 1557 1166 novam
1590 1140 1675 1166 me-

171 1191 306 1232 tricae
350 1189 533 1231 Latinae
582 1190 801 1243 ingressus
851 1191 964 1232 viam
1015 1192 1174 1233 avitam
1222 1193 1453 1246 sprevisset
1499 1208 1677 1249 prorsus

168 1259 504 1301 modulationem
534 1272 821 1300 numerorum.

285 1329 486 1368 Attamen
504 1328 576 1380 qui
597 1327 759 1380 placita
776 1327 960 1369 Bentleii
977 1331 1019 1369 et
1035 1328 1282 1381 Hermanni,
1305 1344 1487 1384 quorum
1505 1330 1676 1384 quidem

168 1396 463 1450 gravissimast
485 1395 721 1436 auotoritas
748 1395 791 1436 in
813 1409 859 1437 re
881 1397 1060 1438 metrica
1081 1397 1371 1440 Romanorum
1394 1399 1675 1450 aestimanda,

168 1478 251 1506 non
287 1468 378 1505 tam
418 1463 622 1517 opinandi
663 1463 966 1517 divinandique
1009 1466 1249 1519 suptilitate
1289 1481 1416 1520 quam
1450 1481 1675 1520 argumen-

167 1534 222 1574 tis
262 1546 315 1573 ex
353 1532 537 1586 plurima
580 1535 807 1586 poetarum
848 1532 1030 1575 lectione
1072 1535 1219 1588 petitis
1262 1550 1338 1577 seu
1378 1536 1546 1578 iuvaret
1587 1537 1675 1578 sive

168 1601 400 1655 frangeret,
432 1600 620 1642 nondum
653 1600 880 1654 quisquam
914 1602 1077 1653 extitit,
1109 1616 1187 1644 nec
1217 1605 1354 1658 magis
1387 1605 1674 1656 declaravere,

167 1683 354 1724 quanam
385 1683 432 1710 re
462 1669 518 1710 sit
540 1668 740 1710 effectum
762 1669 879 1710 velut
908 1669 1002 1721 hoc,
1033 1674 1082 1712 ut
1107 1672 1348 1714 hexametri
1369 1674 1465 1715 finis
1488 1674 1675 1728 optimus

167 1738 413 1788 haberetur,
445 1738 481 1778 si
511 1736 595 1778 duo
626 1736 766 1778 ultimi
796 1737 927 1791 pedes
961 1740 1283 1783 continerentur
1304 1742 1446 1784 verbis
1478 1746 1554 1784 aut
1575 1742 1674 1784 dac-

165 1807 295 1862 tylico
341 1805 661 1860 spondiacoque
702 1809 777 1846 aut
817 1806 1038 1849 trochaico
1083 1812 1126 1849 et
1169 1809 1425 1862 bacohiaco,
1473 1811 1673 1866 quodque

166 1878 502 1930 pentametrum,
535 1887 618 1927 quo
651 1874 746 1927 quis
776 1873 1010 1928 perfectior
1039 1881 1152 1919 esset
1184 1882 1288 1929 arte,
1327 1894 1376 1920 eo
1409 1881 1581 1934 saepius
1612 1881 1674 1922 di-

166 1943 334 1999 syllaba
363 1956 466 1985 voce
499 1942 758 1983 clauserunt.
801 1967 855 1971 ——-
895 1943 998 1996 quid
1029 1946 1143 1998 quod
1174 1960 1227 1988 ne
1268 1947 1349 1989 hoc
1390 1949 1562 2002 quidem
1600 1963 1673 1990 an-

166 2012 449 2066 quisiverunt,
490 2024 619 2064 quam
656 2013 774 2051 recte
815 2011 1103 2054 existimarint
1142 2016 1334 2057 nonnulli
1370 2017 1585 2059 Romanos
1629 2018 1673 2058 in

164 2080 398 2122 recitandis
418 2078 612 2121 versibus
635 2079 964 2132 grammaticum
985 2081 1115 2123 etiam
1144 2085 1406 2137 expressisse
1436 2090 1673 2137 accentum,

164 2163 249 2190 non
279 2148 434 2198 solum,
475 2148 586 2189 siout
623 2147 747 2201 pueri
779 2147 917 2189 solent
956 2163 1069 2191 nunc
1107 2151 1150 2192 in
1192 2153 1361 2204 schola,
1402 2154 1672 2209 rythmicum.

165 2231 264 2258 nam
295 2215 531 2267 Bentleius,
574 2215 608 2256 si
640 2218 756 2256 recte
789 2229 885 2257 eum
917 2217 1138 2273 intellego,
1177 2220 1284 2263 adeo
1317 2222 1455 2264 solum
1486 2223 1600 2265 hunc
1630 2224 1672 2264 in

165 2285 408 2327 scandendo
453 2283 673 2326 contendit
717 2283 1004 2327 observatum.
1077 2293 1194 2331 certe
1243 2290 1412 2332 initium
1459 2292 1672 2334 Aeneidos

164 2353 414 2396 accentibus
443 2353 596 2407 positis
625 2352 688 2393 ita
719 2354 982 2395 asseveravit
1012 2355 1296 2400 efferendum:

393 2448 493 2478 arma
515 2443 706 2486 virumque
733 2447 835 2486 cano,
861 2443 995 2480 Troiae
1022 2448 1083 2491 qui
1108 2450 1246 2492 primus
1271 2451 1317 2485 ab
1343 2452 1417 2485 oris

392 2501 539 2536 Italiam
563 2500 637 2533 fato
664 2499 844 2544 profugus
869 2500 1080 2547 Lavinaque
1105 2506 1206 2540 venit

391 2559 510 2600 litora,
534 2556 690 2590 multum
713 2556 773 2590 ille
800 2559 837 2590 et
860 2558 969 2592 terris
993 2560 1150 2595 iactatus
1178 2566 1216 2597 et
1243 2564 1317 2598 alto

392 2615 427 2649 vi
451 2613 635 2658 superum,
661 2615 789 2647 saevae
813 2616 1015 2650 memorem
1040 2616 1195 2653 Iunonis
1223 2622 1270 2656 ob
1295 2623 1396 2666 iram,

164 2697 344 2747 additis,
381 2694 532 2747 nequis
564 2692 800 2744 dubitaret,
843 2693 980 2738 hisce:
1027 2702 1096 2748 qui
1127 2705 1267 2750 perite
1298 2710 1335 2743 ec
1364 2708 1567 2745 modulate
1597 2709 1669 2746 hos

163 2780 304 2806 versus
336 2769 453 2815 ἱερεῖ,
484 2766 544 2803 εἰσ
575 2775 654 2810 eos,
687 2768 731 2801 ut
760 2764 826 2802 hic
857 2769 1091 2807 accentibus
1121 2775 1327 2818 notantur,
1360 2775 1647 2821 pronuntiabit
1657 2789 1670 2821 ,·

115 2830 119 2834 ’
164 2847 264 2882 non,
296 2841 340 2874 ut
371 2836 498 2883 pueri
529 2834 569 2871 ἱη
605 2833 773 2878 scholis,
806 2835 863 2871 ad
890 2836 1143 2884 sinqulorum
1176 2843 1329 2888 pedum
1360 2843 1488 2881 initia.
1532 2865 1583 2869 -—
1627 2844 1670 2881 et

163 2901 245 2942 hoc
286 2902 459 2955 quidem
500 2913 624 2941 nemo
663 2895 870 2953 probarit..
931 2903 1005 2944 sed
1053 2908 1095 2944 et
1138 2905 1275 2946 altera
1315 2908 1458 2960 opinio
1500 2912 1668 2950 tantum

164 2969 288 3012 abest
329 2975 377 3012 ut
414 2972 470 3012 sit
510 2976 650 3024 certa,
693 2980 741 3017 ut
780 2969 923 3022 potius
965 2975 1210 3016 confutetur
1246 2977 1516 3029 apertissime
1548 2978 1667 3026 testi-
