1898 3292
184 208 266 248 290
773 217 891 242 LIBER
912 216 1100 248 QVARTVS.

182 333 261 360 nec
291 332 374 359 non
406 319 521 372 apud
543 319 775 359 Homerum
811 322 853 359 et
875 319 980 360 alios
1002 319 1044 359 in
1067 318 1275 359 vocabulo
1308 317 1561 373 Αἰγύπτιος.
1615 318 1688 359 sed

183 392 231 428 ut
265 387 379 441 apud
413 386 602 428 Graecos
644 387 751 428 haec
792 391 855 428 est
897 388 1010 428 ratio
1055 387 1241 428 omnium
1284 387 1689 440 infrequentissima,

182 456 244 496 ita
285 455 401 509 apud
432 455 626 505 Latinos,
669 454 864 496 diversae
897 454 1066 496 vocales
1110 455 1144 496 si
1188 456 1501 506 concurrerint,
1541 455 1690 508 paucis

183 524 398 565 invenitur
439 524 657 577 exemplis.
718 537 979 576 quamquam
1012 537 1122 576 quae
1154 523 1454 564 Lachmannus
1498 524 1556 577 [p.
1593 524 1690 577 129]

184 606 206 633 e
238 593 446 633 scaenicis
487 592 634 633 attulit
674 591 869 645 exempla
911 605 986 632 cur
1017 591 1278 632 Ritschelius
1316 595 1357 632 et
1388 591 1690 633 Fleckeisenus

183 660 449 712 damnarint,
481 674 564 702 non
597 660 828 714 perspicio,
866 674 959 700 cum
989 673 1127 713 neque
1161 673 1185 700 a
1219 659 1396 701 Graecis
1427 659 1579 701 modus
1610 660 1691 700 iste

183 728 346 770 vitandi
374 730 417 770 in
447 729 598 771 mediis
621 728 761 769 verbis
791 728 935 769 hiatus
966 729 1021 769 sit
1051 728 1212 782 petitus
1235 732 1277 769 et
1297 729 1540 782 reperiatur
1562 729 1691 769 etiam

184 797 288 838 alibi
316 798 359 838 in
390 802 528 839 met-ro
560 797 755 838 iambico.
817 797 927 838 adde
969 797 1084 850 quod
1126 797 1305 838 eundem
1339 800 1487 850 aperte
1520 801 1691 838 secutus

183 867 225 906 in
247 866 481 919 tragoediis
504 866 659 907 Accius
682 866 811 906 etiam
835 865 1051 919 scriptura
1074 866 1286 918 expressit
1317 865 1497 906 dicendo
1529 880 1691 917 {aequm

184 948 261 988 pro
284 938 476 986 augam-ia.
523 938 673 975 contra
696 933 800 974 nihil
821 933 1034 987 probatur
1055 933 1209 984 verbis,
1233 947 1343 986 quae
1364 933 1692 986 proscriptionis

183 1007 377 1057 tempore
419 1002 474 1044 ad
517 1006 704 1044 statuam
747 1002 970 1044 Octaviani
1010 1002 1207 1043 Caesaris
1248 1002 1469 1055 adscripta
1508 1006 1693 1043 testatur

185 1072 415 1113 Suetonius
448 1072 500 1126 [c.
537 1071 620 1125 70].
681 1075 780 1112 sunt
815 1074 958 1112 autem
990 1071 1116 1112 haec:
1150 1077 1276 1121 paler
1308 1074 1586 1122 arveum-ins,
1620 1086 1692 1122 eqo

191 1142 503 1181 Corinthiarius.
565 1139 721 1193 quibus
763 1140 987 1190 contineri,
1031 1139 1066 1181 si
1097 1139 1160 1180 dis
1191 1139 1351 1193 placet.
1388 1153 1556 1180 versum
1588 1140 1692 1180 iam-

182 1208 325 1250 bicum
358 1208 572 1250 senarium
604 1208 778 1261 quidam
810 1208 891 1249 sibi
921 1221 1198 1262 persuasere:

538 1285 644 1326 pater
671 1282 909 1327 argentarius,
940 1284 1008 1326 e'go
1037 1281 1314 1316 Corinthiarius

183 1345 258 1387 ubi
279 1348 327 1386 ut
348 1345 511 1398 species
534 1345 680 1398 aliqua
701 1345 857 1386 evadat
888 1345 1025 1396 metri,
1057 1344 1300 1386 necessario
1330 1344 1566 1397 cogendum
1588 1344 1694 1385 illud

184 1417 462 1465 amentarius.
516 1413 680 1454 scilicet
706 1427 940 1467 numquam
962 1413 1117 1454 statuis
1138 1417 1331 1454 veterum
1354 1411 1573 1466 adscripta
1595 1417 1694 1454 sunt

183 1482 415 1536 pedestria,
445 1482 726 1536 ignotumque
749 1496 877 1535 quam
900 1481 1103 1535 frequens
1124 1481 1167 1522 in
1190 1481 1380 1523 dicteriis
1402 1481 1691 1523 Romanorum

184 1551 315 1592 fuerit
344 1550 730 1592 homoeoteleuton.
792 1564 875 1591 11011
916 1550 1091 1591 hercule
1131 1550 1268 1603 magis
1305 1550 1390 1591 ista
1421 1550 1694 1592 continentur

183 1623 321 1660 metro
353 1633 482 1672 quam
515 1619 650 1660 Asinii
681 1618 808 1660 illud:
844 1633 921 1659 non
955 1626 1013 1659 est
1043 1622 1173 1669 facile
1205 1622 1243 1659 in
1277 1632 1362 1659 eum
1394 1621 1593 1665 scribere,
1627 1623 1695 1669 qni

176 1694 314 1738 potest
337 1690 618 1738 proscribere,
644 1690 719 1728 aut
741 1686 1013 1728 Caracallae:
1045 1690 1096 1727 sit
1119 1690 1246 1736 dirus,
1279 1691 1372 1728 dum
1399 1701 1475 1727 mm
1498 1691 1550 1727 sit
1571 1691 1692 1728 vivus.

300 1755 427 1809 Apud
449 1769 521 1797 eos
543 1769 644 1797 vero
668 1759 880 1806 auctores,
913 1755 964 1797 de
998 1754 1156 1809 quibus
1188 1768 1316 1809 agere
1337 1755 1516 1806 institui,
1553 1769 1692 1797 exem-

183 1825 256 1878 pla
284 1828 434 1866 extant
464 1824 584 1866 haec.

302 1893 426 1947 Apud
458 1893 669 1934 Lucilium
700 1892 858 1947 legitur
890 1892 1015 1948 [Non.
1048 1895 1143 1943 281,
1179 1892 1271 1947 19]:

436 1973 446 2006 i
473 1973 632 2017 primum
657 1972 818 2007 dominia
844 1976 953 2016 atque
979 1972 1154 2006 sodalicia
1181 1972 1302 2005 omnia
1326 1971 1477 2015 tollant3

184 2040 258 2082 ubi
290 2044 452 2083 domina
484 2055 508 2082 a
539 2042 680 2096 prima
710 2055 840 2082 manu
873 2039 1224 2082 Guelferbitanus
1255 2040 1365 2082 liber
1404 2055 1499 2082 cum
1529 2041 1693 2082 Perotti

184 2109 326 2151 Cornu
359 2110 520 2164 copiae.
581 2110 708 2164 plura
739 2109 792 2151 de
823 2109 905 2151 hoc
936 2123 1063 2151 versu
1095 2123 1186 2150 sum
1220 2109 1414 2150 dicturus
1445 2110 1577 2160 infra,
1619 2109 1694 2150 ubi

184 2178 236 2220 de
278 2182 291 2219 i
333 2182 375 2219 et
415 2193 441 2219 u
484 2179 661 2220 mutatis
701 2179 744 2220 in
788 2191 1017 2220 consonam
1065 2181 1229 2232 agetur.
1298 2192 1427 2232 porro
1469 2178 1694 2219 Lucretius

183 2247 254 2301 [IL
288 2248 413 2301 991];

435 2315 593 2359 denique
620 2315 768 2350 caelesti
794 2327 917 2349 sumus
944 2327 1071 2350 omnes
1096 2315 1234 2350 semine
1263 2315 1416 2349 oriundi.

184 2387 227 2424 et
257 2384 319 2424 ita
352 2384 534 2426 Laevius
566 2383 760 2437 adeoque
789 2384 833 2424 in
863 2384 1038 2426 iambis:

666 2464 859 2508 complexa
885 2475 1013 2498 somno
1041 2475 1199 2508 corpora

666 2521 883 2564 operiuntur
908 2531 950 2554 ac
977 2521 1077 2555 suavi
1103 2521 1185 2565 quie

665 2577 845 2611 dicantur.

183 2644 226 2685 in
257 2644 324 2685 his
355 2644 507 2698 nequis
541 2644 807 2699 diphthongo
839 2646 982 2699 potius
1010 2646 1183 2687 insolita
1206 2659 1333 2699 quam
1355 2646 1511 2700 prioris
1533 2645 1692 2687 vocalis

186 2712 361 2754 elisione
394 2712 488 2754 tolli
519 2712 685 2754 hiatum
717 2713 953 2765 existimet,
985 2728 1081 2755 cum
1118 2714 1381 2756 Graecorum
1413 2714 1620 2768 exemplis
1651 2718 1693 2755 et

185 2781 301 2822 Accii
342 2781 615 2834 prohibetur,
657 2785 750 2822 tum
788 2782 848 2822 eis
891 2796 1002 2834 quae
1039 2797 1170 2837 supra
1202 2783 1253 2824 de
1280 2784 1458 2825 Latinae
1491 2783 1691 2837 synizesis

183 2848 351 2902 legibus
381 2850 570 2903 exposui.
611 2875 666 2880 —
707 2850 832 2903 longe
871 2851 1074 2891 usitatius
1116 2855 1182 2892 est
1218 2865 1240 2892 e
1273 2851 1498 2905 geminatis
1528 2855 1542 2891 ἱ
1573 2853 1638 2891 vel
1666 2866 1690 2891 u

184 2917 409 2958 absorberi
446 2915 639 2959 alteram,
702 2922 744 2959 et
785 2919 970 2972 primum
1014 2920 1184 2972 quidem
1223 2924 1456 2961 occurrunt·
1486 2920 1691 2960 memoria
