<?xml version="1.0" encoding="UTF-8"?>
<!DOCTYPE html PUBLIC "-//W3C//DTD XHTML 1.0 Transitional//EN"
    "http://www.w3.org/TR/xhtml1/DTD/xhtml1-transitional.dtd">
<html xmlns="http://www.w3.org/1999/xhtml" xml:lang="en" lang="en">
 <head>
  <title>
</title>
<meta http-equiv="Content-Type" content="text/html;charset=utf-8" />
  <meta name='ocr-system' content='tesseract 3.04.00' />
  <meta name='ocr-capabilities' content='ocr_page ocr_carea ocr_par ocr_line ocrx_word'/>
</head>
<body>
  <div class='ocr_page' id='page_1' title='image "./deremetricapoeta00mluoft_0258.png"; bbox 0 0 1898 3292; ppageno 0'>
   <div class='ocr_carea' id='block_1_1' title="bbox 164 251 1077 288">
    <p class='ocr_par' dir='ltr' id='par_1_1' title="bbox 164 251 1077 288">
     <span class='ocr_line' id='line_1_1' title="bbox 164 251 1077 288; baseline 0.002 -6"><span class='ocrx_word' id='word_1_1' title='bbox 164 251 242 288; x_wconf 72' lang='lat' dir='ltr'>23ss</span> <span class='ocrx_word' id='word_1_2' title='bbox 763 259 883 283; x_wconf 80' lang='lat' dir='ltr'><strong>LIBER</strong></span> <span class='ocrx_word' id='word_1_3' title='bbox 902 259 1077 284; x_wconf 77' lang='lat' dir='ltr'>TERTIVS.</span> 
     </span>
    </p>
   </div>
   <div class='ocr_carea' id='block_1_2' title="bbox 158 360 1680 2953">
    <p class='ocr_par' dir='ltr' id='par_1_2' title="bbox 158 360 1675 1088">
     <span class='ocr_line' id='line_1_2' title="bbox 160 360 1670 415; baseline 0.001 -14"><span class='ocrx_word' id='word_1_4' title='bbox 160 361 302 402; x_wconf 90' lang='lat' dir='ltr'>monio</span> <span class='ocrx_word' id='word_1_5' title='bbox 325 360 576 411; x_wconf 77' lang='lat' dir='ltr'>Quintiliani</span> <span class='ocrx_word' id='word_1_6' title='bbox 601 361 832 402; x_wconf 86' lang='lat' dir='ltr'>asserentis</span> <span class='ocrx_word' id='word_1_7' title='bbox 860 361 909 415; x_wconf 74' lang='lat' dir='ltr'>[L</span> <span class='ocrx_word' id='word_1_8' title='bbox 935 366 970 411; x_wconf 89' lang='lat'>5,</span> <span class='ocrx_word' id='word_1_9' title='bbox 995 362 1066 415; x_wconf 73' lang='lat'>28]</span> <span class='ocrx_word' id='word_1_10' title='bbox 1088 362 1131 402; x_wconf 85' lang='lat' dir='ltr'>in</span> <span class='ocrx_word' id='word_1_11' title='bbox 1156 361 1400 414; x_wconf 82' lang='lat' dir='ltr'>Vergiliano</span> <span class='ocrx_word' id='word_1_12' title='bbox 1422 361 1494 402; x_wconf 92' lang='lat' dir='ltr'>illo</span> <span class='ocrx_word' id='word_1_13' title='bbox 1518 363 1574 415; x_wconf 76' lang='lat' dir='ltr'>[g.</span> <span class='ocrx_word' id='word_1_14' title='bbox 1597 362 1670 412; x_wconf 88' lang='lat' dir='ltr'>III,</span> 
     </span>
     <span class='ocr_line' id='line_1_3' title="bbox 161 428 1669 484; baseline 0.001 -14"><span class='ocrx_word' id='word_1_15' title='bbox 161 433 263 481; x_wconf 81' lang='lat'>2433</span> <span class='ocrx_word' id='word_1_16' title='bbox 298 444 388 470; x_wconf 76' lang='lat' dir='ltr'>aen.</span> <span class='ocrx_word' id='word_1_17' title='bbox 421 430 490 480; x_wconf 84' lang='lat' dir='ltr'>IV,</span> <span class='ocrx_word' id='word_1_18' title='bbox 527 431 627 484; x_wconf 86' lang='lat'>525]</span> <span class='ocrx_word' id='word_1_19' title='bbox 672 428 870 480; x_wconf 72' lang='lat' dir='ltr'>‘pecudes</span> <span class='ocrx_word' id='word_1_20' title='bbox 902 433 1123 481; x_wconf 64' lang='lat' dir='ltr'>pictaeque</span> <span class='ocrx_word' id='word_1_21' title='bbox 1155 428 1360 471; x_wconf 62' lang='lat' dir='ltr'>volucres&#39;</span> <span class='ocrx_word' id='word_1_22' title='bbox 1407 434 1572 471; x_wconf 85' lang='lat' dir='ltr'>mutato</span> <span class='ocrx_word' id='word_1_23' title='bbox 1616 431 1669 471; x_wconf 87' lang='lat' dir='ltr'>ob</span> 
     </span>
     <span class='ocr_line' id='line_1_4' title="bbox 160 498 1670 551; baseline 0.001 -12"><span class='ocrx_word' id='word_1_24' title='bbox 160 498 287 539; x_wconf 88' lang='lat' dir='ltr'>metri</span> <span class='ocrx_word' id='word_1_25' title='bbox 319 498 613 539; x_wconf 87' lang='lat' dir='ltr'>condicionem</span> <span class='ocrx_word' id='word_1_26' title='bbox 647 502 828 539; x_wconf 88' lang='lat' dir='ltr'>accentu</span> <span class='ocrx_word' id='word_1_27' title='bbox 858 498 1125 551; x_wconf 82' lang='lat' dir='ltr'>paenultima</span> <span class='ocrx_word' id='word_1_28' title='bbox 1156 502 1285 539; x_wconf 85' lang='lat' dir='ltr'>acuta</span> <span class='ocrx_word' id='word_1_29' title='bbox 1316 499 1543 551; x_wconf 87' lang='lat' dir='ltr'>legendum</span> <span class='ocrx_word' id='word_1_30' title='bbox 1578 513 1670 540; x_wconf 88' lang='lat' dir='ltr'>esse</span> 
     </span>
     <span class='ocr_line' id='line_1_5' title="bbox 161 566 1671 620; baseline 0.001 -13"><span class='ocrx_word' id='word_1_31' title='bbox 161 571 356 608; x_wconf 67' lang='lat' dir='ltr'>volucres.</span> <span class='ocrx_word' id='word_1_32' title='bbox 410 571 639 620; x_wconf 85' lang='lat' dir='ltr'>praeterea.</span> <span class='ocrx_word' id='word_1_33' title='bbox 670 581 765 608; x_wconf 89' lang='lat' dir='ltr'>cum</span> <span class='ocrx_word' id='word_1_34' title='bbox 787 566 1053 607; x_wconf 88' lang='lat' dir='ltr'>iudicassent</span> <span class='ocrx_word' id='word_1_35' title='bbox 1076 566 1263 619; x_wconf 86' lang='lat' dir='ltr'>quidam,</span> <span class='ocrx_word' id='word_1_36' title='bbox 1296 567 1494 608; x_wconf 77' lang='lat' dir='ltr'>vocabuli</span> <span class='ocrx_word' id='word_1_37' title='bbox 1515 567 1671 608; x_wconf 89' lang='lat' dir='ltr'>molos—</span> 
     </span>
     <span class='ocr_line' id='line_1_6' title="bbox 159 634 1671 690; baseline 0 -14"><span class='ocrx_word' id='word_1_38' title='bbox 159 635 235 676; x_wconf 90' lang='lat' dir='ltr'>sici</span> <span class='ocrx_word' id='word_1_39' title='bbox 268 635 303 675; x_wconf 89' lang='lat' dir='ltr'>si</span> <span class='ocrx_word' id='word_1_40' title='bbox 334 635 567 676; x_wconf 76' lang='lat' dir='ltr'>elideretur</span> <span class='ocrx_word' id='word_1_41' title='bbox 594 634 734 676; x_wconf 85' lang='lat' dir='ltr'>finalis</span> <span class='ocrx_word' id='word_1_42' title='bbox 775 635 961 690; x_wconf 75' lang='lat' dir='ltr'>syllaba,</span> <span class='ocrx_word' id='word_1_43' title='bbox 1000 635 1164 676; x_wconf 86' lang='lat' dir='ltr'>retrahi</span> <span class='ocrx_word' id='word_1_44' title='bbox 1208 649 1233 675; x_wconf 71' lang='lat' dir='ltr'>a,</span> <span class='ocrx_word' id='word_1_45' title='bbox 1262 636 1402 688; x_wconf 90' lang='lat' dir='ltr'>poetis</span> <span class='ocrx_word' id='word_1_46' title='bbox 1433 639 1671 686; x_wconf 87' lang='lat' dir='ltr'>accentum,</span> 
     </span>
     <span class='ocr_line' id='line_1_7' title="bbox 159 703 1672 758; baseline 0.001 -15"><span class='ocrx_word' id='word_1_47' title='bbox 159 703 272 755; x_wconf 88' lang='lat' dir='ltr'>quod</span> <span class='ocrx_word' id='word_1_48' title='bbox 306 717 389 744; x_wconf 88' lang='lat' dir='ltr'>non</span> <span class='ocrx_word' id='word_1_49' title='bbox 419 704 561 757; x_wconf 90' lang='lat' dir='ltr'>potuit</span> <span class='ocrx_word' id='word_1_50' title='bbox 591 703 701 754; x_wconf 87' lang='lat' dir='ltr'>fieri,</span> <span class='ocrx_word' id='word_1_51' title='bbox 742 704 824 744; x_wconf 90' lang='lat' dir='ltr'>nisi</span> <span class='ocrx_word' id='word_1_52' title='bbox 854 703 980 757; x_wconf 90' lang='lat' dir='ltr'>vulgo</span> <span class='ocrx_word' id='word_1_53' title='bbox 1007 703 1155 745; x_wconf 87' lang='lat' dir='ltr'>itidem</span> <span class='ocrx_word' id='word_1_54' title='bbox 1187 704 1554 757; x_wconf 71' lang='lat' dir='ltr'>frequentaretur,</span> <span class='ocrx_word' id='word_1_55' title='bbox 1586 705 1672 758; x_wconf 89' lang='lat' dir='ltr'>pri-</span> 
     </span>
     <span class='ocr_line' id='line_1_8' title="bbox 158 772 1673 825; baseline 0.001 -13"><span class='ocrx_word' id='word_1_56' title='bbox 158 786 273 812; x_wconf 89' lang='lat' dir='ltr'>mum</span> <span class='ocrx_word' id='word_1_57' title='bbox 306 774 494 813; x_wconf 90' lang='lat' dir='ltr'>omnium</span> <span class='ocrx_word' id='word_1_58' title='bbox 527 786 657 825; x_wconf 88' lang='lat' dir='ltr'>quam</span> <span class='ocrx_word' id='word_1_59' title='bbox 690 772 1015 813; x_wconf 76' lang='lat' dir='ltr'>accuratissime</span> <span class='ocrx_word' id='word_1_60' title='bbox 1056 776 1213 813; x_wconf 89' lang='lat' dir='ltr'>natura</span> <span class='ocrx_word' id='word_1_61' title='bbox 1256 773 1444 813; x_wconf 88' lang='lat' dir='ltr'>elisionis</span> <span class='ocrx_word' id='word_1_62' title='bbox 1486 772 1566 813; x_wconf 86' lang='lat' dir='ltr'>fuit</span> <span class='ocrx_word' id='word_1_63' title='bbox 1600 787 1673 814; x_wconf 89' lang='lat' dir='ltr'>an-</span> 
     </span>
     <span class='ocr_line' id='line_1_9' title="bbox 160 840 1673 895; baseline 0.001 -15"><span class='ocrx_word' id='word_1_64' title='bbox 160 840 382 893; x_wconf 86' lang='lat' dir='ltr'>quirenda.</span> <span class='ocrx_word' id='word_1_65' title='bbox 446 841 513 881; x_wconf 86' lang='lat' dir='ltr'>cui</span> <span class='ocrx_word' id='word_1_66' title='bbox 556 840 768 882; x_wconf 86' lang='lat' dir='ltr'>obnoxiae</span> <span class='ocrx_word' id='word_1_67' title='bbox 813 841 984 882; x_wconf 90' lang='lat' dir='ltr'>vocales</span> <span class='ocrx_word' id='word_1_68' title='bbox 1027 841 1061 882; x_wconf 89' lang='lat' dir='ltr'>si</span> <span class='ocrx_word' id='word_1_69' title='bbox 1100 841 1352 882; x_wconf 78' lang='lat' dir='ltr'>imminutae</span> <span class='ocrx_word' id='word_1_70' title='bbox 1392 845 1491 882; x_wconf 88' lang='lat' dir='ltr'>sunt</span> <span class='ocrx_word' id='word_1_71' title='bbox 1528 842 1673 895; x_wconf 88' lang='lat' dir='ltr'>potius</span> 
     </span>
     <span class='ocr_line' id='line_1_10' title="bbox 161 909 1674 962; baseline 0 -12"><span class='ocrx_word' id='word_1_72' title='bbox 161 922 289 962; x_wconf 87' lang='lat' dir='ltr'>quam</span> <span class='ocrx_word' id='word_1_73' title='bbox 323 909 547 962; x_wconf 81' lang='lat' dir='ltr'>expulsae,</span> <span class='ocrx_word' id='word_1_74' title='bbox 581 909 653 962; x_wconf 88' lang='lat' dir='ltr'>qui</span> <span class='ocrx_word' id='word_1_75' title='bbox 686 909 809 950; x_wconf 88' lang='lat' dir='ltr'>licuit</span> <span class='ocrx_word' id='word_1_76' title='bbox 836 909 943 950; x_wconf 92' lang='lat' dir='ltr'>illud</span> <span class='ocrx_word' id='word_1_77' title='bbox 979 909 1167 959; x_wconf 89' lang='lat' dir='ltr'>evenire,</span> <span class='ocrx_word' id='word_1_78' title='bbox 1200 909 1314 962; x_wconf 85' lang='lat' dir='ltr'>quod</span> <span class='ocrx_word' id='word_1_79' title='bbox 1346 910 1400 950; x_wconf 85' lang='lat' dir='ltr'>ad</span> <span class='ocrx_word' id='word_1_80' title='bbox 1432 909 1674 951; x_wconf 80' lang='lat' dir='ltr'>doctrinam</span> 
     </span>
     <span class='ocr_line' id='line_1_11' title="bbox 160 977 1675 1031; baseline 0.001 -14"><span class='ocrx_word' id='word_1_81' title='bbox 160 991 281 1018; x_wconf 90' lang='lat' dir='ltr'>suam</span> <span class='ocrx_word' id='word_1_82' title='bbox 312 977 540 1018; x_wconf 86' lang='lat' dir='ltr'>tutandam</span> <span class='ocrx_word' id='word_1_83' title='bbox 570 977 632 1018; x_wconf 89' lang='lat' dir='ltr'>illi</span> <span class='ocrx_word' id='word_1_84' title='bbox 664 981 763 1019; x_wconf 87' lang='lat' dir='ltr'>sunt</span> <span class='ocrx_word' id='word_1_85' title='bbox 795 978 1052 1019; x_wconf 68' lang='lat' dir='ltr'>commenti?</span> <span class='ocrx_word' id='word_1_86' title='bbox 1115 991 1249 1031; x_wconf 85' lang='lat' dir='ltr'>quare</span> <span class='ocrx_word' id='word_1_87' title='bbox 1281 978 1388 1019; x_wconf 87' lang='lat' dir='ltr'>haec</span> <span class='ocrx_word' id='word_1_88' title='bbox 1418 978 1504 1019; x_wconf 90' lang='lat' dir='ltr'>iam</span> <span class='ocrx_word' id='word_1_89' title='bbox 1533 979 1675 1020; x_wconf 88' lang='lat' dir='ltr'>omnia</span> 
     </span>
     <span class='ocr_line' id='line_1_12' title="bbox 163 1046 887 1088; baseline 0.001 -2"><span class='ocrx_word' id='word_1_90' title='bbox 163 1060 258 1086; x_wconf 90' lang='lat' dir='ltr'>cum</span> <span class='ocrx_word' id='word_1_91' title='bbox 297 1059 401 1087; x_wconf 90' lang='lat' dir='ltr'>cura</span> <span class='ocrx_word' id='word_1_92' title='bbox 432 1050 558 1088; x_wconf 89' lang='lat' dir='ltr'>erunt</span> <span class='ocrx_word' id='word_1_93' title='bbox 589 1046 887 1088; x_wconf 82' lang='lat' dir='ltr'>examinanda.</span> 
     </span>
    </p>

    <p class='ocr_par' dir='ltr' id='par_1_3' title="bbox 162 1114 1680 2802">
     <span class='ocr_line' id='line_1_13' title="bbox 277 1114 1676 1169; baseline 0.001 -14"><span class='ocrx_word' id='word_1_94' title='bbox 277 1114 414 1167; x_wconf 83' lang='lat' dir='ltr'>Igitur</span> <span class='ocrx_word' id='word_1_95' title='bbox 446 1129 556 1169; x_wconf 84' lang='lat' dir='ltr'>quae</span> <span class='ocrx_word' id='word_1_96' title='bbox 588 1115 640 1156; x_wconf 92' lang='lat' dir='ltr'>de</span> <span class='ocrx_word' id='word_1_97' title='bbox 672 1114 835 1156; x_wconf 86' lang='lat' dir='ltr'>heroici</span> <span class='ocrx_word' id='word_1_98' title='bbox 863 1129 1010 1156; x_wconf 89' lang='lat' dir='ltr'>versus</span> <span class='ocrx_word' id='word_1_99' title='bbox 1042 1115 1160 1156; x_wconf 88' lang='lat' dir='ltr'>exitu</span> <span class='ocrx_word' id='word_1_100' title='bbox 1182 1115 1400 1157; x_wconf 86' lang='lat' dir='ltr'>verissime</span> <span class='ocrx_word' id='word_1_101' title='bbox 1433 1115 1676 1157; x_wconf 86' lang='lat' dir='ltr'>observavit</span> 
     </span>
     <span class='ocr_line' id='line_1_14' title="bbox 162 1182 1673 1237; baseline 0.001 -14"><span class='ocrx_word' id='word_1_102' title='bbox 162 1182 382 1224; x_wconf 84' lang='lat' dir='ltr'>Bentleius</span> <span class='ocrx_word' id='word_1_103' title='bbox 423 1208 478 1213; x_wconf 91' lang='lat'>—</span> <span class='ocrx_word' id='word_1_104' title='bbox 520 1197 658 1237; x_wconf 86' lang='lat' dir='ltr'>neque</span> <span class='ocrx_word' id='word_1_105' title='bbox 702 1184 813 1225; x_wconf 89' lang='lat' dir='ltr'>enim</span> <span class='ocrx_word' id='word_1_106' title='bbox 855 1184 1038 1225; x_wconf 82' lang='lat' dir='ltr'>inventis</span> <span class='ocrx_word' id='word_1_107' title='bbox 1077 1185 1187 1234; x_wconf 88' lang='lat' dir='ltr'>eius,</span> <span class='ocrx_word' id='word_1_108' title='bbox 1234 1184 1308 1225; x_wconf 88' lang='lat' dir='ltr'>sed</span> <span class='ocrx_word' id='word_1_109' title='bbox 1340 1184 1581 1225; x_wconf 88' lang='lat' dir='ltr'>rationibus</span> <span class='ocrx_word' id='word_1_110' title='bbox 1611 1185 1673 1225; x_wconf 91' lang='lat' dir='ltr'>in-</span> 
     </span>
     <span class='ocr_line' id='line_1_15' title="bbox 163 1252 1676 1306; baseline 0.001 -14"><span class='ocrx_word' id='word_1_111' title='bbox 163 1255 387 1294; x_wconf 89' lang='lat' dir='ltr'>ventorum</span> <span class='ocrx_word' id='word_1_112' title='bbox 419 1252 530 1294; x_wconf 89' lang='lat' dir='ltr'>imus</span> <span class='ocrx_word' id='word_1_113' title='bbox 563 1252 733 1294; x_wconf 91' lang='lat' dir='ltr'>obviam</span> <span class='ocrx_word' id='word_1_114' title='bbox 774 1278 830 1282; x_wconf 97' lang='lat'><strong>—</strong></span> <span class='ocrx_word' id='word_1_115' title='bbox 869 1266 952 1293; x_wconf 88' lang='lat' dir='ltr'>non</span> <span class='ocrx_word' id='word_1_116' title='bbox 988 1253 1116 1293; x_wconf 85' lang='lat' dir='ltr'>credo</span> <span class='ocrx_word' id='word_1_117' title='bbox 1147 1253 1209 1293; x_wconf 90' lang='lat' dir='ltr'>ita</span> <span class='ocrx_word' id='word_1_118' title='bbox 1239 1266 1366 1306; x_wconf 88' lang='lat' dir='ltr'>posse</span> <span class='ocrx_word' id='word_1_119' title='bbox 1396 1252 1590 1306; x_wconf 84' lang='lat' dir='ltr'>infringi,</span> <span class='ocrx_word' id='word_1_120' title='bbox 1628 1257 1676 1294; x_wconf 92' lang='lat' dir='ltr'>ut</span> 
     </span>
     <span class='ocr_line' id='line_1_16' title="bbox 163 1320 1675 1375; baseline 0.001 -13"><span class='ocrx_word' id='word_1_121' title='bbox 163 1321 348 1362; x_wconf 82' lang='lat' dir='ltr'>trimetri</span> <span class='ocrx_word' id='word_1_122' title='bbox 387 1320 561 1362; x_wconf 89' lang='lat' dir='ltr'>iambici</span> <span class='ocrx_word' id='word_1_123' title='bbox 600 1321 891 1375; x_wconf 87' lang='lat' dir='ltr'>proprietates</span> <span class='ocrx_word' id='word_1_124' title='bbox 937 1321 1178 1362; x_wconf 83' lang='lat' dir='ltr'>contrarias</span> <span class='ocrx_word' id='word_1_125' title='bbox 1215 1321 1269 1362; x_wconf 89' lang='lat' dir='ltr'>ab</span> <span class='ocrx_word' id='word_1_126' title='bbox 1311 1322 1460 1363; x_wconf 88' lang='lat' dir='ltr'>eodem</span> <span class='ocrx_word' id='word_1_127' title='bbox 1490 1323 1675 1375; x_wconf 90' lang='lat' dir='ltr'>primum</span> 
     </span>
     <span class='ocr_line' id='line_1_17' title="bbox 165 1389 1676 1444; baseline 0.001 -14"><span class='ocrx_word' id='word_1_128' title='bbox 165 1389 409 1431; x_wconf 86' lang='lat' dir='ltr'>declaratas</span> <span class='ocrx_word' id='word_1_129' title='bbox 451 1403 748 1431; x_wconf 87' lang='lat' dir='ltr'>memoremus.</span> <span class='ocrx_word' id='word_1_130' title='bbox 811 1390 966 1431; x_wconf 90' lang='lat' dir='ltr'>etenim</span> <span class='ocrx_word' id='word_1_131' title='bbox 1007 1393 1055 1431; x_wconf 90' lang='lat' dir='ltr'>ut</span> <span class='ocrx_word' id='word_1_132' title='bbox 1098 1390 1292 1430; x_wconf 86' lang='lat' dir='ltr'>omittam</span> <span class='ocrx_word' id='word_1_133' title='bbox 1331 1390 1551 1444; x_wconf 88' lang='lat' dir='ltr'>indignum</span> <span class='ocrx_word' id='word_1_134' title='bbox 1584 1405 1676 1432; x_wconf 89' lang='lat' dir='ltr'>esse</span> 
     </span>
     <span class='ocr_line' id='line_1_18' title="bbox 164 1457 1675 1512; baseline 0.001 -14"><span class='ocrx_word' id='word_1_135' title='bbox 164 1462 206 1499; x_wconf 90' lang='lat' dir='ltr'>et</span> <span class='ocrx_word' id='word_1_136' title='bbox 234 1457 419 1499; x_wconf 89' lang='lat' dir='ltr'>alienum</span> <span class='ocrx_word' id='word_1_137' title='bbox 453 1472 478 1499; x_wconf 90' lang='lat' dir='ltr'>a</span> <span class='ocrx_word' id='word_1_138' title='bbox 508 1458 719 1500; x_wconf 87' lang='lat' dir='ltr'>modestia</span> <span class='ocrx_word' id='word_1_139' title='bbox 750 1462 905 1512; x_wconf 85' lang='lat' dir='ltr'>putare</span> <span class='ocrx_word' id='word_1_140' title='bbox 927 1458 1169 1499; x_wconf 86' lang='lat' dir='ltr'>Bentleium</span> <span class='ocrx_word' id='word_1_141' title='bbox 1191 1458 1364 1511; x_wconf 85' lang='lat' dir='ltr'>fugisse,</span> <span class='ocrx_word' id='word_1_142' title='bbox 1397 1458 1511 1512; x_wconf 88' lang='lat' dir='ltr'>quod</span> <span class='ocrx_word' id='word_1_143' title='bbox 1538 1459 1675 1512; x_wconf 86' lang='lat' dir='ltr'>primo</span> 
     </span>
     <span class='ocr_line' id='line_1_19' title="bbox 165 1527 1676 1581; baseline 0.001 -13"><span class='ocrx_word' id='word_1_144' title='bbox 165 1530 319 1580; x_wconf 88' lang='lat' dir='ltr'>optutu</span> <span class='ocrx_word' id='word_1_145' title='bbox 362 1527 711 1568; x_wconf 87' lang='lat' dir='ltr'>animadvertunt</span> <span class='ocrx_word' id='word_1_146' title='bbox 750 1528 895 1581; x_wconf 83' lang='lat' dir='ltr'>pueri,</span> <span class='ocrx_word' id='word_1_147' title='bbox 943 1527 1070 1568; x_wconf 83' lang='lat' dir='ltr'>facile</span> <span class='ocrx_word' id='word_1_148' title='bbox 1111 1527 1272 1581; x_wconf 89' lang='lat' dir='ltr'>poterit</span> <span class='ocrx_word' id='word_1_149' title='bbox 1313 1527 1396 1568; x_wconf 86' lang='lat' dir='ltr'>ista</span> <span class='ocrx_word' id='word_1_150' title='bbox 1434 1528 1676 1581; x_wconf 85' lang='lat' dir='ltr'>increpanti</span> 
     </span>
     <span class='ocr_line' id='line_1_20' title="bbox 164 1595 1675 1650; baseline 0.001 -14"><span class='ocrx_word' id='word_1_151' title='bbox 164 1595 297 1646; x_wconf 88' lang='lat' dir='ltr'>obici,</span> <span class='ocrx_word' id='word_1_152' title='bbox 345 1610 456 1650; x_wconf 89' lang='lat' dir='ltr'>quae</span> <span class='ocrx_word' id='word_1_153' title='bbox 502 1596 546 1636; x_wconf 90' lang='lat' dir='ltr'>in</span> <span class='ocrx_word' id='word_1_154' title='bbox 590 1595 740 1637; x_wconf 89' lang='lat' dir='ltr'>ultimo</span> <span class='ocrx_word' id='word_1_155' title='bbox 785 1610 911 1637; x_wconf 89' lang='lat' dir='ltr'>versu</span> <span class='ocrx_word' id='word_1_156' title='bbox 951 1595 1137 1637; x_wconf 89' lang='lat' dir='ltr'>iambico</span> <span class='ocrx_word' id='word_1_157' title='bbox 1182 1600 1256 1637; x_wconf 89' lang='lat' dir='ltr'>aut</span> <span class='ocrx_word' id='word_1_158' title='bbox 1295 1596 1517 1638; x_wconf 84' lang='lat' dir='ltr'>trochaico</span> <span class='ocrx_word' id='word_1_159' title='bbox 1559 1596 1675 1638; x_wconf 86' lang='lat' dir='ltr'>nullo</span> 
     </span>
     <span class='ocr_line' id='line_1_21' title="bbox 164 1664 1676 1719; baseline 0.002 -15"><span class='ocrx_word' id='word_1_160' title='bbox 164 1667 294 1717; x_wconf 89' lang='lat' dir='ltr'>pacto</span> <span class='ocrx_word' id='word_1_161' title='bbox 325 1665 463 1706; x_wconf 89' lang='lat' dir='ltr'>teneri</span> <span class='ocrx_word' id='word_1_162' title='bbox 494 1665 685 1718; x_wconf 89' lang='lat' dir='ltr'>potuerit</span> <span class='ocrx_word' id='word_1_163' title='bbox 716 1664 993 1706; x_wconf 87' lang='lat' dir='ltr'>observantia</span> <span class='ocrx_word' id='word_1_164' title='bbox 1024 1690 1079 1694; x_wconf 88' lang='lat'>——</span> <span class='ocrx_word' id='word_1_165' title='bbox 1109 1678 1207 1705; x_wconf 90' lang='lat' dir='ltr'>nam</span> <span class='ocrx_word' id='word_1_166' title='bbox 1230 1665 1523 1719; x_wconf 80' lang='lat' dir='ltr'>monosyllabo</span> <span class='ocrx_word' id='word_1_167' title='bbox 1545 1665 1676 1707; x_wconf 87' lang='lat' dir='ltr'>verbo</span> 
     </span>
     <span class='ocr_line' id='line_1_22' title="bbox 166 1732 1678 1787; baseline 0.001 -14"><span class='ocrx_word' id='word_1_168' title='bbox 166 1732 363 1774; x_wconf 87' lang='lat' dir='ltr'>concludi</span> <span class='ocrx_word' id='word_1_169' title='bbox 393 1747 564 1774; x_wconf 90' lang='lat' dir='ltr'>versum</span> <span class='ocrx_word' id='word_1_170' title='bbox 585 1733 789 1774; x_wconf 87' lang='lat' dir='ltr'>Latinum</span> <span class='ocrx_word' id='word_1_171' title='bbox 820 1736 895 1774; x_wconf 90' lang='lat' dir='ltr'>aut</span> <span class='ocrx_word' id='word_1_172' title='bbox 917 1732 1131 1774; x_wconf 86' lang='lat' dir='ltr'>Graecum</span> <span class='ocrx_word' id='word_1_173' title='bbox 1153 1733 1234 1774; x_wconf 88' lang='lat' dir='ltr'>nisi</span> <span class='ocrx_word' id='word_1_174' title='bbox 1264 1733 1553 1787; x_wconf 85' lang='lat' dir='ltr'>praecedente</span> <span class='ocrx_word' id='word_1_175' title='bbox 1582 1748 1678 1775; x_wconf 87' lang='lat' dir='ltr'>ora-</span> 
     </span>
     <span class='ocr_line' id='line_1_23' title="bbox 164 1801 1677 1857; baseline 0.002 -15"><span class='ocrx_word' id='word_1_176' title='bbox 164 1801 292 1842; x_wconf 89' lang='lat' dir='ltr'>tionis</span> <span class='ocrx_word' id='word_1_177' title='bbox 322 1805 447 1855; x_wconf 90' lang='lat' dir='ltr'>parte</span> <span class='ocrx_word' id='word_1_178' title='bbox 481 1815 618 1855; x_wconf 88' lang='lat' dir='ltr'>aeque</span> <span class='ocrx_word' id='word_1_179' title='bbox 648 1802 943 1857; x_wconf 75' lang='lat' dir='ltr'>monosyllaba</span> <span class='ocrx_word' id='word_1_180' title='bbox 973 1816 1126 1856; x_wconf 89' lang='lat' dir='ltr'>parum</span> <span class='ocrx_word' id='word_1_181' title='bbox 1157 1802 1301 1855; x_wconf 91' lang='lat' dir='ltr'>placet</span> <span class='ocrx_word' id='word_1_182' title='bbox 1331 1827 1399 1853; x_wconf 83' lang='lat'>-—,</span> <span class='ocrx_word' id='word_1_183' title='bbox 1428 1803 1515 1843; x_wconf 87' lang='lat' dir='ltr'>iam</span> <span class='ocrx_word' id='word_1_184' title='bbox 1537 1806 1677 1845; x_wconf 86' lang='lat' dir='ltr'>trans-</span> 
     </span>
     <span class='ocr_line' id='line_1_24' title="bbox 163 1869 1676 1924; baseline 0.001 -14"><span class='ocrx_word' id='word_1_185' title='bbox 163 1869 297 1911; x_wconf 83' lang='lat' dir='ltr'>latam</span> <span class='ocrx_word' id='word_1_186' title='bbox 338 1871 382 1911; x_wconf 89' lang='lat' dir='ltr'>in</span> <span class='ocrx_word' id='word_1_187' title='bbox 419 1870 618 1912; x_wconf 90' lang='lat' dir='ltr'>medium.</span> <span class='ocrx_word' id='word_1_188' title='bbox 681 1885 815 1924; x_wconf 88' lang='lat' dir='ltr'>quare</span> <span class='ocrx_word' id='word_1_189' title='bbox 844 1871 986 1913; x_wconf 89' lang='lat' dir='ltr'>missis</span> <span class='ocrx_word' id='word_1_190' title='bbox 1014 1870 1174 1912; x_wconf 87' lang='lat' dir='ltr'>talibus</span> <span class='ocrx_word' id='word_1_191' title='bbox 1204 1871 1389 1924; x_wconf 89' lang='lat' dir='ltr'>primum</span> <span class='ocrx_word' id='word_1_192' title='bbox 1421 1870 1538 1912; x_wconf 89' lang='lat' dir='ltr'>haud</span> <span class='ocrx_word' id='word_1_193' title='bbox 1579 1885 1676 1913; x_wconf 91' lang='lat' dir='ltr'>con-</span> 
     </span>
     <span class='ocr_line' id='line_1_25' title="bbox 164 1939 1678 1993; baseline 0.001 -13"><span class='ocrx_word' id='word_1_194' title='bbox 164 1939 441 1980; x_wconf 89' lang='lat' dir='ltr'>temnendum</span> <span class='ocrx_word' id='word_1_195' title='bbox 473 1943 772 1992; x_wconf 82' lang='lat' dir='ltr'>argumentum</span> <span class='ocrx_word' id='word_1_196' title='bbox 805 1939 858 1982; x_wconf 88' lang='lat' dir='ltr'>ab</span> <span class='ocrx_word' id='word_1_197' title='bbox 882 1939 1054 1981; x_wconf 88' lang='lat' dir='ltr'>Horatii</span> <span class='ocrx_word' id='word_1_198' title='bbox 1075 1942 1118 1980; x_wconf 92' lang='lat' dir='ltr'>et</span> <span class='ocrx_word' id='word_1_199' title='bbox 1139 1939 1410 1981; x_wconf 89' lang='lat' dir='ltr'>satiricorum</span> <span class='ocrx_word' id='word_1_200' title='bbox 1432 1944 1678 1993; x_wconf 88' lang='lat' dir='ltr'>repetemus</span> 
     </span>
     <span class='ocr_line' id='line_1_26' title="bbox 165 2008 1678 2062; baseline 0.002 -14"><span class='ocrx_word' id='word_1_201' title='bbox 165 2022 257 2057; x_wconf 81' lang='lat' dir='ltr'>usu,</span> <span class='ocrx_word' id='word_1_202' title='bbox 289 2011 338 2049; x_wconf 89' lang='lat' dir='ltr'>ut</span> <span class='ocrx_word' id='word_1_203' title='bbox 367 2008 483 2062; x_wconf 87' lang='lat' dir='ltr'>apud</span> <span class='ocrx_word' id='word_1_204' title='bbox 516 2022 623 2062; x_wconf 88' lang='lat' dir='ltr'>quos</span> <span class='ocrx_word' id='word_1_205' title='bbox 653 2022 737 2050; x_wconf 89' lang='lat' dir='ltr'>non</span> <span class='ocrx_word' id='word_1_206' title='bbox 767 2009 812 2050; x_wconf 88' lang='lat' dir='ltr'>in</span> <span class='ocrx_word' id='word_1_207' title='bbox 839 2008 990 2050; x_wconf 91' lang='lat' dir='ltr'>ultimo</span> <span class='ocrx_word' id='word_1_208' title='bbox 1012 2021 1139 2049; x_wconf 85' lang='lat' dir='ltr'>versu</span> <span class='ocrx_word' id='word_1_209' title='bbox 1162 2022 1291 2062; x_wconf 86' lang='lat' dir='ltr'>quam</span> <span class='ocrx_word' id='word_1_210' title='bbox 1313 2009 1356 2049; x_wconf 90' lang='lat' dir='ltr'>in</span> <span class='ocrx_word' id='word_1_211' title='bbox 1377 2008 1518 2050; x_wconf 88' lang='lat' dir='ltr'>medio</span> <span class='ocrx_word' id='word_1_212' title='bbox 1541 2010 1678 2062; x_wconf 89' lang='lat' dir='ltr'>magis</span> 
     </span>
     <span class='ocr_line' id='line_1_27' title="bbox 167 2077 1678 2131; baseline 0.001 -14"><span class='ocrx_word' id='word_1_213' title='bbox 167 2079 355 2128; x_wconf 86' lang='lat' dir='ltr'>curetur,</span> <span class='ocrx_word' id='word_1_214' title='bbox 386 2080 435 2118; x_wconf 90' lang='lat' dir='ltr'>ut</span> <span class='ocrx_word' id='word_1_215' title='bbox 470 2077 731 2131; x_wconf 84' lang='lat' dir='ltr'>respondeat</span> <span class='ocrx_word' id='word_1_216' title='bbox 762 2077 958 2119; x_wconf 89' lang='lat' dir='ltr'>accentui</span> <span class='ocrx_word' id='word_1_217' title='bbox 989 2077 1199 2131; x_wconf 74' lang='lat' dir='ltr'>rythmico</span> <span class='ocrx_word' id='word_1_218' title='bbox 1223 2077 1540 2130; x_wconf 88' lang='lat' dir='ltr'>grammaticus.</span> <span class='ocrx_word' id='word_1_219' title='bbox 1591 2078 1678 2118; x_wconf 88' lang='lat' dir='ltr'>iam</span> 
     </span>
     <span class='ocr_line' id='line_1_28' title="bbox 168 2145 1678 2199; baseline 0.001 -14"><span class='ocrx_word' id='word_1_220' title='bbox 168 2158 263 2185; x_wconf 91' lang='lat' dir='ltr'>cum</span> <span class='ocrx_word' id='word_1_221' title='bbox 287 2158 433 2186; x_wconf 88' lang='lat' dir='ltr'>eorum</span> <span class='ocrx_word' id='word_1_222' title='bbox 458 2145 667 2187; x_wconf 89' lang='lat' dir='ltr'>dictiones</span> <span class='ocrx_word' id='word_1_223' title='bbox 690 2159 741 2187; x_wconf 88' lang='lat' dir='ltr'>ac</span> <span class='ocrx_word' id='word_1_224' title='bbox 761 2159 911 2187; x_wconf 87' lang='lat' dir='ltr'>versus</span> <span class='ocrx_word' id='word_1_225' title='bbox 934 2145 989 2187; x_wconf 88' lang='lat' dir='ltr'>ad</span> <span class='ocrx_word' id='word_1_226' title='bbox 1010 2145 1231 2199; x_wconf 87' lang='lat' dir='ltr'>vulgarem</span> <span class='ocrx_word' id='word_1_227' title='bbox 1253 2159 1448 2186; x_wconf 90' lang='lat' dir='ltr'>normam</span> <span class='ocrx_word' id='word_1_228' title='bbox 1472 2146 1678 2187; x_wconf 87' lang='lat' dir='ltr'>accedere</span> 
     </span>
     <span class='ocr_line' id='line_1_29' title="bbox 167 2214 1678 2268; baseline 0.001 -14"><span class='ocrx_word' id='word_1_229' title='bbox 167 2217 209 2254; x_wconf 88' lang='lat' dir='ltr'>et</span> <span class='ocrx_word' id='word_1_230' title='bbox 238 2214 300 2255; x_wconf 90' lang='lat' dir='ltr'>rei</span> <span class='ocrx_word' id='word_1_231' title='bbox 319 2217 489 2263; x_wconf 60' lang='lat' dir='ltr'>⁴natura</span> <span class='ocrx_word' id='word_1_232' title='bbox 520 2217 563 2255; x_wconf 89' lang='lat' dir='ltr'>et</span> <span class='ocrx_word' id='word_1_233' title='bbox 592 2214 830 2256; x_wconf 86' lang='lat' dir='ltr'>alienorum</span> <span class='ocrx_word' id='word_1_234' title='bbox 857 2218 1085 2268; x_wconf 89' lang='lat' dir='ltr'>poetarum</span> <span class='ocrx_word' id='word_1_235' title='bbox 1108 2215 1431 2267; x_wconf 85' lang='lat' dir='ltr'>comparatione</span> <span class='ocrx_word' id='word_1_236' title='bbox 1452 2214 1678 2266; x_wconf 89' lang='lat' dir='ltr'>indicetur,</span> 
     </span>
     <span class='ocr_line' id='line_1_30' title="bbox 166 2282 1679 2336; baseline 0.001 -13"><span class='ocrx_word' id='word_1_237' title='bbox 166 2295 305 2323; x_wconf 89' lang='lat' dir='ltr'>nonne</span> <span class='ocrx_word' id='word_1_238' title='bbox 335 2282 543 2335; x_wconf 88' lang='lat' dir='ltr'>plurimos</span> <span class='ocrx_word' id='word_1_239' title='bbox 574 2283 897 2336; x_wconf 87' lang='lat' dir='ltr'>probabilitatis</span> <span class='ocrx_word' id='word_1_240' title='bbox 927 2283 1077 2336; x_wconf 89' lang='lat' dir='ltr'>implet</span> <span class='ocrx_word' id='word_1_241' title='bbox 1104 2296 1305 2324; x_wconf 91' lang='lat' dir='ltr'>numeros</span> <span class='ocrx_word' id='word_1_242' title='bbox 1327 2283 1386 2323; x_wconf 88' lang='lat' dir='ltr'>nil</span> <span class='ocrx_word' id='word_1_243' title='bbox 1408 2296 1582 2325; x_wconf 88' lang='lat' dir='ltr'>curasse</span> <span class='ocrx_word' id='word_1_244' title='bbox 1604 2283 1679 2325; x_wconf 91' lang='lat' dir='ltr'>ho-</span> 
     </span>
     <span class='ocr_line' id='line_1_31' title="bbox 166 2350 1679 2405; baseline 0.003 -15"><span class='ocrx_word' id='word_1_245' title='bbox 166 2350 301 2391; x_wconf 88' lang='lat' dir='ltr'>mines</span> <span class='ocrx_word' id='word_1_246' title='bbox 323 2350 513 2402; x_wconf 86' lang='lat' dir='ltr'>Latinos,</span> <span class='ocrx_word' id='word_1_247' title='bbox 546 2355 594 2392; x_wconf 91' lang='lat' dir='ltr'>ut</span> <span class='ocrx_word' id='word_1_248' title='bbox 616 2354 874 2403; x_wconf 85' lang='lat' dir='ltr'>congrueret</span> <span class='ocrx_word' id='word_1_249' title='bbox 896 2355 1099 2393; x_wconf 89' lang='lat' dir='ltr'>accentus</span> <span class='ocrx_word' id='word_1_250' title='bbox 1120 2351 1316 2404; x_wconf 86' lang='lat' dir='ltr'>poeticus</span> <span class='ocrx_word' id='word_1_251' title='bbox 1339 2365 1434 2392; x_wconf 89' lang='lat' dir='ltr'>cum</span> <span class='ocrx_word' id='word_1_252' title='bbox 1456 2352 1679 2405; x_wconf 73' lang='lat' dir='ltr'>pedestri?</span> 
     </span>
     <span class='ocr_line' id='line_1_32' title="bbox 169 2419 1680 2473; baseline 0.002 -14"><span class='ocrx_word' id='word_1_253' title='bbox 169 2423 214 2460; x_wconf 88' lang='lat' dir='ltr'>at</span> <span class='ocrx_word' id='word_1_254' title='bbox 243 2422 389 2460; x_wconf 88' lang='lat' dir='ltr'>tamen</span> <span class='ocrx_word' id='word_1_255' title='bbox 419 2419 532 2460; x_wconf 90' lang='lat' dir='ltr'>male</span> <span class='ocrx_word' id='word_1_256' title='bbox 564 2423 677 2461; x_wconf 87' lang='lat' dir='ltr'>esset</span> <span class='ocrx_word' id='word_1_257' title='bbox 703 2419 804 2461; x_wconf 90' lang='lat' dir='ltr'>huic</span> <span class='ocrx_word' id='word_1_258' title='bbox 842 2419 1101 2473; x_wconf 87' lang='lat' dir='ltr'>quaestioni,</span> <span class='ocrx_word' id='word_1_259' title='bbox 1146 2420 1180 2460; x_wconf 88' lang='lat' dir='ltr'>si</span> <span class='ocrx_word' id='word_1_260' title='bbox 1222 2419 1378 2460; x_wconf 89' lang='lat' dir='ltr'>similia</span> <span class='ocrx_word' id='word_1_261' title='bbox 1417 2420 1560 2473; x_wconf 91' lang='lat' dir='ltr'>potius</span> <span class='ocrx_word' id='word_1_262' title='bbox 1591 2420 1680 2462; x_wconf 84' lang='lat' dir='ltr'>veri</span> 
     </span>
     <span class='ocr_line' id='line_1_33' title="bbox 169 2488 1679 2542; baseline 0.001 -14"><span class='ocrx_word' id='word_1_263' title='bbox 169 2501 297 2541; x_wconf 88' lang='lat' dir='ltr'>quam</span> <span class='ocrx_word' id='word_1_264' title='bbox 330 2501 432 2528; x_wconf 88' lang='lat' dir='ltr'>vera</span> <span class='ocrx_word' id='word_1_265' title='bbox 466 2491 509 2528; x_wconf 91' lang='lat' dir='ltr'>et</span> <span class='ocrx_word' id='word_1_266' title='bbox 541 2491 660 2529; x_wconf 87' lang='lat' dir='ltr'>certa</span> <span class='ocrx_word' id='word_1_267' title='bbox 690 2488 841 2529; x_wconf 89' lang='lat' dir='ltr'>liceret</span> <span class='ocrx_word' id='word_1_268' title='bbox 872 2488 924 2529; x_wconf 87' lang='lat' dir='ltr'>de</span> <span class='ocrx_word' id='word_1_269' title='bbox 956 2501 1007 2529; x_wconf 89' lang='lat' dir='ltr'>ea</span> <span class='ocrx_word' id='word_1_270' title='bbox 1037 2488 1236 2541; x_wconf 87' lang='lat' dir='ltr'>proferri.</span> <span class='ocrx_word' id='word_1_271' title='bbox 1296 2488 1444 2541; x_wconf 85' lang='lat' dir='ltr'>itaque</span> <span class='ocrx_word' id='word_1_272' title='bbox 1475 2492 1535 2538; x_wconf 91' lang='lat' dir='ltr'>ut,</span> <span class='ocrx_word' id='word_1_273' title='bbox 1569 2502 1679 2542; x_wconf 85' lang='lat' dir='ltr'>quae</span> 
     </span>
     <span class='ocr_line' id='line_1_34' title="bbox 167 2555 1680 2610; baseline 0.001 -14"><span class='ocrx_word' id='word_1_274' title='bbox 167 2556 334 2609; x_wconf 86' lang='lat' dir='ltr'>priores</span> <span class='ocrx_word' id='word_1_275' title='bbox 356 2555 557 2609; x_wconf 83' lang='lat' dir='ltr'>vulgatae</span> <span class='ocrx_word' id='word_1_276' title='bbox 585 2557 950 2610; x_wconf 86' lang='lat' dir='ltr'>pronuntiationis</span> <span class='ocrx_word' id='word_1_277' title='bbox 983 2556 1259 2598; x_wconf 88' lang='lat' dir='ltr'>observantia</span> <span class='ocrx_word' id='word_1_278' title='bbox 1289 2555 1445 2598; x_wconf 87' lang='lat' dir='ltr'>effecta</span> <span class='ocrx_word' id='word_1_279' title='bbox 1475 2570 1567 2598; x_wconf 84' lang='lat' dir='ltr'>esse</span> <span class='ocrx_word' id='word_1_280' title='bbox 1590 2570 1680 2598; x_wconf 85' lang='lat' dir='ltr'>cre-</span> 
     </span>
     <span class='ocr_line' id='line_1_35' title="bbox 169 2623 1679 2678; baseline 0.001 -14"><span class='ocrx_word' id='word_1_281' title='bbox 169 2623 340 2674; x_wconf 89' lang='lat' dir='ltr'>didere,</span> <span class='ocrx_word' id='word_1_282' title='bbox 380 2624 504 2678; x_wconf 90' lang='lat' dir='ltr'>longe</span> <span class='ocrx_word' id='word_1_283' title='bbox 543 2624 637 2666; x_wconf 87' lang='lat' dir='ltr'>aliis</span> <span class='ocrx_word' id='word_1_284' title='bbox 672 2626 839 2667; x_wconf 86' lang='lat' dir='ltr'>venisse</span> <span class='ocrx_word' id='word_1_285' title='bbox 872 2626 1013 2667; x_wconf 86' lang='lat' dir='ltr'>causis</span> <span class='ocrx_word' id='word_1_286' title='bbox 1047 2625 1356 2675; x_wconf 89' lang='lat' dir='ltr'>demonstrem,</span> <span class='ocrx_word' id='word_1_287' title='bbox 1401 2625 1487 2666; x_wconf 88' lang='lat' dir='ltr'>iam</span> <span class='ocrx_word' id='word_1_288' title='bbox 1518 2625 1679 2666; x_wconf 90' lang='lat' dir='ltr'>heroici</span> 
     </span>
     <span class='ocr_line' id='line_1_36' title="bbox 168 2693 1680 2747; baseline 0 -13"><span class='ocrx_word' id='word_1_289' title='bbox 168 2707 328 2743; x_wconf 85' lang='lat' dir='ltr'>versus,</span> <span class='ocrx_word' id='word_1_290' title='bbox 359 2706 458 2734; x_wconf 80' lang='lat' dir='ltr'>mox</span> <span class='ocrx_word' id='word_1_291' title='bbox 480 2693 751 2743; x_wconf 84' lang='lat' dir='ltr'>relicuorum,</span> <span class='ocrx_word' id='word_1_292' title='bbox 783 2697 831 2734; x_wconf 91' lang='lat' dir='ltr'>ut</span> <span class='ocrx_word' id='word_1_293' title='bbox 852 2694 1033 2747; x_wconf 84' lang='lat' dir='ltr'>quisque</span> <span class='ocrx_word' id='word_1_294' title='bbox 1062 2693 1273 2746; x_wconf 83' lang='lat' dir='ltr'>dignitate</span> <span class='ocrx_word' id='word_1_295' title='bbox 1303 2694 1537 2746; x_wconf 84' lang='lat' dir='ltr'>proximus,</span> <span class='ocrx_word' id='word_1_296' title='bbox 1569 2694 1680 2734; x_wconf 87' lang='lat' dir='ltr'>ratio</span> 
     </span>
     <span class='ocr_line' id='line_1_37' title="bbox 169 2761 455 2802; baseline 0 0"><span class='ocrx_word' id='word_1_297' title='bbox 169 2761 455 2802; x_wconf 85' lang='lat' dir='ltr'>enarrabitur.</span> 
     </span>
    </p>

    <p class='ocr_par' dir='ltr' id='par_1_4' title="bbox 166 2828 1680 2953">
     <span class='ocr_line' id='line_1_38' title="bbox 283 2828 1680 2883; baseline -0.001 -13"><span class='ocrx_word' id='word_1_298' title='bbox 283 2830 403 2870; x_wconf 89' lang='lat' dir='ltr'>Haec</span> <span class='ocrx_word' id='word_1_299' title='bbox 446 2830 578 2883; x_wconf 89' lang='lat' dir='ltr'>igitur</span> <span class='ocrx_word' id='word_1_300' title='bbox 624 2830 690 2872; x_wconf 91' lang='lat' dir='ltr'>vel</span> <span class='ocrx_word' id='word_1_301' title='bbox 736 2830 952 2871; x_wconf 89' lang='lat' dir='ltr'>simillima</span> <span class='ocrx_word' id='word_1_302' title='bbox 997 2830 1064 2871; x_wconf 89' lang='lat' dir='ltr'>his</span> <span class='ocrx_word' id='word_1_303' title='bbox 1107 2833 1205 2871; x_wconf 87' lang='lat' dir='ltr'>ante</span> <span class='ocrx_word' id='word_1_304' title='bbox 1248 2843 1381 2870; x_wconf 86' lang='lat' dir='ltr'>annos</span> <span class='ocrx_word' id='word_1_305' title='bbox 1422 2829 1518 2883; x_wconf 89' lang='lat' dir='ltr'>plus</span> <span class='ocrx_word' id='word_1_306' title='bbox 1558 2828 1680 2869; x_wconf 87' lang='lat' dir='ltr'>XXX</span> 
     </span>
     <span class='ocr_line' id='line_1_39' title="bbox 166 2911 461 2953; baseline 0.01 -16"><span class='ocrx_word' id='word_1_307' title='bbox 166 2911 461 2953; x_wconf 87' lang='lat' dir='ltr'>posueramus.</span> 
     </span>
    </p>
   </div>
  </div>
 </body>
</html>
