1898 3292
780 196 1016 222 opvscvnvm
1036 197 1084 222 1v.
1601 185 1681 225 587

176 304 299 342 notat
328 300 609 342 Burmannus.
671 299 777 340 libet
808 298 1014 340 admirari
1046 297 1301 347 sollertiam,
1334 298 1412 338 etsi
1445 297 1579 338 isdem
1612 297 1682 338 hic

178 373 321 419 cento,
364 369 519 422 quibus
558 368 708 409 relicui
739 371 917 420 excepto
949 366 1143 416 Ausonii,
1184 365 1354 407 laborat
1389 366 1680 407 incommodis.

176 439 219 478 in
253 452 336 491 quo
368 441 511 478 tamen
551 436 656 477 illud
695 436 900 477 memoria
929 435 1114 488 dignum,
1158 448 1390 488 numquam
1423 434 1522 488 poni
1552 434 1682 475 hexa-

176 509 336 547 metros
368 505 614 546 dimidiatos
646 508 688 545 et
719 504 1005 557 imperfectos,
1038 503 1118 544 nisi
1149 503 1263 557 apud
1285 503 1422 557 ipsum
1447 502 1681 555 Vergilium

177 577 324 615 extent
353 574 483 623 tales,
526 573 695 626 qualem
737 572 871 613 habes
918 571 1036 629 [104]
1074 570 1214 612 ‘unum
1248 585 1325 622 pro
1356 574 1488 612 mullis
1519 574 1682 612 clahilzcr

176 640 337 693 caput’.
399 644 543 683 cetera
581 641 746 682 lacunis
790 639 1010 681 deformia.
1075 640 1208 693 igitur
1250 639 1364 693 quod
1404 639 1561 693 legitur
1602 639 1681 680 ibi-

175 711 269 752 dem
303 711 442 766 [397]:

380 802 537 835 suggere
563 790 633 824 tela
659 789 747 823 mihi
774 789 957 833 finemque
982 790 1130 833 impone
1159 788 1287 823 labori.

380 847 556 891 sanguine
582 846 781 890 quaerendi
805 846 944 880 reditus

175 921 419 963 addendum
452 920 687 973 ‘animmque
720 918 955 970 litandum’,
1000 935 1095 962 cum
1136 921 1566 978 praesertim-fuerit
1608 919 1680 961 ab·

176 991 352 1033 surdum
381 990 586 1044 placitam
619 990 780 1043 alioqui
813 1003 1005 1031 normam
1034 989 1223 1043 migrari,
1255 988 1329 1030 ubi
1361 992 1477 1030 totus
1510 988 1685 1041 Vergilii

174 1074 322 1101 versus
353 1058 460 1115 [aen.
491 1059 554 1110 II,
599 1058 693 1115 118]
727 1072 810 1099 11011
843 1059 980 1099 minus
1024 1058 1270 1099 conveniret
1308 1058 1370 1099 rei
1403 1071 1530 1110 quam
1562 1057 1683 1097 dimi-

176 1128 330 1169 diatus.
391 1141 521 1182 porro
564 1126 745 1168 alterum
788 1127 977 1180 graviter
1019 1140 1110 1168 esse
1152 1126 1353 1167 affectum
1394 1126 1535 1167 locum
1588 1126 1684 1179 ipsa

178 1211 378 1239 sensuum
411 1199 593 1250 apparet
624 1195 918 1248 perversitate.
981 1199 1045 1237 est
1076 1195 1187 1236 enim
1218 1195 1317 1236 talis
1351 1194 1487 1250 [449]:

383 1276 456 1310 sive
481 1276 601 1309 animo
627 1275 700 1309 sive
726 1278 803 1309 arte
829 1275 925 1309 vales
954 1274 1055 1320 [opta
1080 1275 1193 1309 ardua
1217 1274 1337 1318 pinnis

380 1336 476 1366 astra
501 1331 630 1377 sequi],
659 1335 696 1366 et
721 1332 750 1365 si
775 1332 866 1365 adeo
893 1332 1024 1366 dotalis
1050 1333 1151 1376 regia
1177 1331 1315 1366 coi-dist

860 1393 1051 1424 nostrasne
1078 1389 1231 1424 evadere
1257 1389 1407 1424 demens

380 1447 535 1492 sperasti
560 1450 597 1481 te
623 1459 730 1491 posse
756 1446 912 1481 manus?

175 1517 338 1559 scilieet
367 1520 466 1570 post
497 1515 572 1557 illa
604 1515 711 1572 [aen.
735 1515 806 1565 XI,
831 1516 931 1570 369]
975 1513 1033 1556 ‘et
1064 1519 1098 1556 si
1129 1520 1231 1557 adeo
1265 1520 1409 1557 dotalis
1442 1520 1561 1567 reaia
1593 1530 1681 1556 cor-

176 1583 276 1628 dist’
314 1584 512 1627 addenda
541 1599 651 1638 quae
684 1587 886 1626 secuntur
913 1584 957 1624 in
988 1585 1083 1638 ipsa
1115 1584 1322 1626 Aeneide:

380 1664 472 1698 aude
499 1667 607 1708 atque
633 1665 825 1699 adversum
851 1664 965 1698 fidens
990 1664 1045 1698 fer
1070 1667 1200 1708 pectus
1225 1664 1262 1697 in
1287 1664 1440 1699 hostem.

173 1740 370 1794 proxima
402 1752 512 1793 quae
543 1743 642 1780 sunt
676 1737 911 1781 ‘nostr-asne
943 1743 1116 1780 evadere
1148 1736 1330 1780 demens-²
1380 1742 1481 1793 apte
1511 1739 1681 1792 supple-

173 1808 315 1850 bimus
351 1808 654 1862 praeponendo
686 1808 802 1849 velut
836 1807 942 1863 [aen.
977 1807 1023 1858 V,
1061 1807 1157 1861 174]
1182 1806 1345 1848 ‘oblitus
1378 1805 1558 1849 decoris'
1595 1807 1682 1848 sive

175 1877 346 1931 aptiora
377 1877 472 1930 quis
504 1877 771 1930 excogitarit.

288 1945 580 1987 Pervenerunt
618 1949 761 1986 autem
795 1944 849 1986 ad
885 1958 961 1986 nos
993 1947 1195 1986 centones
1228 1944 1332 1986 satis
1364 1944 1510 1995 multi,
1556 1957 1682 1997 argu-

174 2014 306 2055 menti
332 2014 493 2068 partim
525 2013 580 2055 ad
610 2014 833 2065 humanas,
865 2013 1022 2067 partim
1055 2013 1110 2054 ad
1140 2013 1304 2054 divinas
1334 2027 1403 2054 res
1436 2012 1682 2066 spectantis.

176 2086 219 2124 et
249 2097 301 2124 ex
326 2082 410 2124 illis
433 2082 604 2136 quidem
636 2086 679 2123 et
711 2086 804 2124 arte
836 2086 889 2133 et,
921 2083 956 2123 si
977 2081 1197 2123 lasciviam
1230 2081 1435 2132 omiseris,
1469 2081 1683 2134 elegantia

175 2151 301 2192 facile
341 2151 527 2204 primum
567 2151 707 2192 locum
744 2151 909 2192 obtinet
942 2150 1117 2192 Ausonii
1159 2164 1331 2192 carmen
1373 2149 1588 2203 nuptiale,
1632 2164 1683 2191 ex

175 2219 240 2261 his
273 2219 457 2260 maxime
487 2219 691 2261 laudatur
722 2219 911 2270 Probae,
955 2219 1138 2260 feminae
1169 2219 1344 2270 nobilis,
1385 2233 1496 2272 quae
1538 2218 1684 2259 floruit

174 2291 274 2342 post
294 2288 511 2329 saeculum
533 2288 589 2329 IV
613 2288 811 2338 medium,
837 2288 959 2339 liber,
986 2302 1069 2342 quo
1092 2288 1261 2329 initium
1284 2287 1515 2329 bibliorum
1540 2301 1684 2328 sacro—

174 2370 281 2407 rum,
312 2370 411 2397 mox
441 2356 667 2410 euangelia
698 2360 739 2397 et
769 2357 993 2399 historiam
1025 2357 1183 2398 Christi
1213 2356 1408 2398 versibus
1452 2356 1683 2407 contexuit,

175 2425 337 2478 pietate
364 2428 509 2466 tamen
539 2425 676 2478 magis
705 2425 932 2478 probanda
963 2439 1092 2479 quam
1125 2428 1230 2466 arte.

290 2492 347 2533 Et
379 2493 431 2534 de
461 2493 588 2534 huius
620 2497 663 2534 et
694 2493 745 2534 de
778 2498 1030 2545 ceterorum,
1074 2508 1255 2547 quorum
1287 2497 1436 2535 extant
1468 2497 1681 2544 centones,

174 2560 415 2602 rationibus
457 2561 780 2615 diligentissime
825 2563 1066 2616 expositum
1109 2576 1133 2602 a
1162 2561 1314 2603 Carolo
1346 2561 1600 2603 Schenkelio
1638 2562 1682 2602 in

176 2628 362 2670 editione
408 2628 576 2670 Probae
620 2643 687 2683 pg.
731 2634 781 2671 53
824 2645 938 2684 sqq.;
986 2630 1246 2672 conferenda
1295 2630 1424 2671 etiam
1470 2644 1581 2683 quae
1629 2630 1681 2671 de

176 2697 353 2738 Ausonii
385 2697 590 2751 opusculo
622 2698 791 2751 prolata
831 2703 929 2739 sunt
957 2699 1011 2740 ab
1056 2698 1204 2740 eodem
1237 2698 1382 2739 Indice
1422 2699 1680 2751 scriptorum

175 2779 205 2806 s.
236 2765 262 2805 l.
300 2763 555 2819 ‘Vergilius'
593 2765 676 2821 [pg.
709 2767 821 2821 270}

290 2835 430 2886 Atque
464 2833 669 2875 hocloco
700 2838 842 2887 potest
882 2834 982 2875 addi
1024 2835 1147 2888 quasi
1188 2834 1305 2875 haud
1346 2834 1541 2875 dissimili
1584 2848 1680 2876 een-

174 2901 347 2943 tonibus
389 2901 570 2943 artificio
612 2902 666 2944 ab
704 2902 868 2944 incerto
905 2903 1090 2957 quodam
1133 2903 1413 2958 grammatico
1445 2903 1679 2958 Pasiphaes
