<?xml version="1.0" encoding="UTF-8"?>
<!DOCTYPE html PUBLIC "-//W3C//DTD XHTML 1.0 Transitional//EN"
    "http://www.w3.org/TR/xhtml1/DTD/xhtml1-transitional.dtd">
<html xmlns="http://www.w3.org/1999/xhtml" xml:lang="en" lang="en">
 <head>
  <title>
</title>
<meta http-equiv="Content-Type" content="text/html;charset=utf-8" />
  <meta name='ocr-system' content='tesseract 3.04.00' />
  <meta name='ocr-capabilities' content='ocr_page ocr_carea ocr_par ocr_line ocrx_word'/>
</head>
<body>
  <div class='ocr_page' id='page_1' title='image "./deremetricapoeta00mluoft_0158.png"; bbox 0 0 1898 3292; ppageno 0'>
   <div class='ocr_carea' id='block_1_1' title="bbox 234 232 1128 270">
    <p class='ocr_par' dir='ltr' id='par_1_1' title="bbox 234 232 1128 270">
     <span class='ocr_line' id='line_1_1' title="bbox 234 232 1128 270; baseline -0.009 0"><span class='ocrx_word' id='word_1_1' title='bbox 234 232 312 270; x_wconf 80' lang='lat' dir='ltr'><strong>13ss</strong></span> <span class='ocrx_word' id='word_1_2' title='bbox 835 239 955 264; x_wconf 79' lang='lat' dir='ltr'>LIBER</span> <span class='ocrx_word' id='word_1_3' title='bbox 973 238 1128 263; x_wconf 75' lang='lat' dir='ltr'><strong>PRIMVS.</strong></span> 
     </span>
    </p>
   </div>
   <div class='ocr_carea' id='block_1_2' title="bbox 643 340 1203 2666">
    <p class='ocr_par' dir='ltr' id='par_1_2' title="bbox 643 340 1098 2266">
     <span class='ocr_line' id='line_1_2' title="bbox 645 340 993 384; baseline 0 -11"><span class='ocrx_word' id='word_1_4' title='bbox 645 342 808 384; x_wconf 78' lang='lat' dir='ltr'><strong>gramine</strong></span> <span class='ocrx_word' id='word_1_5' title='bbox 835 340 993 374; x_wconf 80' lang='lat' dir='ltr'><strong>fluminis</strong></span> 
     </span>
     <span class='ocr_line' id='line_1_3' title="bbox 643 398 925 442; baseline -0.004 -10"><span class='ocrx_word' id='word_1_6' title='bbox 643 398 808 432; x_wconf 87' lang='lat' dir='ltr'><strong>Hebrive</strong></span> <span class='ocrx_word' id='word_1_7' title='bbox 836 398 925 442; x_wconf 83' lang='lat' dir='ltr'><strong>ripis</strong></span> 
     </span>
     <span class='ocr_line' id='line_1_4' title="bbox 644 456 946 500; baseline 0.003 -12"><span class='ocrx_word' id='word_1_8' title='bbox 644 456 745 500; x_wconf 83' lang='lat' dir='ltr'><strong>pavit</strong></span> <span class='ocrx_word' id='word_1_9' title='bbox 770 458 946 500; x_wconf 84' lang='lat' dir='ltr'><strong>tyrannus</strong></span> 
     </span>
     <span class='ocr_line' id='line_1_5' title="bbox 645 512 972 556; baseline 0.003 -11"><span class='ocrx_word' id='word_1_10' title='bbox 645 512 847 556; x_wconf 84' lang='lat' dir='ltr'><strong>(hospitum</strong></span> <span class='ocrx_word' id='word_1_11' title='bbox 872 512 972 546; x_wconf 83' lang='lat' dir='ltr'><strong>dirus</strong></span> 
     </span>
     <span class='ocr_line' id='line_1_6' title="bbox 644 569 993 604; baseline 0.003 -2"><span class='ocrx_word' id='word_1_12' title='bbox 644 569 797 603; x_wconf 84' lang='lat' dir='ltr'><strong>stabulis</strong></span> <span class='ocrx_word' id='word_1_13' title='bbox 824 581 993 604; x_wconf 87' lang='lat' dir='ltr'><strong>cruorem</strong></span> 
     </span>
     <span class='ocr_line' id='line_1_7' title="bbox 643 626 980 671; baseline 0.003 -12"><span class='ocrx_word' id='word_1_14' title='bbox 643 626 816 671; x_wconf 86' lang='lat' dir='ltr'><strong>praebuit</strong></span> <span class='ocrx_word' id='word_1_15' title='bbox 838 626 980 670; x_wconf 82' lang='lat' dir='ltr'><strong>saevis),</strong></span> 
     </span>
     <span class='ocr_line' id='line_1_8' title="bbox 644 683 990 727; baseline 0.003 -11"><span class='ocrx_word' id='word_1_16' title='bbox 644 683 827 727; x_wconf 84' lang='lat' dir='ltr'><strong>tinxitque</strong></span> <span class='ocrx_word' id='word_1_17' title='bbox 856 683 990 718; x_wconf 81' lang='lat' dir='ltr'><strong>crudos</strong></span> 
     </span>
     <span class='ocr_line' id='line_1_9' title="bbox 645 741 936 775; baseline 0 -1"><span class='ocrx_word' id='word_1_18' title='bbox 645 741 794 775; x_wconf 76' lang='lat' dir='ltr'><strong>ultimus</strong></span> <span class='ocrx_word' id='word_1_19' title='bbox 822 741 936 774; x_wconf 81' lang='lat' dir='ltr'><strong>rictus</strong></span> 
     </span>
     <span class='ocr_line' id='line_1_10' title="bbox 647 798 979 841; baseline 0.003 -10"><span class='ocrx_word' id='word_1_20' title='bbox 647 798 794 841; x_wconf 79' lang='lat' dir='ltr'><strong>sanguis</strong></span> <span class='ocrx_word' id='word_1_21' title='bbox 820 798 979 841; x_wconf 74' lang='lat' dir='ltr'><strong>aurigae.</strong></span> 
     </span>
     <span class='ocr_line' id='line_1_11' title="bbox 645 854 1098 899; baseline 0 -11"><span class='ocrx_word' id='word_1_22' title='bbox 645 855 738 888; x_wconf 83' lang='lat' dir='ltr'><strong>vidit</strong></span> <span class='ocrx_word' id='word_1_23' title='bbox 761 854 968 899; x_wconf 82' lang='lat' dir='ltr'><strong>Hippolyte</strong></span> <span class='ocrx_word' id='word_1_24' title='bbox 994 855 1098 889; x_wconf 84' lang='lat' dir='ltr'><strong>ferox</strong></span> 
     </span>
     <span class='ocr_line' id='line_1_12' title="bbox 647 912 1096 956; baseline 0 -11"><span class='ocrx_word' id='word_1_25' title='bbox 647 915 799 956; x_wconf 79' lang='lat' dir='ltr'>pectore</span> <span class='ocrx_word' id='word_1_26' title='bbox 825 924 845 945; x_wconf 84' lang='lat' dir='ltr'><strong>a</strong></span> <span class='ocrx_word' id='word_1_27' title='bbox 870 912 991 945; x_wconf 84' lang='lat' dir='ltr'><strong>medio</strong></span> <span class='ocrx_word' id='word_1_28' title='bbox 1017 912 1096 956; x_wconf 86' lang='lat' dir='ltr'><strong>rapi</strong></span> 
     </span>
     <span class='ocr_line' id='line_1_13' title="bbox 647 968 1049 1013; baseline 0.002 -12"><span class='ocrx_word' id='word_1_29' title='bbox 647 968 814 1012; x_wconf 75' lang='lat' dir='ltr'><strong>spolium,</strong></span> <span class='ocrx_word' id='word_1_30' title='bbox 842 972 879 1002; x_wconf 85' lang='lat' dir='ltr'><strong>et</strong></span> <span class='ocrx_word' id='word_1_31' title='bbox 905 969 1049 1013; x_wconf 72' lang='lat' dir='ltr'>sagittis</span> 
     </span>
     <span class='ocr_line' id='line_1_14' title="bbox 648 1027 949 1069; baseline 0 -10"><span class='ocrx_word' id='word_1_32' title='bbox 648 1027 744 1059; x_wconf 86' lang='lat' dir='ltr'><strong>nube</strong></span> <span class='ocrx_word' id='word_1_33' title='bbox 774 1037 949 1069; x_wconf 83' lang='lat' dir='ltr'><strong>percussa</strong></span> 
     </span>
     <span class='ocr_line' id='line_1_15' title="bbox 649 1082 975 1128; baseline 0 -11"><span class='ocrx_word' id='word_1_34' title='bbox 649 1082 875 1128; x_wconf 84' lang='lat' dir='ltr'><strong>Stymphalis</strong></span> <span class='ocrx_word' id='word_1_35' title='bbox 901 1083 975 1118; x_wconf 84' lang='lat' dir='ltr'><strong>alto</strong></span> 
     </span>
     <span class='ocr_line' id='line_1_16' title="bbox 649 1140 927 1175; baseline 0.007 -2"><span class='ocrx_word' id='word_1_36' title='bbox 649 1140 789 1174; x_wconf 76' lang='lat' dir='ltr'><strong>decidit</strong></span> <span class='ocrx_word' id='word_1_37' title='bbox 814 1141 927 1175; x_wconf 86' lang='lat' dir='ltr'><strong>caelo.</strong></span> 
     </span>
     <span class='ocr_line' id='line_1_17' title="bbox 649 1198 978 1243; baseline 0.006 -12"><span class='ocrx_word' id='word_1_38' title='bbox 649 1198 831 1242; x_wconf 83' lang='lat' dir='ltr'><strong>arborque</strong></span> <span class='ocrx_word' id='word_1_39' title='bbox 859 1199 978 1243; x_wconf 82' lang='lat' dir='ltr'><strong>pomis</strong></span> 
     </span>
     <span class='ocr_line' id='line_1_18' title="bbox 649 1255 925 1291; baseline 0.004 -2"><span class='ocrx_word' id='word_1_40' title='bbox 649 1255 779 1291; x_wconf 80' lang='lat' dir='ltr'><strong>fertilis</strong></span> <span class='ocrx_word' id='word_1_41' title='bbox 805 1256 925 1290; x_wconf 79' lang='lat' dir='ltr'><strong>aureis</strong></span> 
     </span>
     <span class='ocr_line' id='line_1_19' title="bbox 650 1313 974 1348; baseline -0.003 0"><span class='ocrx_word' id='word_1_42' title='bbox 650 1313 824 1348; x_wconf 86' lang='lat' dir='ltr'><strong>extimuit</strong></span> <span class='ocrx_word' id='word_1_43' title='bbox 846 1325 974 1348; x_wconf 84' lang='lat' dir='ltr'><strong>manus</strong></span> 
     </span>
     <span class='ocr_line' id='line_1_20' title="bbox 649 1370 921 1415; baseline 0 -11"><span class='ocrx_word' id='word_1_44' title='bbox 649 1370 794 1405; x_wconf 84' lang='lat' dir='ltr'><strong>insueta</strong></span> <span class='ocrx_word' id='word_1_45' title='bbox 819 1371 921 1415; x_wconf 89' lang='lat' dir='ltr'><strong>carpi</strong></span> 
     </span>
     <span class='ocr_line' id='line_1_21' title="bbox 650 1428 1011 1472; baseline 0 -10"><span class='ocrx_word' id='word_1_46' title='bbox 650 1428 817 1472; x_wconf 79' lang='lat' dir='ltr'><strong>fugitque</strong></span> <span class='ocrx_word' id='word_1_47' title='bbox 843 1428 879 1462; x_wconf 89' lang='lat' dir='ltr'><strong>in</strong></span> <span class='ocrx_word' id='word_1_48' title='bbox 905 1439 1011 1462; x_wconf 78' lang='lat' dir='ltr'><strong>auras</strong></span> 
     </span>
     <span class='ocr_line' id='line_1_22' title="bbox 649 1486 925 1520; baseline 0.004 -1"><span class='ocrx_word' id='word_1_49' title='bbox 649 1486 787 1520; x_wconf 86' lang='lat' dir='ltr'><strong>leviore</strong></span> <span class='ocrx_word' id='word_1_50' title='bbox 812 1497 925 1520; x_wconf 86' lang='lat' dir='ltr'><strong>ramo.</strong></span> 
     </span>
     <span class='ocr_line' id='line_1_23' title="bbox 651 1542 975 1578; baseline 0.003 -2"><span class='ocrx_word' id='word_1_51' title='bbox 651 1542 791 1577; x_wconf 85' lang='lat' dir='ltr'><strong>audivit</strong></span> <span class='ocrx_word' id='word_1_52' title='bbox 814 1543 975 1578; x_wconf 79' lang='lat' dir='ltr'><strong>sonitum</strong></span> 
     </span>
     <span class='ocr_line' id='line_1_24' title="bbox 653 1600 1004 1644; baseline 0.006 -11"><span class='ocrx_word' id='word_1_53' title='bbox 653 1600 859 1644; x_wconf 76' lang='lat' dir='ltr'><strong>crepitante</strong></span> <span class='ocrx_word' id='word_1_54' title='bbox 884 1600 1004 1635; x_wconf 89' lang='lat' dir='ltr'><strong>lamna</strong></span> 
     </span>
     <span class='ocr_line' id='line_1_25' title="bbox 651 1655 957 1701; baseline 0.007 -11"><span class='ocrx_word' id='word_1_55' title='bbox 651 1655 806 1701; x_wconf 84' lang='lat' dir='ltr'><strong>frigidus</strong></span> <span class='ocrx_word' id='word_1_56' title='bbox 832 1660 957 1692; x_wconf 82' lang='lat' dir='ltr'><strong>custos</strong></span> 
     </span>
     <span class='ocr_line' id='line_1_26' title="bbox 652 1713 953 1758; baseline 0.003 -11"><span class='ocrx_word' id='word_1_57' title='bbox 652 1713 796 1748; x_wconf 79' lang='lat' dir='ltr'><strong>nescius</strong></span> <span class='ocrx_word' id='word_1_58' title='bbox 825 1714 953 1758; x_wconf 82' lang='lat' dir='ltr'><strong>somni,</strong></span> 
     </span>
     <span class='ocr_line' id='line_1_27' title="bbox 650 1771 1046 1816; baseline 0.008 -12"><span class='ocrx_word' id='word_1_59' title='bbox 650 1771 836 1816; x_wconf 78' lang='lat' dir='ltr'><strong>linqueret</strong></span> <span class='ocrx_word' id='word_1_60' title='bbox 863 1783 947 1806; x_wconf 86' lang='lat' dir='ltr'><strong>cum</strong></span> <span class='ocrx_word' id='word_1_61' title='bbox 973 1773 1046 1807; x_wconf 89' lang='lat' dir='ltr'><strong>iam</strong></span> 
     </span>
     <span class='ocr_line' id='line_1_28' title="bbox 651 1829 1036 1865; baseline 0.008 -3"><span class='ocrx_word' id='word_1_62' title='bbox 651 1839 779 1863; x_wconf 84' lang='lat' dir='ltr'><strong>nemus</strong></span> <span class='ocrx_word' id='word_1_63' title='bbox 806 1841 913 1864; x_wconf 89' lang='lat' dir='ltr'><strong>omne</strong></span> <span class='ocrx_word' id='word_1_64' title='bbox 938 1829 1036 1865; x_wconf 91' lang='lat' dir='ltr'><strong>fulvo</strong></span> 
     </span>
     <span class='ocr_line' id='line_1_29' title="bbox 651 1887 960 1932; baseline 0.003 -11"><span class='ocrx_word' id='word_1_65' title='bbox 651 1887 781 1932; x_wconf 80' lang='lat' dir='ltr'><strong>plenus</strong></span> <span class='ocrx_word' id='word_1_66' title='bbox 806 1887 960 1922; x_wconf 83' lang='lat' dir='ltr'><strong>Alcides</strong></span> 
     </span>
     <span class='ocr_line' id='line_1_30' title="bbox 651 1945 993 1980; baseline 0.003 -2"><span class='ocrx_word' id='word_1_67' title='bbox 651 1955 808 1979; x_wconf 87' lang='lat' dir='ltr'><strong>vacuum</strong></span> <span class='ocrx_word' id='word_1_68' title='bbox 832 1945 993 1980; x_wconf 82' lang='lat' dir='ltr'><strong>metallo.</strong></span> 
     </span>
     <span class='ocr_line' id='line_1_31' title="bbox 651 2001 1034 2037; baseline 0 -1"><span class='ocrx_word' id='word_1_69' title='bbox 651 2004 794 2036; x_wconf 77' lang='lat' dir='ltr'><strong>tractus</strong></span> <span class='ocrx_word' id='word_1_70' title='bbox 819 2001 865 2036; x_wconf 87' lang='lat' dir='ltr'><strong>ad</strong></span> <span class='ocrx_word' id='word_1_71' title='bbox 891 2002 1034 2037; x_wconf 87' lang='lat' dir='ltr'><strong>caelum</strong></span> 
     </span>
     <span class='ocr_line' id='line_1_32' title="bbox 653 2059 980 2094; baseline 0 -1"><span class='ocrx_word' id='word_1_72' title='bbox 653 2059 754 2094; x_wconf 78' lang='lat' dir='ltr'><strong>canis</strong></span> <span class='ocrx_word' id='word_1_73' title='bbox 778 2059 980 2094; x_wconf 87' lang='lat' dir='ltr'><strong>inferorum</strong></span> 
     </span>
     <span class='ocr_line' id='line_1_33' title="bbox 653 2117 949 2162; baseline 0.003 -11"><span class='ocrx_word' id='word_1_74' title='bbox 653 2117 792 2162; x_wconf 81' lang='lat' dir='ltr'><strong>triplici</strong></span> <span class='ocrx_word' id='word_1_75' title='bbox 818 2120 949 2152; x_wconf 86' lang='lat' dir='ltr'><strong>catena</strong></span> 
     </span>
     <span class='ocr_line' id='line_1_34' title="bbox 653 2174 960 2210; baseline 0 -2"><span class='ocrx_word' id='word_1_76' title='bbox 653 2174 770 2209; x_wconf 82' lang='lat' dir='ltr'><strong>tacuit</strong></span> <span class='ocrx_word' id='word_1_77' title='bbox 793 2186 861 2210; x_wconf 87' lang='lat' dir='ltr'><strong>nec</strong></span> <span class='ocrx_word' id='word_1_78' title='bbox 887 2174 960 2209; x_wconf 85' lang='lat' dir='ltr'><strong>ullo</strong></span> 
     </span>
     <span class='ocr_line' id='line_1_35' title="bbox 651 2231 888 2266; baseline 0.004 -1"><span class='ocrx_word' id='word_1_79' title='bbox 651 2231 799 2266; x_wconf 79' lang='lat' dir='ltr'><strong>latravit</strong></span> <span class='ocrx_word' id='word_1_80' title='bbox 824 2243 888 2266; x_wconf 89' lang='lat' dir='ltr'><strong>ore</strong></span> 
     </span>
    </p>

    <p class='ocr_par' dir='ltr' id='par_1_3' title="bbox 651 2289 1203 2666">
     <span class='ocr_line' id='line_1_36' title="bbox 651 2289 918 2334; baseline 0.007 -12"><span class='ocrx_word' id='word_1_81' title='bbox 651 2289 744 2324; x_wconf 80' lang='lat' dir='ltr'><strong>lucis</strong></span> <span class='ocrx_word' id='word_1_82' title='bbox 769 2289 918 2334; x_wconf 82' lang='lat' dir='ltr'><strong>ignotae</strong></span> 
     </span>
     <span class='ocr_line' id='line_1_37' title="bbox 652 2345 1020 2381; baseline 0.003 -1"><span class='ocrx_word' id='word_1_83' title='bbox 652 2348 821 2381; x_wconf 78' lang='lat' dir='ltr'><strong>metuens</strong></span> <span class='ocrx_word' id='word_1_84' title='bbox 847 2345 1020 2381; x_wconf 85' lang='lat' dir='ltr'><strong>colorem.</strong></span> 
     </span>
     <span class='ocr_line' id='line_1_38' title="bbox 653 2402 1036 2438; baseline 0 0"><span class='ocrx_word' id='word_1_85' title='bbox 653 2406 690 2438; x_wconf 86' lang='lat' dir='ltr'><strong>te</strong></span> <span class='ocrx_word' id='word_1_86' title='bbox 717 2402 811 2437; x_wconf 87' lang='lat' dir='ltr'><strong>duce</strong></span> <span class='ocrx_word' id='word_1_87' title='bbox 839 2403 1036 2438; x_wconf 75' lang='lat' dir='ltr'><strong>succubuit</strong></span> 
     </span>
     <span class='ocr_line' id='line_1_39' title="bbox 654 2458 1203 2496; baseline 0.002 -3"><span class='ocrx_word' id='word_1_88' title='bbox 654 2459 812 2494; x_wconf 80' lang='lat' dir='ltr'><strong>mendax</strong></span> <span class='ocrx_word' id='word_1_89' title='bbox 837 2458 1047 2496; x_wconf 83' lang='lat' dir='ltr'><strong>Dardaniae</strong></span> <span class='ocrx_word' id='word_1_90' title='bbox 1073 2460 1203 2495; x_wconf 82' lang='lat' dir='ltr'><strong>domus</strong></span> 
     </span>
     <span class='ocr_line' id='line_1_40' title="bbox 654 2517 961 2551; baseline -0.003 0"><span class='ocrx_word' id='word_1_91' title='bbox 654 2519 692 2551; x_wconf 88' lang='lat' dir='ltr'><strong>et</strong></span> <span class='ocrx_word' id='word_1_92' title='bbox 716 2517 830 2551; x_wconf 81' lang='lat' dir='ltr'><strong>sensit</strong></span> <span class='ocrx_word' id='word_1_93' title='bbox 854 2528 961 2551; x_wconf 80' lang='lat' dir='ltr'><strong>arcus</strong></span> 
     </span>
     <span class='ocr_line' id='line_1_41' title="bbox 653 2573 1013 2618; baseline 0.006 -11"><span class='ocrx_word' id='word_1_94' title='bbox 653 2574 787 2608; x_wconf 89' lang='lat' dir='ltr'><strong>iterum</strong></span> <span class='ocrx_word' id='word_1_95' title='bbox 811 2573 1013 2618; x_wconf 79' lang='lat' dir='ltr'><strong>timendos;</strong></span> 
     </span>
     <span class='ocr_line' id='line_1_42' title="bbox 653 2630 999 2666; baseline 0.003 -1"><span class='ocrx_word' id='word_1_96' title='bbox 653 2633 691 2665; x_wconf 79' lang='lat' dir='ltr'><strong>te</strong></span> <span class='ocrx_word' id='word_1_97' title='bbox 714 2630 809 2665; x_wconf 87' lang='lat' dir='ltr'><strong>duce</strong></span> <span class='ocrx_word' id='word_1_98' title='bbox 835 2630 999 2666; x_wconf 85' lang='lat' dir='ltr'><strong>concidit</strong></span> 
     </span>
    </p>
   </div>
   <div class='ocr_carea' id='block_1_3' title="bbox 653 2687 1030 2789">
    <p class='ocr_par' dir='ltr' id='par_1_4' title="bbox 653 2687 1030 2789">
     <span class='ocr_line' id='line_1_43' title="bbox 653 2687 964 2722; baseline 0 0"><span class='ocrx_word' id='word_1_99' title='bbox 653 2687 809 2722; x_wconf 85' lang='lat' dir='ltr'><strong>totidem</strong></span> <span class='ocrx_word' id='word_1_100' title='bbox 834 2687 964 2722; x_wconf 77' lang='lat' dir='ltr'><strong>diebus</strong></span> 
     </span>
     <span class='ocr_line' id='line_1_44' title="bbox 654 2744 1030 2789; baseline 0.003 -11"><span class='ocrx_word' id='word_1_101' title='bbox 654 2744 774 2788; x_wconf 86' lang='lat' dir='ltr'><strong>Troia,</strong></span> <span class='ocrx_word' id='word_1_102' title='bbox 803 2748 893 2789; x_wconf 88' lang='lat' dir='ltr'><strong>quot</strong></span> <span class='ocrx_word' id='word_1_103' title='bbox 917 2745 1030 2779; x_wconf 81' lang='lat' dir='ltr'><strong>annis.</strong></span> 
     </span>
    </p>
   </div>
   <div class='ocr_carea' id='block_1_4' title="bbox 242 2818 1752 3008">
    <p class='ocr_par' dir='ltr' id='par_1_5' title="bbox 242 2818 1752 3008">
     <span class='ocr_line' id='line_1_45' title="bbox 355 2818 1751 2874; baseline -0.002 -12"><span class='ocrx_word' id='word_1_104' title='bbox 355 2821 446 2862; x_wconf 86' lang='lat' dir='ltr'><strong>Iam</strong></span> <span class='ocrx_word' id='word_1_105' title='bbox 480 2834 608 2874; x_wconf 87' lang='lat' dir='ltr'><strong>quam</strong></span> <span class='ocrx_word' id='word_1_106' title='bbox 640 2818 925 2861; x_wconf 84' lang='lat' dir='ltr'><strong>multiformes</strong></span> <span class='ocrx_word' id='word_1_107' title='bbox 956 2819 1117 2860; x_wconf 83' lang='lat' dir='ltr'><strong>fuerint</strong></span> <span class='ocrx_word' id='word_1_108' title='bbox 1146 2819 1190 2860; x_wconf 91' lang='lat' dir='ltr'><strong>in</strong></span> <span class='ocrx_word' id='word_1_109' title='bbox 1221 2819 1370 2860; x_wconf 84' lang='lat' dir='ltr'><strong>metris</strong></span> <span class='ocrx_word' id='word_1_110' title='bbox 1402 2819 1544 2860; x_wconf 90' lang='lat' dir='ltr'><strong>Latini</strong></span> <span class='ocrx_word' id='word_1_111' title='bbox 1582 2819 1751 2870; x_wconf 88' lang='lat' dir='ltr'><strong>nemini,</strong></span> 
     </span>
     <span class='ocr_line' id='line_1_46' title="bbox 242 2887 1752 2943; baseline -0.001 -13"><span class='ocrx_word' id='word_1_112' title='bbox 242 2890 405 2943; x_wconf 82' lang='lat' dir='ltr'><strong>opinor,</strong></span> <span class='ocrx_word' id='word_1_113' title='bbox 438 2890 521 2931; x_wconf 87' lang='lat' dir='ltr'><strong>erit</strong></span> <span class='ocrx_word' id='word_1_114' title='bbox 543 2889 785 2931; x_wconf 87' lang='lat' dir='ltr'><strong>obscurum.</strong></span> <span class='ocrx_word' id='word_1_115' title='bbox 831 2887 1056 2942; x_wconf 85' lang='lat' dir='ltr'><strong>quodsicui</strong></span> <span class='ocrx_word' id='word_1_116' title='bbox 1084 2902 1136 2929; x_wconf 88' lang='lat' dir='ltr'><strong>ne</strong></span> <span class='ocrx_word' id='word_1_117' title='bbox 1157 2888 1266 2929; x_wconf 84' lang='lat' dir='ltr'><strong>haec</strong></span> <span class='ocrx_word' id='word_1_118' title='bbox 1288 2887 1459 2941; x_wconf 79' lang='lat' dir='ltr'><strong>quidem</strong></span> <span class='ocrx_word' id='word_1_119' title='bbox 1483 2887 1586 2928; x_wconf 82' lang='lat' dir='ltr'><strong>satis</strong></span> <span class='ocrx_word' id='word_1_120' title='bbox 1609 2887 1752 2942; x_wconf 85' lang='lat' dir='ltr'><strong>ampla</strong></span> 
     </span>
     <span class='ocr_line' id='line_1_47' title="bbox 242 2956 1752 3008; baseline -0.001 -9"><span class='ocrx_word' id='word_1_121' title='bbox 242 2958 459 3000; x_wconf 79' lang='lat' dir='ltr'><strong>videbitur</strong></span> <span class='ocrx_word' id='word_1_122' title='bbox 492 2972 585 3000; x_wconf 80' lang='lat' dir='ltr'><strong>esse</strong></span> <span class='ocrx_word' id='word_1_123' title='bbox 616 2958 721 2999; x_wconf 81' lang='lat' dir='ltr'><strong>artis</strong></span> <span class='ocrx_word' id='word_1_124' title='bbox 751 2957 952 3008; x_wconf 84' lang='lat' dir='ltr'><strong>varietas,</strong></span> <span class='ocrx_word' id='word_1_125' title='bbox 984 2956 1123 2999; x_wconf 89' lang='lat' dir='ltr'><strong>denuo</strong></span> <span class='ocrx_word' id='word_1_126' title='bbox 1147 2957 1338 2999; x_wconf 80' lang='lat' dir='ltr'><strong>excutiat</strong></span> <span class='ocrx_word' id='word_1_127' title='bbox 1360 2956 1559 2998; x_wconf 83' lang='lat' dir='ltr'><strong>metricos</strong></span> <span class='ocrx_word' id='word_1_128' title='bbox 1586 2959 1752 2998; x_wconf 80' lang='lat' dir='ltr'><strong>veteres</strong></span> 
     </span>
    </p>
   </div>
  </div>
 </body>
</html>
