1898 3292
732 281 851 305 LIBER
869 281 1043 306 TERTIVS.
1560 271 1641 309 263

138 386 357 426 scaenicos
389 388 579 425 vetustos
610 397 788 437 perraro
833 383 1000 423 evenire
1043 382 1351 423 demonstravit
1383 381 1642 422 Ritschelius

137 454 260 509 [prol.
293 453 406 494 Trin.
440 454 559 507 2lo],
600 452 666 493 vel
709 451 941 492 iambicum
973 465 1068 492 cum
1100 450 1329 505 plusquam
1359 450 1568 504 disyllabo
1599 450 1643 490 in

136 522 326 564 iambum
357 525 557 572 exeunte,
590 520 705 574 quod
735 534 819 561 non
853 520 989 573 magis
1021 523 1085 561 est
1114 519 1317 572 frequens
1346 520 1407 573 (et
1436 519 1643 572 pleraque

137 590 333 644 exempla
362 589 588 642 utriusque
620 589 819 630 licentiae
850 588 1092 641 corrupta),
1135 587 1251 641 apud
1293 586 1528 642 dactylicos
1557 600 1643 628 non

137 659 218 700 fuit
246 658 489 699 inauditum
526 658 592 712 [ut
622 657 724 698 Hor.
757 671 821 710 ep.
859 661 892 707 1,
928 660 1000 708 153
1033 660 1069 707 9,
1104 659 1176 708 333
1213 660 1246 706 l,
1283 656 1370 710 13],
1413 655 1486 708 qui
1522 655 1642 706 adeo,

137 728 172 768 si
202 727 300 781 puri
331 730 374 768 et
409 740 434 767 a
455 725 644 780 spondeo
667 725 795 766 alieni
824 728 1088 778 ponerentur
1117 724 1262 775 iambi,
1295 723 1526 777 aliquando
1559 724 1645 765 tria

135 796 179 836 in
221 795 414 837 clausula
452 795 579 837 metri
622 793 879 848 copularunt
910 793 1042 835 verba
1079 792 1265 834 iambica
1305 792 1376 848 [cf.
1408 792 1544 846 priap.
1575 795 1641 844 82,

140 868 212 916 193
246 864 330 918 21].

250 932 444 985 Denique
476 931 592 985 quod
624 931 840 972 Porsonus
879 930 1122 972 observavit
1163 931 1206 970 in
1245 929 1424 984 tragicis
1457 929 1643 971 Graeco-

136 1015 231 1042 rum
272 1000 479 1041 trimetris
525 999 676 1055 [praef.
709 999 873 1040 Hecub.
906 1015 943 1052 p.
978 1002 1028 1040 32
1072 998 1135 1039 ed.
1169 998 1304 1052 Lips]
1352 997 1644 1052 paenultimae

137 1068 250 1110 sedis
292 1068 527 1122 spondeum
567 1082 651 1110 non
692 1067 866 1109 confieri
902 1067 1077 1109 vocibus
1118 1066 1215 1121 plus
1258 1080 1387 1120 quam
1432 1066 1643 1121 monosyl-

135 1137 237 1179 laba
268 1141 311 1179 et
340 1137 521 1187 cretica,
567 1137 612 1178 id
651 1150 735 1177 non
773 1136 951 1189 perinde
984 1135 1038 1177 ad
1071 1136 1278 1177 Senecam
1308 1135 1516 1188 pertinet,
1560 1148 1644 1176 non

135 1210 279 1247 tamen
307 1209 355 1247 ut
377 1205 513 1246 ausim
536 1204 766 1255 affirmare,
797 1204 1122 1257 neglegentiane
1143 1203 1287 1257 potius
1311 1216 1365 1244 an
1387 1203 1644 1244 necessitate

135 1274 236 1315 huic
265 1273 474 1327 migretur
504 1286 675 1323 norma,
718 1273 876 1326 quippe
916 1286 1045 1325 quam
1082 1285 1160 1312 nec
1192 1271 1442 1325 frequenter
1472 1271 1646 1313 violarit

136 1346 180 1383 et
229 1341 379 1383 addita
422 1342 676 1396 plerumque
721 1342 1008 1382 excusatione.
1085 1344 1215 1394 atque
1261 1339 1464 1391 eundem,
1517 1353 1644 1393 quem

135 1411 335 1464 tragicis,
376 1409 633 1451 Archilocho
674 1410 916 1463 ceterisque
957 1409 1096 1463 poetis
1127 1408 1323 1450 iambicis
1355 1408 1487 1450 fuisse
1520 1422 1642 1450 usum

136 1479 445 1521 demonstravit
489 1478 727 1520 Meinekius
778 1477 932 1533 [praef.
964 1478 1067 1519 Hor.
1098 1491 1166 1531 pg.
1199 1476 1468 1531 XXXVIIH,
1517 1490 1643 1530 quem

134 1552 278 1590 tamen
309 1547 515 1589 Horatius
548 1560 631 1588 non
664 1547 907 1589 observavit
938 1547 1019 1587 nisi
1050 1547 1093 1587 in
1125 1546 1262 1600 epodo
1294 1545 1456 1587 ultimo.

250 1616 449 1658 Ceterum
489 1630 599 1670 quae
640 1615 766 1657 modo
809 1615 861 1656 de
901 1615 1108 1656 trimetris
1144 1613 1342 1656 iambicis
1373 1613 1643 1668 protulimus,

136 1699 187 1727 ea
215 1698 526 1738 usquequaque
558 1685 688 1726 etiam
720 1683 775 1725 ad
811 1687 1088 1725 tetrametros
1129 1682 1348 1737 pertinent
1387 1682 1643 1724 trochaicos.

249 1754 402 1795 Restat
429 1757 477 1794 ut
506 1752 855 1807 logaoedicorum
876 1756 1111 1793 metrorum
1139 1750 1365 1805 potissima
1394 1763 1643 1804 persequar.

136 1836 318 1876 quorum
360 1825 496 1863 artem
538 1835 563 1862 a
601 1821 758 1862 Laevio
801 1825 843 1862 et
883 1820 1051 1862 Catullo
1092 1819 1159 1861 vel
1200 1819 1382 1860 Horatio
1427 1822 1642 1870 novatam,

136 1904 235 1932 mox
281 1890 443 1932 saeculi
487 1905 527 1944 p.
570 1889 666 1931 Chr.
707 1904 745 1930 n.
793 1889 920 1943 primi
967 1888 1250 1942 scriptoribus
1297 1886 1555 1941 perpolitam
1602 1890 1645 1928 et

137 1959 360 2000 christiani
391 1958 645 2013 plerumque
677 1957 906 2011 diligenter
939 1960 1175 1998 servarunt.
1237 1969 1367 2009 quam
1406 1955 1533 2009 primi
1566 1955 1642 1996 mi-

137 2041 283 2081 grasse
311 2027 586 2068 inveniuntur
625 2026 854 2077 neoterici,
901 2026 974 2079 qui
1019 2038 1148 2078 saepe
1186 2038 1264 2078 per
1297 2024 1528 2073 levitatem,
1568 2022 1644 2064 ali-

137 2095 309 2149 quando
356 2095 498 2136 studio
545 2108 595 2136 ac
633 2094 854 2135 voluntate
900 2093 1016 2147 leges
1062 2092 1298 2147 rythmicas
1337 2092 1444 2133 artis
1488 2091 1645 2132 veteris

135 2167 369 2215 mutarunt,
402 2177 496 2204 cum
530 2162 755 2204 crederent
784 2166 832 2203 ut
860 2161 1037 2203 barbari
1068 2160 1267 2202 sufficere
1298 2159 1355 2201 ad
1384 2160 1520 2202 iustos
1551 2173 1642 2201 ver-

137 2246 260 2273 suum
291 2231 538 2273 efficiendos
569 2230 764 2272 modulos
794 2230 1010 2283 legitimas
1041 2228 1239 2270 adhiberi
1268 2228 1546 2282 quantitates.

250 2300 388 2354 Igitur
419 2300 463 2341 in
495 2299 701 2354 sapphico
744 2302 880 2340 metro
920 2298 1083 2339 minore
1125 2311 1222 2339 cum
1252 2297 1460 2338 Horatius
1493 2299 1536 2337 et
1567 2295 1645 2338 Ca-

136 2368 269 2410 tullus
308 2381 393 2409 non
431 2371 573 2409 essent
602 2368 719 2421 passi
752 2366 988 2420 spondeum
1020 2366 1253 2408 secundum
1284 2364 1415 2407 verbo
1448 2367 1646 2406 constare

138 2436 393 2490 spondiaco,
433 2436 478 2477 id
520 2436 710 2477 studiose
749 2435 972 2489 optinuere
1004 2435 1292 2488 insequentes.
1352 2447 1452 2474 nam
1489 2446 1541 2474 ex
1573 2433 1645 2483 eis,

139 2518 320 2558 quorum
349 2504 416 2555 his
445 2505 489 2545 in
518 2504 640 2546 libris
662 2504 711 2544 fit
731 2504 904 2555 mentio,
926 2517 979 2544 ne
1002 2503 1205 2544 Paulinus
1228 2502 1400 2556 quidem
1423 2501 1489 2542 vel
1511 2502 1646 2542 Auso-

138 2573 233 2614 nius
255 2576 331 2614 aut
350 2573 613 2614 Fortunatus
634 2572 716 2613 hoc
733 2572 975 2625 migrarunt
994 2575 1274 2625 praeceptum
1291 2584 1430 2624 neque
1448 2573 1647 2610 auctores

139 2641 404 2696 hymnorum,
435 2641 508 2694 qui
528 2640 730 2693 leguntur
751 2639 867 2693 apud
887 2640 1109 2681 Danielem
1143 2640 1235 2694 [963
1268 2642 1368 2690 1463
1400 2642 1498 2690 1473
1534 2637 1645 2690 163}

140 2712 186 2750 at
215 2710 258 2750 in
291 2709 408 2750 exitu
439 2709 565 2749 metri
598 2707 787 2749 eiusdem
820 2721 916 2749 cum
938 2708 1145 2749 Horatius
1176 2711 1242 2749 ter
1275 2707 1529 2748 collocasset
1560 2719 1647 2758 qua

139 2791 224 2819 non
255 2777 357 2819 licet
388 2776 638 2818 condicione
668 2776 964 2831 monosyllaba
996 2776 1201 2829 exemplis
1233 2776 1323 2816 his:

484 2867 662 2901 cardines.
711 2867 813 2900 audis
839 2867 957 2900 minus
985 2870 1022 2900 et
1046 2867 1165 2900 minus
1190 2867 1272 2899 iam.

487 2923 551 2957 sed
575 2923 695 2968 palam
722 2924 838 2967 captis
863 2923 993 2967 gravis,
1020 2923 1093 2957 heu
1117 2922 1229 2965 nefas,
1254 2922 1336 2956 heu.

485 2980 578 3014 alme
605 2979 679 3023 Sol,
707 2992 815 3014 curru
839 2980 957 3014 nitido
983 2979 1079 3013 diem
1106 2979 1177 3023 qui,
