1898 3292
235 201 313 238 124
836 206 957 230 LIBER
974 206 1128 231 PRIMVS.

348 311 482 363 Leges
512 323 612 351 vero
645 309 754 350 tales
789 308 977 349 instituit
1017 308 1147 357 idem,
1190 311 1238 348 ut
1278 309 1321 347 in
1360 308 1507 361 epodis
1548 307 1742 348 versibus

232 379 396 420 cunctis
427 382 623 420 uteretur
651 392 729 432 pro
770 377 1049 432 asynartetis,
1090 378 1133 417 in
1170 376 1315 431 lyricis
1345 377 1508 417 ionicos
1545 377 1635 431 [HL
1673 377 1740 430 12]

233 452 347 489 totos
380 447 653 488 continuaret
683 461 759 500 per
800 446 1071 501 synaphiam,
1112 449 1278 486 ceteros
1318 448 1486 486 teneret
1518 444 1742 498 ambiguos

230 518 343 557 inter
389 515 598 557 rationem
648 518 899 568 utramque,
948 514 1023 556 sed
1066 514 1238 568 saepius
1281 517 1627 568 asynartetorum
1668 513 1742 554 ad-

232 586 425 626 mitteret
446 584 706 633 libertatem,
728 583 985 637 plenamque
1010 583 1243 638 synaphiae
1263 582 1493 633 licentiam,
1523 582 1741 623 elisionem

231 653 391 694 vocalis
425 653 512 694 sive
544 652 722 694 verbum
756 652 1019 705 discerptum
1050 652 1092 692 in
1118 651 1202 692 fine
1225 665 1385 701 versuS,
1408 665 1492 692 non
1516 650 1743 692 adhiberet

234 722 313 763 nisi
360 736 458 763 raro
505 721 747 762 admodum.
809 720 861 762 de
899 734 985 774 qua
1024 734 1071 762 re
1111 719 1234 761 libris
1275 720 1331 761 IV
1373 722 1415 760 et
1453 719 1515 760 ΙΙΙ
1552 720 1743 760 curatius

232 794 482 844 exponetur.

347 859 436 899 Iam
473 858 589 912 quod
626 872 703 912 ego
735 871 866 911 supra
896 857 1021 911 tetigi
1052 857 1320 898 Aeolensium
1363 860 1641 911 systematum
1681 857 1742 897 in-

237 928 400 969 curiam
432 927 606 968 minimo
637 930 737 981 post
763 926 965 967 Flaccum
997 926 1223 967 intervallo
1257 926 1506 980 optinuisse,
1538 925 1743 979 exemplis

233 995 538 1050 comprobabo.
606 995 738 1049 igitur
785 995 994 1050 synaphia
1037 995 1281 1036 iunctorum
1334 1009 1533 1036 versuum
1578 994 1676 1035 inde
1719 1008 1744 1034 a

234 1065 395 1106 Tiberii
429 1068 572 1106 aetate
604 1068 778 1118 praeter
808 1078 970 1118 paucos
1000 1064 1167 1105 Ionicos
1196 1063 1443 1104 Terentiani
1479 1066 1522 1104 et
1564 1062 1740 1103 alterius

233 1134 422 1175 auctoris
463 1133 686 1187 ignobilis,
734 1147 840 1186 quos
890 1132 1018 1174 affert
1059 1132 1129 1173 hic
1181 1132 1526 1187 [meo—2071]
1580 1130 1743 1172 nullum

236 1217 411 1257 prorsus
444 1205 563 1243 extat
601 1202 827 1255 vestigium
864 1201 945 1242 nisi
976 1201 1017 1242 in
1052 1202 1230 1242 canticis
1264 1199 1521 1254 quibusdam
1555 1200 1743 1240 Senecae

232 1271 411 1313 liberius
460 1270 635 1312 habitis.
702 1270 776 1311 sed
824 1269 950 1311 huius
995 1270 1242 1323 anapaestis
1289 1269 1505 1323 quandam
1555 1268 1744 1309 adfuisse

234 1340 487 1394 synaphiam
510 1339 624 1393 quod
647 1339 801 1380 statuit
822 1338 1054 1389 Bentleius,
1086 1353 1319 1392 numquam
1350 1338 1453 1378 mihi
1475 1336 1743 1391 probabitur.

234 1423 332 1450 nam
364 1409 400 1449 si
428 1408 517 1449 ulla
549 1408 707 1449 certior
737 1408 938 1448 iunctura
969 1408 1012 1448 111
1046 1407 1130 1449 illis
1162 1408 1321 1456 evenit,
1364 1406 1466 1460 quid
1505 1405 1658 1455 facias,
1698 1408 1746 1446 ut

233 1477 389 1518 similia
420 1477 607 1528 mittam,
638 1476 786 1518 metris
819 1476 999 1518 talibus:

819 1559 1010 1601 spargeret
1035 1559 1133 1590 astra

819 1615 1008 1658 nubesque
1034 1614 1142 1658 ipsas.

819 1671 910 1705 colit
935 1671 1102 1715 impense

820 1728 955 1762 femina
978 1728 1107 1772 virque

819 1797 955 1820 numen
979 1796 1176 1830 geminum.

818 1843 898 1877 iura
923 1843 1115 1888 pudorque

820 1903 858 1935 et
885 1900 1057 1945 coniugii.

236 1970 344 2011 haec
378 1970 473 2023 quis
504 1983 708 2022 umquam
742 1969 828 2010 alia
859 1983 988 2023 quam
1009 1969 1118 2010 finiti
1140 1969 1264 2023 plene
1287 1968 1449 2010 ordinis
1472 1969 1748 2009 excusatione

237 2042 353 2080 stare
396 2052 520 2091 posse
566 2038 743 2079 credet?
804 2042 849 2079 at
893 2052 977 2079 non
1023 2038 1086 2079 ita
1130 2037 1381 2091 frequenter
1424 2037 1564 2078 evenit
1605 2036 1748 2078 brevis

237 2106 403 2162 syllaba
439 2107 482 2147 in
513 2106 595 2147 fine
628 2111 975 2160 anapaestorum.
1038 2106 1178 2147 audio.
1241 2120 1319 2148 nec
1348 2110 1493 2147 tamen
1524 2109 1613 2147 tam
1647 2119 1747 2146 raro

238 2190 366 2229 quam
396 2176 576 2216 visumst
597 2175 792 2216 Bentleio
820 2175 891 2230 [de
913 2175 1032 2216 Phal.
1056 2189 1119 2229 ep.
1143 2189 1210 2230 pg.
1229 2179 1307 2217 186
1326 2188 1416 2228 sqq.
1440 2173 1504 2215 ed.
1528 2174 1747 2228 german}

238 2248 303 2286 est
334 2248 478 2285 autem
509 2243 618 2285 haec
652 2257 803 2285 norma
835 2244 1040 2297 antiquae
1072 2245 1191 2294 artis,
1223 2247 1270 2284 ut
1301 2243 1366 2284 vel
1395 2257 1472 2296 per
1504 2256 1548 2284 se
1584 2246 1748 2283 stantes

238 2327 288 2353 ac
317 2312 453 2353 libere
492 2312 707 2366 agitantes
746 2312 929 2363 numeri,
973 2313 1007 2353 si
1046 2312 1198 2354 breves
1241 2312 1326 2353 sint
1367 2311 1491 2353 nimis
1534 2326 1611 2353 nec
1654 2326 1748 2365 pro-

236 2381 386 2435 pinqui
407 2380 685 2434 longioribus,
717 2381 835 2422 nulla
866 2395 997 2422 causa
1030 2384 1195 2435 aperta,
1228 2380 1302 2422 sed
1325 2394 1486 2421 arcana
1509 2379 1748 2433 elegantiae

237 2451 331 2503 lege
364 2449 599 2490 communis
630 2449 770 2490 finalis
801 2449 1097 2503 infrequenter
1128 2449 1329 2490 fruantur
1360 2449 1576 2490 libertate.

353 2518 586 2559 Praeterea
617 2517 826 2571 sapphica
858 2517 1031 2571 quidem
1064 2517 1244 2572 stropha
1275 2517 1492 2571 aequabili
1522 2517 1576 2558 ad
1598 2516 1750 2558 ultima

238 2602 374 2641 usque
406 2590 603 2640 tempora
633 2601 714 2627 usu
755 2587 910 2640 viguit,
953 2586 1029 2628 sed
1070 2586 1157 2628 alia
1196 2586 1387 2628 eiusdem
1418 2585 1587 2627 Horatii
1616 2589 1749 2640 syste-

237 2661 355 2697 mata
399 2655 694 2709 tetrastropha
739 2655 812 2708 qui
857 2655 1105 2697 adhibuerit
1145 2669 1229 2696 non
1267 2654 1456 2705 invenio,
1502 2654 1583 2695 nisi
1620 2653 1751 2694 semel

240 2725 450 2766 alcaicum
482 2724 659 2775 Statius,
692 2724 874 2765 Severus
905 2724 1039 2778 [anth.
1063 2723 1089 2764 l.
1113 2724 1160 2764 R.
1185 2724 1285 2778 893]
1315 2723 1423 2764 illud
1444 2723 1559 2776 quod
1582 2726 1751 2763 constat

239 2792 521 2846 asclepiadeis
567 2792 705 2833 tribus
752 2796 794 2833 et
835 2807 920 2833 uno
965 2793 1181 2846 glyconeo.
1254 2792 1369 2845 quod
1413 2795 1455 2833 et
1498 2792 1541 2832 in
1583 2790 1750 2845 hymnis

238 2861 435 2915 pauculis
476 2861 705 2914 reperitur.
766 2860 928 2901 relicua
968 2874 1069 2902 vero
1113 2864 1251 2902 metra
1287 2860 1461 2902 Aeolica
1498 2873 1594 2900 cum
1629 2863 1750 2900 tanta

241 2934 334 2972 arte
357 2933 565 2984 tantoque
586 2929 745 2971 iudicio
768 2929 950 2971 fuissent
973 2929 1089 2971 culta
1112 2929 1166 2970 ab
1190 2929 1384 2980 Horatio,
1405 2942 1582 2982 prorsus
1605 2927 1750 2969 abiere
