1898 3292
751 268 870 293 LIBER
889 267 1097 292 SECVNDVS.
1598 258 1611 295 1
1626 259 1670 295 71

936 371 1077 402 tantum
1103 368 1268 402 osculum

447 427 633 470 impressit
658 437 779 459 unum.
827 423 939 459 ‘vale⁷
967 426 1017 459 ait
1039 421 1294 459 ‘dulcissime'.

448 483 622 527 permitto
648 494 776 517 vocem
800 482 915 517 libere
942 484 982 516 ut
1005 493 1189 516 exerceas.

446 540 502 573 his
530 540 695 574 membra
720 541 879 583 pergunt
904 550 1020 582 urere,
1046 542 1087 573 ut
1111 539 1316 583 igniverint,

448 608 714 641 quamcumque
738 599 881 640 partem
908 596 1074 640 corporis
1100 596 1242 629 fervens
1268 599 1355 629 nota

448 653 641 698 stigmarit,
666 653 759 686 hanc
787 653 838 686 sic
865 655 1117 686 consecratam
1143 652 1369 696 praedicant.

174 736 284 775 quae
315 722 510 763 hiatuum
541 722 671 763 etiam
698 721 906 762 uastitate
938 720 1146 761 deformia
1175 721 1236 761 sic
1263 724 1362 762 suut
1393 721 1678 774 persananda,

174 794 222 831 ut
253 790 469 832 scribatur
497 790 635 844 primo
669 789 764 830 loco
810 788 939 830 ‘salve
970 786 1048 829 ae't’
1094 789 1326 830 secundum
1363 789 1469 830 illud
1502 789 1679 841 Vergilii

174 861 284 914 [aen.
317 859 389 909 XI,
413 862 488 910 973
523 858 573 899 cf.
598 858 713 899 Serv.
737 857 791 898 ad
822 857 848 898 1.
880 857 925 912 1.]
968 855 1097 898 ‘salve
1127 864 1337 898 aelernum
1369 861 1476 906 milei,
1507 861 1680 898 masdrae

175 931 302 976 Palla,
334 933 623 978 aeternumque
644 923 773 974 πεῖθ’,
804 924 990 967 secundo
1015 924 1161 967 ‘libere
1182 932 1226 966 ut
1248 923 1328 974 Μ’,
1363 925 1492 966 tertio
1537 924 1611 974 ‘ut,
1644 929 1680 965 δι’

173 999 393 1047 ifflze'verint
422 1019 477 1025 —
502 992 790 1045 praedicens.
852 993 991 1034 minus
1021 993 1244 1047 aliquanto
1279 994 1415 1048 rigide
1453 997 1681 1035 servarunt

171 1064 310 1117 legem
352 1063 563 1104 Martialis
604 1066 646 1103 et
680 1063 845 1103 Seneca
888 1065 931 1102 et
971 1062 1266 1103 Terentianus.
1326 1062 1492 1103 medius
1536 1065 1679 1102 autem

172 1135 401 1185 utramque
432 1132 544 1173 inter
574 1145 766 1172 normam
797 1130 1004 1171 Horatius
1040 1131 1113 1184 qui
1142 1134 1317 1185 praeter
1348 1130 1544 1184 exempla
1575 1145 1680 1183 pau-

175 1201 346 1241 cissima
366 1200 494 1254 primi
516 1199 637 1254 pedis
658 1199 725 1240 bis
747 1213 940 1240 normam
963 1200 1165 1253 migravit
1185 1200 1248 1241 ita
1269 1200 1352 1254 [ep.
1372 1203 1408 1251 2,
1428 1203 1503 1251 233
1529 1203 1564 1250 5,
1584 1199 1678 1253 87];

449 1280 540 1314 libet
564 1280 684 1314 iacere
710 1279 813 1312 modo
839 1280 905 1314 sub
933 1280 1082 1324 antiqua
1106 1280 1201 1323 ilice,

516 1337 627 1371 modo
651 1337 688 1370 in
716 1336 837 1370 tenaci
861 1337 1035 1381 gramine.

446 1405 586 1428 venena
610 1404 718 1437 maya
743 1405 815 1427 non
840 1394 893 1427 fas
922 1394 1105 1438 nefasque,
1132 1405 1204 1428 non
1231 1395 1354 1429 valent

516 1453 730 1485 convertere
755 1451 949 1484 humanam
975 1452 1102 1485 vicem.

174 1534 285 1574 quae
318 1519 526 1561 vocabulo
557 1519 714 1560 iniecto
738 1533 892 1573 graeco
915 1520 981 1561 vel
1003 1521 1217 1574 geminato
1238 1520 1311 1561 illo
1334 1520 1450 1573 quod
1471 1523 1536 1561 est
1566 1524 1680 1560 modo

172 1589 335 1630 habent
379 1588 712 1629 excusationem.
775 1592 966 1630 ceterum
1008 1588 1144 1630 altero
1171 1589 1265 1630 loco
1299 1588 1339 1629 in
1372 1587 1493 1629 libris
1523 1587 1680 1642 legitur

172 1671 359 1709 massylum
391 1661 476 1708 fas.

286 1737 375 1777 Iam
415 1735 680 1777 diversorum
727 1736 885 1790 pedum
924 1737 1158 1779 varietates
1200 1740 1248 1778 ut
1282 1750 1536 1791 persequar,
1584 1751 1679 1778 cum

174 1804 314 1845 media
344 1804 509 1857 agitent
541 1807 608 1845 sat
638 1804 786 1855 libere,
817 1805 923 1847 illud
952 1806 1032 1847 fuit
1055 1806 1151 1847 odio
1174 1805 1315 1847 finalis
1347 1806 1495 1847 cretici
1526 1805 1679 1846 resolvi

173 1873 288 1914 arsin
327 1872 527 1926 priorem.
587 1873 734 1927 itaque
777 1874 892 1928 apud
935 1874 1136 1916 classicos
1177 1874 1251 1916 ubi
1291 1875 1346 1915 sit
1380 1874 1565 1915 rescissa
1596 1888 1680 1914 non

172 1941 340 1982 invenio
387 1941 468 1982 nisi
515 1941 655 1995 quinis
697 1942 885 1984 Senecae
926 1943 1133 1984 trimetris
1175 1943 1237 1984 ita
1278 1942 1406 1998 [Med.
1440 1946 1543 1994 4713
1576 1945 1678 1993 2663

174 2009 274 2051 Oed.
294 2012 374 2050 847
385 2025 394 2062 3
416 2009 542 2051 Herc.
559 2009 639 2051 fur.
658 2014 761 2063 4083
791 2010 901 2052 Med.
922 2012 1022 2066 268]
1066 2010 1259 2053 ‘Phrixei
1289 2008 1471 2060 arietis',
1512 2009 1679 2051 ‘macha'-

172 2081 314 2119 natrix
347 2076 624 2129 facinorum’‚
669 2077 841 2130 ‘anceps
872 2077 1103 2129 memoria',
1147 2078 1293 2121 ‘omnis
1323 2076 1554 2128 memoria',
1598 2077 1679 2130 ‘fa-

172 2160 260 2187 mae
290 2143 559 2195 memor-dass,
603 2160 713 2200 quae
753 2147 881 2201 parili
920 2147 1037 2189 vides
1080 2161 1171 2189 esse
1206 2147 1466 2189 condicione.
1527 2150 1573 2188 at
1601 2161 1680 2188 nec

171 2214 285 2255 idem
325 2213 499 2267 scripsit
540 2215 705 2269 [Agam.
740 2217 839 2271 301]
884 2214 1006 2257 ‘haec
1043 2223 1162 2258 vacat
1198 2220 1317 2268 reaia
1348 2213 1456 2258 viro’
1509 2241 1554 2244 —
1600 2229 1678 2269 pro

173 2295 256 2335 quo
287 2281 453 2335 pridem
481 2287 769 2336 reposuerunt
796 2287 887 2336 φερε·
916 2298 965 2325 ac
996 2288 1082 2325 viro
1116 2310 1185 2336 -,
1229 2298 1367 2338 neque
1400 2287 1515 2326 recte
1546 2283 1680 2324 habet

173 2349 288 2404 quod
318 2349 611 2404 Perlcampius
642 2352 871 2393 Horatium
912 2352 955 2393 in
993 2352 1067 2393 fini
1104 2353 1236 2394 iambi
1268 2353 1456 2394 scribere
1487 2352 1678 2405 potuisse

174 2418 434 2460 existimavit
464 2419 521 2473 [2,
553 2420 625 2474 25]
669 2419 860 2471 ‘rupibus
892 2418 1062 2471 aquae'.
1124 2421 1198 2462 ubi
1229 2421 1343 2474 quod
1375 2424 1439 2462 est
1468 2420 1677 2461 traditum

172 2490 276 2537 ripis
315 2499 400 2527 non
440 2488 577 2540 magis
618 2492 735 2530 recte
782 2488 837 2530 ab
881 2489 1031 2530 eodem
1073 2489 1352 2530 sollicitatum
1394 2502 1522 2542 quam
1563 2487 1677 2540 quod

171 2554 329 2607 legitur
358 2554 402 2595 in
431 2554 576 2609 lyricis
621 2554 770 2598 ‘Tibur
801 2560 935 2609 Arqeo
962 2561 1142 2608 positum
1172 2562 1310 2598 colono
1340 2561 1392 2598 sit
1422 2570 1533 2598 meae
1560 2561 1677 2597 sedes

172 2625 325 2664 utinam
355 2629 561 2672 senectae,
590 2627 643 2665 sit
672 2629 812 2666 modus
843 2629 950 2666 lasso
976 2629 1102 2666 maris
1136 2632 1175 2667 et
1203 2629 1360 2667 viarum
1391 2621 1675 2675 militiaeque'.

171 2691 215 2731 in
258 2690 412 2744 quibus
451 2696 591 2733 modus
633 2692 876 2734 defenditur
915 2694 1128 2735 simillimo
1172 2708 1297 2735 versu
1336 2693 1483 2734 Avieni
1522 2693 1677 2747 [deser.

173 2759 262 2800 orb.
298 2759 395 2813 100]
440 2759 524 2800 ‘hic
565 2765 704 2801 modus
754 2768 813 2802 est
858 2765 966 2803 orbis
1011 2764 1169 2803 Gaddir
1213 2761 1345 2803 locus'
1395 2760 1677 2814 pluribusque

173 2827 355 2868 aliorum
377 2830 600 2868 auctorum
623 2828 739 2869 locis.
790 2844 888 2871 mox
911 2830 1073 2881 eadem,
1097 2844 1208 2883 quae
1231 2834 1484 2879 ceterorum,
1506 2829 1676 2870 Boethii

173 2909 224 2936 ac
264 2895 510 2953 Terentiani
550 2895 839 2951 Martianique
882 2898 964 2939 fuit
1002 2898 1288 2939 observantia.
1355 2912 1439 2939 non
1482 2897 1676 2938 dissimili

174 2963 404 3005 severitate
435 2978 537 3006 usus
564 2964 836 3017 Prudentius,
866 2966 948 3007 nisi
980 2967 1094 3020 quod
1125 2966 1167 3007 in
1200 2965 1354 3022 epyllio
1385 2966 1516 3008 semel
1545 2965 1678 3013 habet
