1898 3292
281 178 298 215 1
310 177 359 215 16
886 183 1005 208 mmm
1022 182 1178 209 Pnnrvs.

277 287 416 328 minus
446 286 601 340 placet,
633 285 748 338 quod
779 285 833 326 ab
866 285 1046 326 Horatio
1079 285 1345 338 frequentius
1378 288 1441 325 est
1473 283 1716 324 adhibitum
1742 283 1785 323 in

279 358 531 408 argumento
572 354 701 407 gravi.
772 353 1004 407 plurimum
1046 358 1188 394 autem
1237 353 1403 406 deperit
1445 351 1671 393 suavitatis
1715 365 1785 392 ex-

279 428 423 478 empta
454 423 683 473 varietate,
720 427 767 463 ut
799 422 914 476 apud
946 422 1163 463 Senecam.
1207 449 1260 454 —
1300 421 1400 461 huic
1432 421 1467 461 si
1498 421 1681 474 primam
1715 419 1786 460 de-

277 493 464 534 traxeris
507 491 738 545 dipodiam7
789 490 926 531 oritur
967 504 1114 531 versus
1168 489 1399 543 sapphicus
1451 489 1610 537 minor,
1661 501 1786 541 quem

277 561 417 614 prima
449 559 623 613 Sappho
655 558 835 612 protulit
867 558 1010 613 [frgm.
1036 559 1119 613 61].
1171 559 1338 611 integra
1371 571 1419 598 eo
1453 557 1643 598 carmina
1675 570 1787 597 com-

277 629 420 683 posita
457 642 541 669 non
581 628 750 668 invenio
791 631 962 680 praeter
998 627 1103 668 illud
1145 627 1301 668 aetatis
1342 626 1536 676 ultimae,
1580 624 1693 678 quod
1733 624 1786 664 ab

280 697 519 751 Augustino
551 697 594 737 in
625 696 746 737 libris
777 695 829 736 de
853 696 1018 736 musica
1049 700 1265 737 servatum
1297 694 1423 749 [Mey.
1458 694 1579 748 620}

821 787 871 821 ite
898 787 1020 830 igitur,
1050 787 1242 821 Camenae.

278 883 355 923 per
384 870 619 923 systemata
646 866 883 908 adhibuere
918 880 1013 907 eum
1046 867 1252 907 Horatius
1285 867 1334 921 [1.
1369 866 1411 920 S]
1455 869 1496 906 et
1528 865 1788 906 Claudianus

279 938 331 993 [c.
354 937 436 991 12],
458 937 528 977 hic
550 935 723 989 quidem
746 935 850 976 sat-is
875 935 1095 988 eleganter
1116 940 1353 988 praeeunte
1377 934 1558 975 dimetro
1578 934 1788 975 choriam-

278 1006 386 1047 bico.
447 1019 546 1046 nam
578 1018 674 1045 cum
704 1003 786 1045 hoc
818 1003 921 1045 alibi
954 1003 1157 1045 coalescit
1189 1004 1231 1045 iu
1266 1018 1396 1045 unum
1431 1003 1513 1044 sic:

555 1095 642 1130 Iane
668 1098 783 1140 pater,
809 1094 899 1130 1ane
925 1099 1042 1139 tuens⁷
1068 1095 1149 1130 dive
1174 1096 1312 1140 biceps,
1338 1095 1514 1129 biformis.

280 1178 332 1219 de
379 1191 463 1231 quo
509 1177 569 1218 sic
614 1176 751 1217 tradit
796 1176 1079 1218 Terentianus
1124 1177 1274 1231 [1889]
1323 1175 1411 1227 ‘qui
1455 1179 1596 1216 mullos
1639 1179 1789 1227 leym-e,

280 1253 434 1298 neyant
474 1249 550 1287 hoc
589 1259 763 1296 corpore
804 1248 921 1286 metri
955 1248 1156 1286 Romanos
1195 1248 1353 1296 aliquid
1389 1252 1544 1285 veteres
1575 1247 1791 1294 scripsisse

275 1312 459 1366 poetas-⁷.
521 1318 666 1355 tamen
696 1313 895 1355 videntur
925 1313 1041 1367 apud
1073 1313 1338 1363 Terentium,
1368 1313 1563 1354 modicae
1601 1310 1790 1365 alioquin

282 1384 400 1425 circa
430 1387 568 1424 metra
598 1383 807 1424 audaciae
845 1382 1116 1436 scriptorem,
1157 1383 1199 1423 in
1234 1381 1439 1435 Adelphis
1471 1381 1579 1423 tales
1610 1382 1791 1435 reperiri

281 1466 430 1494 versus
461 1451 545 1493 duo
578 1452 678 1507 [612
712 1452 805 1506 sq.].
867 1465 965 1492 mox
996 1451 1132 1492 isdem
1165 1452 1231 1493 usi
1261 1451 1463 1501 Serenus,
1496 1450 1791 1498 Terentianus,

281 1521 512 1571 Ausonius,
545 1520 799 1561 Martianus.
862 1524 1059 1574 superest
1089 1524 1293 1570 metrum,
1339 1518 1454 1572 quod
1494 1518 1543 1559 fit
1586 1519 1791 1572 sapphico

281 1589 642 1644 hendecasyllabo
685 1593 859 1643 praeter
889 1589 1087 1630 ultimum
1119 1588 1477 1643 amphibrachum
1513 1591 1556 1628 et
1585 1588 1791 1641 sapphico

281 1659 446 1700 minore
492 1658 715 1712 copulatis.
789 1658 834 1698 id
880 1657 1087 1698 Horatius
1133 1657 1324 1698 novitate
1371 1656 1525 1697 ductus
1577 1657 1693 1709 (nam
1738 1656 1791 1696 ab

284 1727 443 1768 Alcaeo
475 1728 560 1768 iam
592 1730 861 1780 usurpatum,
893 1725 1008 1779 quod
1038 1726 1174 1767 tradit
1204 1725 1433 1766 Diomedes
1464 1725 1543 1779 [gr.
1576 1724 1600 1765 l.
1633 1725 1663 1773 Ι,
1693 1725 1791 1779 520]

282 1810 367 1838 non
390 1796 531 1846 credo,
565 1810 661 1836 cum
684 1795 801 1836 aliud
824 1799 991 1836 asserat
1012 1795 1259 1836 Victorinus
1282 1794 1369 1848 ΠΙ,
1393 1794 1518 1848 270])
1550 1807 1628 1834 nec
1648 1797 1792 1834 tamen

282 1864 551 1919 ineleganter
582 1864 713 1905 semel
746 1863 948 1904 adhibuit.
972 1863 1021 1918 [1,
1053 1863 1109 1918 8],
1142 1867 1240 1917 post
1269 1876 1405 1903 nemo.

398 1933 487 1975 Iam
526 1933 798 1986 pervenimus
842 1931 897 1972 ad
941 1931 1151 1972 alcaicum
1186 1929 1606 1985 hendecasyllabum.
1668 1944 1793 1983 quem

284 2016 377 2043 oum
409 2001 584 2055 Sappho
608 2000 843 2041 illustravit
873 2000 1069 2041 Alcaeus.
1129 1999 1199 2040 hic
1238 1999 1300 2040 ita
1340 2002 1485 2053 potest
1518 1998 1653 2039 videri
1682 2012 1791 2039 com-

282 2070 466 2124 positus,
511 2073 560 2110 ut
600 2069 797 2123 sapphici
835 2068 1185 2123 hendecasyllabi
1213 2068 1352 2122 prima
1381 2082 1483 2122 pars
1515 2067 1711 2109 subiecta
1740 2068 1795 2109 sit

281 2137 368 2180 fini.
428 2138 607 2191 insignis
650 2141 715 2178 est
760 2138 973 2190 gravitate
1018 2141 1060 2178 et
1101 2137 1268 2178 robore.
1329 2136 1441 2177 unde
1480 2136 1711 2190 plurimum
1745 2150 1793 2177 eo

281 2201 385 2249 usus
415 2206 641 2256 Horatius,
682 2206 830 2256 etiam,
876 2205 991 2259 quod
1034 2206 1173 2247 minus
1215 2205 1397 2256 arridet,
1446 2204 1489 2246 in
1532 2204 1794 2246 carminibus

283 2275 506 2317 amatoriis
555 2278 597 2316 et
643 2273 946 2316 convivalibus.
1023 2278 1205 2315 metrum
1256 2273 1311 2315 ab
1357 2273 1439 2314 hoc
1480 2277 1523 2314 et
1567 2274 1705 2315 Statio
1750 2273 1794 2314 in

286 2343 532 2398 systematis
564 2346 701 2396 parte,
736 2356 761 2383 a
782 2342 1015 2384 Prudentio
1048 2342 1159 2397 [peri
1183 2347 1232 2383 st.
1258 2342 1328 2397 14]
1362 2346 1403 2383 et
1434 2341 1670 2383 Claudiano
1702 2342 1794 2397 [11]

287 2412 416 2453 etiam
440 2411 576 2452 solum
607 2415 861 2465 usurpatum
894 2424 979 2452 non
1009 2411 1073 2452 ita
1102 2411 1320 2464 ingrat-um
1352 2411 1483 2452 fuisse
1515 2410 1641 2464 vulgo
1665 2424 1716 2451 ea
1748 2424 1794 2451 re

284 2482 484 2534 apparet,
530 2479 645 2532 quod
687 2479 728 2520 in
771 2479 1182 2534 hymnisvreperitur
1214 2479 1339 2534 [Dan.
1371 2479 1402 2530 I,
1433 2483 1507 2531 893
1544 2479 1654 2534 131].
1713 2479 1794 2520 hoc

284 2552 430 2589 autem
479 2547 649 2588 inverso
687 2547 776 2588 sine
823 2548 1024 2588 anacrusi
1067 2548 1204 2589 oritur
1250 2547 1548 2602 decasyllabus
1593 2547 1793 2598 alcaicus‚

286 2630 412 2670 quem
444 2630 540 2657 cum
562 2615 788 2669 phalaecio
812 2615 1054 2657 alternante
1076 2617 1268 2658 iunctum
1288 2630 1366 2670 per
1389 2620 1576 2671 systema
1597 2615 1795 2656 adhibuit

284 2684 490 2726 Boethius
523 2684 613 2739 [ΙΙΙ,
647 2684 702 2739 4]

397 2753 488 2793 Iam
531 2767 626 2794 cum
671 2752 835 2793 Seneca
878 2752 1148 2793 choricorum
1189 2752 1368 2794 liberius
1408 2751 1559 2793 habita
1601 2752 1662 2793 sic
1704 2751 1793 2805 ple-

284 2835 465 2874 rumque
507 2820 761 2871 instituerit,
810 2823 858 2862 ut
899 2820 1087 2874 singulos
1131 2821 1364 2862 versiculos
1402 2834 1486 2862 non
1529 2821 1792 2862 Graecorum

285 2889 492 2943 exemplo,
524 2890 597 2930 sed
627 2889 862 2930 dimidiatis
884 2889 1078 2930 versibus
1101 2889 1263 2931 alcaico
1288 2894 1330 2930 et
1353 2889 1558 2944 sapphico
1582 2888 1791 2929 hendeca-
