1898 3292
746 167 865 192 LIBER
883 167 1083 192 snprnnvs.
1587 160 1666 199 513

164 268 278 309 edito
310 269 393 323 [pg.
430 272 444 309 1
481 270 604 323 sqq]
667 270 737 322 qui
777 269 890 322 quod
923 270 1078 309 asserit
1117 269 1332 322 longiores
1370 284 1452 311 non
1488 271 1668 312 inveniri

162 337 280 390 prius
322 337 362 377 ΙΙ
394 337 459 378 vel
491 338 550 378 III
594 338 765 378 saeculo
807 352 844 390 p.
878 337 986 387 Chim,
1028 337 1142 390 apud
1187 337 1420 392 dactylicos
1458 352 1536 380 nec
1576 340 1668 393 ipse

162 405 331 459 repperi
366 409 530 446 certum
562 405 801 459 exemplum
833 409 931 446 ante
963 406 1169 446 Serenum
1192 405 1520 457 Sammonicum,
1553 407 1668 461 apud

162 488 286 526 quem
318 473 452 515 habes
484 474 575 529 [92]
606 478 688 515 sive
720 478 857 515 calens
882 477 1016 525 febris
1052 478 1221 515 {uelatos
1253 478 1391 516 exedit
1421 482 1548 517 artus.
1594 476 1669 517 sed

161 542 245 583 iam
289 542 493 584 Naevium
536 543 693 584 dixisse
739 546 822 583 edit
860 556 939 596 pro
983 550 1041 583 est
1090 543 1358 584 demonstrat
1399 545 1668 597 septenarius

160 610 406 652 trochaicus
438 625 463 652 a
494 611 714 652 Prisciano
745 625 812 665 pg.
842 615 923 652 893
955 611 1144 652 adlatus:
1175 614 1246 652 tibi
1277 615 1386 653 serve·
1415 616 1526 653 mulli
1557 618 1671 663 apud

161 693 336 720 mensam
373 684 557 728 adstant,
594 684 660 721 ille
691 683 777 730 ipse
808 684 961 728 adstat,
1003 684 1166 730 quando
1210 683 1303 721 edil.
1365 680 1479 733 quod
1519 684 1669 722 contra

159 747 202 787 in
233 747 384 788 Lucilii
419 748 631 801 exemplo,
675 748 790 801 quod
821 752 1031 789 memorat
1061 747 1192 798 idem,
1231 748 1350 789 locus
1395 752 1459 789 est
1496 753 1539 790 et
1570 763 1667 790 con-

159 815 347 856 iunctivo
380 830 457 870 per
487 816 892 870 interrogationem:
936 820 1004 867 qni
1037 820 1118 857 edit
1146 830 1253 865 sese,
1285 820 1350 857 hic
1381 821 1550 858 eomedit
1581 822 1669 858 me?

160 909 215 914 —-—
255 884 298 924 in
338 885 607 926 coniunctivo
649 889 763 926 eclam
804 899 881 938 pro
926 889 1026 926 edim
1067 885 1250 939 primum
1296 885 1410 938 apud
1452 885 1668 926 Tibullum

162 953 210 1006 [Ι,
245 957 280 1004 5,
313 954 412 1007 49],
458 967 556 995 mox
588 953 786 995 Ovidium
828 967 1056 995 occurrere
1087 953 1200 995 idem
1242 953 1422 995 adnotat
1455 954 1667 1007 Speierus.

161 1050 212 1054 —
243 1022 443 1076 deinceps
485 1022 687 1064 classicos
730 1023 842 1064 inter
883 1026 1034 1076 poetas
1073 1036 1167 1064 cuin
1201 1022 1445 1064 admisisset
1476 1022 1669 1064 Tibullus

158 1090 263 1131 illud
306 1095 477 1132 transiet
521 1092 583 1145 (et
610 1091 765 1132 similia
808 1092 921 1145 apud
953 1091 1159 1132 Senecam
1200 1092 1400 1141 inveniri,
1444 1091 1574 1133 veluti
1617 1092 1668 1133 de

160 1158 378 1199 beneficiis
411 1160 468 1210 ΙΙ,
508 1164 522 1200 1
561 1160 623 1214 [2]
658 1164 775 1208 iulet,
809 1160 978 1210 Quaest.
1013 1163 1152 1200 natur.
1186 1160 1264 1211 ΙΙΙ,
1300 1164 1350 1201 10
1386 1160 1447 1214 [4]
1482 1164 1667 1207 transiet,

159 1231 311 1268 auctor
341 1231 406 1269 est
435 1228 632 1282 Hasius),
671 1232 881 1282 putarunt
925 1228 1098 1281 quidam
1142 1229 1269 1269 etiam
1309 1228 1491 1269 Horatio
1535 1229 1667 1270 tribui

158 1309 306 1350 posse,
348 1296 462 1350 quod
502 1296 661 1350 legitur
702 1311 735 1338 c.
766 1297 836 1347 IV,
870 1301 894 1338 4
928 1297 1019 1351 [65]
1062 1297 1105 1337 in
1137 1297 1350 1338 nonnullis
1382 1297 1504 1338 libris
1537 1298 1667 1339 inter-

158 1365 338 1418 polatis:

522 1434 659 1457 merses
684 1423 878 1467 profundo.
927 1423 1116 1467 pulchrior
1142 1424 1250 1458 exiet.

157 1491 231 1533 ubi
263 1492 395 1533 ceteri
427 1496 568 1541 evenit,
601 1492 716 1546 quod
746 1506 825 1533 nec
852 1493 990 1547 ipsum
1025 1493 1178 1546 placet.
1237 1492 1362 1546 longe
1386 1493 1528 1547 aptius
1550 1496 1668 1534 utro-

158 1574 240 1613 que
272 1564 398 1610 exilit,
430 1564 479 1602 ut
509 1561 553 1602 in
582 1575 628 1602 re
661 1561 810 1602 eadem
840 1561 948 1602 dixit
980 1561 1166 1602 Rutilius
1195 1561 1478 1602 Namatianus
1510 1562 1540 1612 Ι,
1576 1564 1666 1602 130.

158 1632 203 1669 at
234 1629 438 1670 damnata
468 1630 511 1670 in
548 1629 716 1671 Horatii
759 1643 885 1671 versu
928 1630 1067 1671 forma
1109 1629 1225 1671 haud
1265 1629 1326 1670 ita
1367 1631 1515 1683 paucis
1555 1630 1666 1671 chri-

157 1698 393 1739 stianorum
439 1698 650 1752 probatur
697 1698 912 1752 exemplis.
982 1699 1042 1739 sic
1093 1698 1208 1752 apud
1254 1698 1483 1740 Iuvencum
1533 1699 1668 1740 habes

157 1766 245 1820 [1V,
274 1767 370 1821 159]
403 1770 649 1817 praeteriet,
682 1767 796 1820 apud
829 1767 1089 1808 Martianum
1127 1767 1334 1821 [1X,914‚
1359 1768 1430 1821 56]
1456 1771 1667 1818 prodient,

157 1834 272 1888 apud
304 1835 585 1876 Dracontium
619 1836 675 1890 [8,
708 1836 808 1890 200]
850 1839 891 1876 et
922 1835 1153 1889 Corippum
1194 1835 1295 1890 [ioh.
1330 1836 1376 1886 V,
1409 1836 1482 1890 44]
1516 1840 1667 1886 periet.

160 1928 209 1932 —*
245 1903 364 1945 verbi
397 1903 511 1958 quod
542 1908 607 1945 est
639 1909 736 1955 fero
776 1903 1014 1958 perfectum
1053 1904 1340 1957 antiquissimi
1373 1918 1468 1945 cum
1500 1904 1668 1945 Catullo

156 1971 272 2013 haud
300 1986 400 2013 raro
433 1986 529 2014 cum
558 1972 760 2013 fecissent
791 1976 917 2021 tetuli,
950 1986 1048 2014 mox
1071 1972 1180 2013 idem
1204 1973 1357 2014 horum
1380 1973 1668 2014 aemulatione

157 2040 356 2082 adhibuit
402 2041 621 2082 Macrinus
667 2042 904 2095 imperator
949 2042 1011 2082 ita
1063 2041 1194 2096 [Mey.
1227 2046 1326 2093 801,
1362 2042 1408 2096 1]
1453 2039 1507 2082 ‘sc‘
1551 2046 1666 2082 talem

161 2112 327 2150 Graium
356 2113 581 2151 tetulissent
610 2115 705 2162 fala
732 2107 932 2161 poetam’.
966 2135 1018 2139 »-
1055 2110 1208 2151 deinde
1236 2116 1338 2160 fiere
1370 2110 1480 2151 dixit
1506 2110 1669 2151 Ennius

156 2177 181 2218 l.
214 2179 270 2229 X,
304 2182 347 2219 et
378 2178 549 2232 quidem
583 2178 805 2233 dactylice,
836 2178 952 2219 haud
985 2179 1211 2233 quisquam
1244 2183 1416 2233 postea3
1459 2182 1550 2220 tum
1583 2178 1668 2219 Ho—

155 2246 292 2287 ratius
332 2252 362 2297 fi'
403 2247 452 2301 [s.
484 2247 542 2298 ΙΙ,
573 2252 609 2298 5,
643 2247 735 2301 38],
776 2251 823 2288 ut
864 2251 906 2288 et
948 2247 1142 2298 Plautus,
1186 2247 1344 2301 plurali
1380 2253 1451 2297 fite
1487 2247 1668 2288 Ninnius

156 2315 355 2366 Crassus,
393 2319 524 2369 poeta
555 2315 710 2367 Mario,
740 2319 789 2357 ut
819 2319 942 2369 puto,
975 2316 1182 2369 aequalis.
1245 2320 1290 2357 at
1331 2330 1564 2369 numquam
1605 2316 1667 2356 in-

155 2384 384 2425 veniuntur
414 2387 474 2425 sce·
506 2388 548 2425 et
580 2388 628 2426 ci.
681 2397 808 2438 porro
842 2384 1047 2425 Laevium
1079 2388 1226 2425 secuto
1257 2384 1421 2438 placuit
1450 2387 1668 2425 meminens

157 2453 344 2493 Ausonio
388 2451 514 2507 [prof.
555 2452 684 2494 Burd.
733 2455 768 2503 1,
805 2453 900 2507 40],
948 2453 1063 2506 quod
1106 2456 1149 2494 et
1188 2453 1231 2493 in
1275 2452 1465 2507 pedestri
1504 2453 1668 2493 Sidonii

157 2521 350 2562 oratione
392 2521 606 2562 invenitur
645 2521 890 2563 identidem.
951 2526 1180 2575 praeterea
1210 2521 1420 2563 Prisciani
1454 2521 1667 2575 periegesi

155 2590 365 2630 incertum
399 2603 526 2642 quam
560 2594 677 2631 recte
708 2590 846 2632 fertur
877 2590 982 2632 illud
1027 2588 1259 2641 ‘neqm'mr’
1297 2594 1497 2644 correpta
1536 2603 1666 2643 paen-

156 2658 311 2699 ultima
343 2658 476 2712 [417]
508 2683 563 2688 -
595 2662 639 2699 at
670 2659 712 2699 in
735 2659 866 2700 verbo
899 2659 1168 2700 substantivo
1201 2659 1439 2713 praesentis
1460 2658 1666 2712 temporis

157 2727 453 2767 coniunctivus
484 2729 573 2767 tres
604 2727 841 2779 antiquitus
874 2742 969 2768 cuni
1000 2727 1161 2768 habeat
1201 2728 1373 2778 formas,
1415 2741 1525 2780 quae
1567 2730 1667 2767 sunt-

149 2799 280 2845 fuam,
312 2798 422 2843 siem,
452 2798 537 2843 sim,
579 2795 631 2835 de
670 2796 859 2836 secunda
900 2810 950 2836 ac
989 2797 1121 2837 tertia
1153 2796 1214 2836 sic
1246 2795 1378 2836 refert
1408 2797 1449 2835 in
1483 2795 1665 2836 Oratore

156 2863 318 2904 Tullius
343 2864 568 2917 [47,1ι”)ῖ];
608 2861 724 2903 ‘slei'
760 2868 975 2914 plenumst,
1010 2862 1101 2904 ‘sil'
1134 2867 1389 2905 imminuam.
1434 2867 1525 2904 licet
1548 2871 1666 2903 utare

223 2943 256 2970 L.
274 2943 465 2974 Mue11e15;
493 2944 536 2968 ne
556 2951 576 2968 r.
596 2951 632 2968 m,
652 2951 678 2973 p.
698 2943 729 2967 L.
1346 2933 1390 2965 33
