1898 3292
750 186 870 210 mima
888 185 1063 211 TERTIVS.
1583 178 1661 216 197

158 290 294 331 miae
328 293 378 329 et
421 289 726 342 euphoniae
765 289 884 341 loge
926 288 1240 337 incohatus,
1283 289 1662 339 continuatus,

156 358 499 399 terminatus.
560 357 684 398 hinc
724 360 956 411 apparet
997 371 1245 398 versuum
1286 356 1552 410 exempla,
1596 356 1661 397 li-

157 429 241 468 cet
271 426 484 466 minime
516 425 626 467 sint
655 425 904 475 infinita,
943 440 1042 466 non
1074 429 1251 466 tamen
1284 428 1404 466 rato
1435 425 1663 478 quodam

157 494 541 536 circumscribi
573 508 732 547 posse
764 507 987 535 numero.
1048 497 1198 534 recte
1231 507 1348 534 vero
1381 497 1664 535 statuemus

155 566 402 612 metrum,
446 577 545 615 quo
588 563 858 604 usitatius
905 562 1077 603 fuerit
1117 562 1257 616 apud
1291 561 1532 603 Graecos
1563 563 1663 603 Ro-

155 646 469 685 manosque,
512 645 569 672 eo
611 631 840 685 propius
882 631 1148 672 accedere
1181 631 1245 672 ad
1275 644 1508 671 summae
1540 645 1662 684 per-

154 701 447 754 fectaeque
478 699 919 753 pulchritudinis
954 713 1204 741 normam.
1265 699 1367 740 iam
1401 713 1512 739 cum
1544 713 1664 740 ver-

155 784 243 810 sus
284 768 664 821 unusquisque
705 768 1043 821 singularum
1087 768 1267 808 instar
1308 768 1380 809 sit
1414 768 1662 820 pictura-

154 852 267 879 rum
307 837 419 878 sive
462 840 792 886 statuarum,
837 840 1071 890 apparet
1113 849 1285 889 neque
1327 836 1464 877 demi
1504 850 1663 889 posse

154 906 259 948 tali
288 905 583 959 quidquam
616 919 711 946 nec
742 905 889 955 addi,
923 919 1035 946 cum
1063 905 1345 958 proprium
1377 904 1448 945 sit
1479 905 1664 957 operis

155 978 274 1016 arte
325 973 586 1024 confecti,
630 978 685 1015 ut
733 977 886 1014 certa
932 973 1273 1014 necessitate
1322 976 1662 1014 coerceatur.

154 1057 317 1097 porro
350 1056 462 1083 cum
493 1042 658 1082 initia
690 1056 867 1082 rerum
903 1045 952 1082 et
982 1041 1124 1082 fines
1156 1045 1248 1082 aut
1280 1041 1543 1082 materiae
1576 1045 1664 1082 aut

154 1111 420 1165 temporis
463 1110 860 1164 significentur
909 1110 1131 1163 spatiis,
1184 1110 1236 1150 in
1277 1124 1439 1150 versu
1483 1110 1665 1150 evenit

154 1184 466 1233 utrumque,
513 1182 570 1220 ut
615 1179 703 1232 qui
748 1193 843 1219 1160
885 1178 1053 1219 aliter
1095 1192 1248 1231 quam
1293 1177 1453 1231 pleno
1498 1178 1664 1219 verbo

153 1249 286 1290 iniri
331 1248 510 1302 possit
554 1251 646 1288 aut
693 1247 948 1288 concludi
995 1250 1046 1288 et
1087 1247 1177 1299 qui
1217 1247 1423 1287 maiore
1465 1246 1665 1287 debeat

154 1318 303 1358 vocis
335 1316 639 1358 intervallo
671 1316 958 1369 segregari
999 1329 1024 1356 a
1064 1315 1331 1369 proximis
1367 1328 1521 1368 quam
1552 1314 1664 1356 ulla

154 1387 271 1427 eius
299 1399 425 1439 pars
456 1385 706 1426 interior.
756 1388 918 1437 atque
952 1383 1005 1424 id
1035 1383 1319 1424 indicatur
1351 1383 1514 1423 etiam
1547 1397 1662 1424 ocu-

153 1455 224 1495 lis
268 1468 328 1495 ea
368 1468 443 1504 re,
485 1453 625 1507 quod
662 1453 980 1506 scripturae
1011 1453 1222 1493 interse
1254 1452 1459 1493 maiore
1490 1452 1663 1492 inter-

154 1523 316 1564 stitio
349 1537 540 1563 versus
572 1525 908 1575 separantur
940 1534 1093 1574 quam
1124 1519 1290 1561 verba.
1351 1520 1467 1561 hinc
1498 1524 1664 1561 autem

154 1595 472 1642 excusatur,
517 1590 657 1643 quod
700 1589 954 1644 syllabae
985 1589 1036 1630 in
1069 1589 1222 1630 exitu
1252 1589 1413 1630 metri
1445 1588 1663 1630 locatae

152 1660 304 1702 brevi
335 1673 430 1713 pro
462 1659 703 1700 arbitrio
735 1662 945 1700 tantum
977 1657 1223 1698 adicitur
1255 1657 1520 1711 temporis
1552 1657 1663 1711 ple-

153 1742 397 1781 rumque,
435 1732 492 1768 ut
528 1731 727 1781 aequet
757 1727 984 1779 longam.
1044 1730 1346 1779 praeterea
1376 1726 1663 1779 intellegi-

153 1801 239 1838 tur
271 1796 509 1850 spatiosi
542 1796 702 1838 metri
744 1796 854 1837 fine
885 1795 1103 1848 longius
1136 1795 1371 1836 subsisti
1403 1799 1663 1848 oportere

154 1880 308 1919 quam
347 1865 542 1906 minuti
588 1879 699 1906 cum
739 1864 1094 1918 proprietate
1136 1867 1369 1905 naturae
1397 1863 1663 1904 humanae

152 1949 250 1988 pro
296 1933 627 1975 differentia
666 1933 1012 1986 negotiorum
1055 1932 1277 1974 diversa
1316 1932 1661 1985 requirentis

153 2003 286 2053 otia,
332 2006 441 2043 tuni
482 2002 644 2055 quod,
695 2016 795 2055 quo
838 2001 1126 2043 breviores
1171 2005 1295 2042 sunt
1334 2014 1547 2051 versus,
1602 2015 1661 2042 eo

154 2071 380 2125 saepius
423 2074 475 2112 et
506 2071 736 2124 gravius
768 2069 1052 2111 dissidere
1085 2069 1272 2110 solent
1302 2069 1450 2110 fines
1483 2083 1664 2110 nume-

152 2153 335 2181 rorum
373 2153 432 2180 ac
468 2153 737 2181 sensuum.

266 2208 464 2249 Ceterum
495 2207 612 2249 haud
645 2207 774 2249 dubie
807 2221 902 2248 cum
934 2210 1102 2248 constet
1131 2210 1313 2247 metrum
1344 2205 1412 2247 vel
1442 2205 1663 2247 minimum

153 2277 215 2317 sic
258 2275 415 2317 debere
455 2276 662 2329 distingui
700 2275 1041 2329 pronuntiando,
1089 2275 1213 2329 plene
1255 2278 1303 2315 ut
1343 2275 1432 2315 eius
1472 2275 1663 2315 rationes

152 2344 291 2398 possis
324 2348 574 2398 computare
607 2344 770 2395 animo,
813 2347 996 2398 apparet
1036 2357 1164 2396 quam
1209 2343 1395 2384 calleant
1431 2346 1569 2384 artem
1601 2342 1662 2383 di-

154 2412 292 2463 cendi,
326 2427 351 2453 a
383 2427 468 2466 qua
499 2417 644 2454 tamen
676 2412 909 2454 deductum
941 2425 1212 2465 assumpsere
1242 2425 1412 2462 nomen,
1455 2411 1663 2462 rhetores,

155 2496 261 2535 quos
294 2495 513 2531 vocamuS,
556 2481 629 2534 qui
658 2480 968 2535 plaudentibus
999 2480 1144 2534 pueris
1177 2483 1219 2520 et
1249 2479 1511 2521 mulierculis
1544 2483 1586 2520 et
1617 2483 1665 2520 ut

155 2551 335 2603 quisque
376 2549 676 2590 imbecillitate
719 2549 866 2590 iudicii
898 2549 1120 2602 proximus
1150 2549 1284 2589 multo
1315 2547 1454 2589 minus
1486 2551 1664 2601 propter

155 2619 280 2659 metri
321 2618 428 2659 fines
461 2631 588 2670 quam
622 2621 801 2671 propter
833 2618 1143 2658 sententiarum
1175 2616 1292 2657 vocis
1322 2615 1557 2656 interstitia
1588 2615 1663 2656 ad-

154 2686 314 2735 hibent,
346 2690 394 2727 ut
426 2699 562 2738 neque
596 2686 800 2727 circuitus
832 2699 1107 2726 numerorum
1129 2698 1208 2725 nec
1230 2697 1435 2725 caesurae
1458 2686 1533 2724 aut
1554 2684 1663 2733 rimi,

156 2767 262 2807 quos
284 2754 457 2807 proprie
481 2754 533 2795 ad
558 2754 750 2808 rythmos
781 2754 989 2795 iuvandos
1021 2753 1220 2794 adhiberi
1249 2767 1274 2793 a
1307 2752 1536 2793 neotericis
1559 2751 1663 2793 alibi

156 2821 400 2873 declarabo,
433 2822 606 2875 agnosci
639 2822 806 2875 possint
837 2836 887 2862 ac
908 2821 1084 2874 percipi.
1136 2821 1264 2861 immo
1288 2834 1338 2860 ea
1359 2823 1527 2860 tantum
1550 2819 1663 2860 bona

158 2890 239 2931 erit
269 2890 469 2931 carminis
501 2891 718 2940 recitatio,
756 2904 841 2943 qua
873 2890 1069 2931 ordinum
1103 2889 1379 2929 metricorum
1408 2889 1549 2941 spatia
1579 2901 1662 2928 non
