1898 3292
737 179 973 206 OPVSOVLVM
990 181 1030 205 11.
1559 171 1580 209 5
1588 171 1638 209 59

248 284 338 326 Iam
372 283 559 326 elisionis
591 298 642 325 ac
671 283 871 338 synizesis
904 283 1102 336 exiguum
1132 296 1255 324 usum
1287 282 1416 323 fuisse
1450 283 1489 322 in
1523 282 1640 336 poesi

135 353 344 408 rythmica
373 352 484 394 libro
516 353 572 394 IV
607 351 834 393 declaravi.

249 420 446 462 Ceterum
488 433 747 473 quamquam
791 419 981 460 carmina
1021 419 1104 460 ista
1150 432 1288 471 neque
1333 418 1457 459 metri
1505 418 1640 471 (ligni-

134 492 266 530 tatem
298 502 436 541 neque
468 488 674 530 sermonis
706 491 971 529 venustatem
1004 487 1165 528 habent
1197 487 1350 537 ullam,
1383 501 1466 527 non
1497 490 1640 527 tamen

134 557 410 598 iniucundum
445 571 523 597 nec
553 557 701 598 inutile
733 569 879 597 eorum
922 556 1088 597 eveniet
1117 554 1327 604 studium,
1375 569 1469 595 culn
1510 568 1640 608 quae-

135 625 233 666 dam
256 625 311 666 ad
334 639 482 667 sonum
506 629 548 666 et
569 625 962 678 pronuntiationem
980 623 1240 677 pertinentia
1263 623 1449 675 vulgaris
1472 623 1640 676 potissi-

135 709 248 736 mum
280 694 440 735 moduli
468 693 662 735 versibus
693 693 986 742 declarentur,
1032 692 1177 745 qualia
1209 705 1284 732 nos
1317 691 1497 732 subinde
1529 695 1639 731 attu—

135 764 271 804 limus.
335 763 408 803 sed
432 762 545 803 hunc
566 761 690 815 plene
722 761 905 802 fructum
929 761 1151 814 percipere
1184 773 1233 800 eo
1257 760 1425 800 demum
1450 763 1641 812 tempore

134 831 302 882 licebit,
344 845 428 884 quo
459 831 638 884 hymnos
661 829 974 871 ecclesiasticos
1007 838 1048 869 et
1088 827 1295 881 quidquid
1334 827 1640 881 rythmicorum

136 904 256 941 extat
296 900 531 940 carminum
571 897 825 939 habebimus
859 897 973 938 edita
1006 897 1111 937 artis
1146 897 1374 937 severitate
1406 895 1639 948 iudiciique

134 969 336 1010 libertate
374 967 468 1017 illa,
519 981 604 1020 qua
645 967 828 1007 maxime
870 980 976 1019 opus
1020 969 1085 1005 est
1123 965 1164 1005 in
1211 978 1257 1005 re
1299 969 1386 1004 tam
1430 965 1641 1004 intricata.

136 1037 249 1091 quod
271 1040 415 1078 tamen
447 1037 663 1088 negotium
694 1039 741 1076 ut
766 1034 869 1075 utile
901 1035 1018 1083 satis,
1049 1035 1112 1074 ita
1133 1033 1258 1086 longe
1292 1032 1642 1073 difficillimumst.

135 1120 233 1147 nam
275 1110 318 1147 et
356 1106 564 1146 immensa
604 1105 646 1145 in
686 1104 767 1145 hac
811 1107 934 1156 parte
976 1103 1220 1143 litterarum
1262 1102 1470 1142 saevitum
1513 1102 1642 1141 inter-

135 1175 378 1229 polatorum
409 1173 598 1215 libidine.
