1898 3292
231 155 281 192 56
833 162 952 187 LIBER
971 162 1127 188 PRIMVS.

344 265 482 305 Etiam
516 264 601 305 alia
633 268 790 305 novata
821 264 875 306 ab
913 279 962 319 eo
1004 264 1058 305 ad
1102 265 1342 319 exemplum
1375 266 1640 307 Graecorum
1685 281 1736 308 ac

228 335 498 389 potissimum
525 334 713 385 Homeri,
746 334 866 375 cuius
897 334 1084 375 animam
1115 333 1300 388 putabat
1330 334 1373 376 in
1401 349 1445 376 se
1467 335 1736 387 translatam,

230 409 272 446 et
302 404 510 458 pleraque
543 402 715 456 quidem
747 403 982 456 prudenter
1014 406 1057 444 et
1097 403 1317 457 eleganter
1357 403 1599 445 admodum.
1660 418 1739 445 nec

229 477 374 514 tamen
406 472 577 522 desunt,
611 471 686 512 ubi
716 471 782 512 vel
813 471 989 512 Homeri
1021 471 1306 513 admiratione
1337 472 1470 514 nimia
1500 473 1566 514 vel
1597 487 1738 526 gram-

230 541 399 583 maticis
430 540 577 594 lapsus
610 539 809 582 ludibriis
841 540 978 581 aliave
1013 541 1169 582 mentis
1211 541 1496 595 perversitate
1539 541 1738 595 quadam,

231 624 317 664 qua
346 623 446 651 raro
480 612 629 650 carent
658 622 815 662 magna
846 609 1029 662 ingenia,
1062 609 1280 651 deteriora
1309 610 1569 664 probaverit.
1620 611 1740 652 cuius

231 680 294 721 rei
324 679 349 720 l.
381 678 456 729 VI,
500 677 573 719 ubi
611 677 663 719 de
700 678 825 719 tmesi
858 678 1018 731 agitur,
1061 682 1104 720 et
1145 678 1249 720 alibi
1289 693 1485 732 promam
1532 679 1738 732 exempla.

231 748 360 801 idque
395 761 444 789 eo
476 747 614 801 magis
646 746 894 798 dolendum,
932 747 1047 801 quod
1079 747 1144 789 vel
1175 748 1363 789 maxima
1393 747 1474 789 fuit
1503 747 1630 789 huius
1662 747 1741 789 viri

231 817 346 871 apud
377 819 573 870 posteros
605 815 854 858 auctoritas.

346 884 431 926 Sed
480 884 594 925 idem
647 898 742 926 cum
792 898 925 925 novas
977 887 1106 938 atque
1163 885 1356 938 integras
1406 885 1602 939 poeticae
1651 887 1742 927 vias

232 953 487 1008 reperiendo
530 953 637 995 illud
677 953 832 1007 insigni
876 956 1033 994 conatu
1079 953 1377 995 commovisset
1426 958 1642 996 certamen
1679 955 1741 995 in-

233 1023 473 1077 geniorum,
518 1036 602 1076 quo
646 1022 1043 1076 antiquissimorum
1076 1022 1327 1063 Latinorum
1369 1023 1557 1065 rationes
1600 1023 1742 1065 metri—

234 1106 308 1133 cae
340 1092 527 1146 primum
558 1091 718 1132 acriter
750 1104 1001 1142 concussae,
1044 1104 1142 1132 mox
1185 1091 1378 1133 funditus
1425 1095 1525 1133 sunt
1556 1106 1742 1144 eversae,

234 1161 458 1214 acquiesse
490 1160 623 1201 ferme
654 1159 823 1201 videtur
855 1159 1077 1201 translatis
1098 1159 1350 1202 hexametro
1372 1164 1743 1215 pentametroque,

233 1244 316 1271 uno
350 1228 549 1283 equidem
588 1228 735 1270 addito
782 1242 908 1270 versu
951 1228 1164 1281 sotadico,
1207 1229 1280 1283 qui
1322 1233 1467 1271 tamen
1507 1230 1646 1284 qualis
1689 1230 1743 1272 ab

232 1299 369 1339 Ennio
412 1299 506 1352 ipso
550 1300 592 1339 et
634 1311 658 1338 a
699 1298 853 1339 ceteris
895 1298 1148 1339 Latinorum
1189 1299 1329 1353 poetis
1372 1313 1507 1353 usque
1551 1298 1606 1340 ad
1637 1299 1744 1341 Var-

234 1371 425 1409 ronemst
454 1366 630 1408 habitus
661 1370 727 1408 tot
767 1366 960 1408 abundat
999 1366 1200 1419 licentiis,
1241 1368 1436 1422 proxime
1477 1371 1525 1409 ut
1566 1368 1746 1410 accedat

237 1437 438 1479 libertate
471 1436 525 1477 ad
548 1435 780 1478 eorundem
803 1435 1011 1478 iambicos
1034 1450 1085 1478 ac
1107 1436 1350 1479 trochaicos
1372 1451 1584 1479 numeros.
1635 1436 1746 1478 falsa

240 1510 384 1547 autem
416 1505 583 1547 Alberti
615 1505 767 1558 Langii
799 1505 959 1559 opinio,
996 1505 1068 1559 qui
1109 1505 1153 1547 in
1191 1505 1516 1559 quaestionibus
1557 1506 1745 1548 metricis

233 1575 410 1616 Bonnae
442 1573 685 1616 MDCCCLI
716 1573 842 1615 editis
874 1574 931 1628 [p.
955 1575 1027 1629 42]
1061 1575 1271 1629 suspicari
1303 1589 1347 1617 se
1380 1575 1441 1617 ait
1470 1575 1602 1617 fuisse
1624 1578 1745 1616 vetus

235 1658 368 1698 genus
402 1644 668 1685 senariorum
700 1642 816 1697 apud
838 1643 1066 1695 Romanoa
1100 1644 1220 1685 cuius
1250 1644 1293 1685 in
1325 1644 1571 1686 universum
1594 1643 1745 1686 eadem

235 1713 366 1754 fuerit
396 1715 571 1764 natura,
614 1725 724 1765 quae
755 1712 798 1752 in
831 1711 1094 1766 elegantiore
1126 1712 1344 1755 Varronis.
1405 1713 1511 1755 nihil
1543 1713 1655 1754 enim
1691 1712 1746 1754 ad

234 1781 346 1822 hanc
390 1795 481 1822 rem
521 1780 778 1822 firmandam
818 1780 945 1822 affert
989 1784 1164 1835 praeter
1202 1781 1327 1824 binos
1368 1782 1495 1823 Ennii
1535 1781 1745 1835 binosque

235 1850 376 1891 Porcii
406 1864 566 1892 versuS.
628 1863 649 1890 e
682 1849 837 1903 quibus
868 1849 1051 1891 Enniani
1083 1853 1181 1892 sunt
1210 1850 1276 1892 hi:

512 1929 608 1964 Enni
634 1932 746 1974 poeta
771 1930 878 1974 salve,
906 1931 967 1975 qui
992 1931 1209 1965 mortalibus

510 1998 636 2021 versus
662 1988 837 2032 propinas
863 1986 1051 2022 flammeos
1076 1987 1296 2022 medullitus.

235 2069 364 2110 porro
395 2055 553 2097 Licini:

511 2136 674 2170 Poenico
700 2136 797 2171 bello
825 2137 985 2171 secundo
1011 2136 1119 2171 Musa
1143 2137 1294 2182 pinnato
1319 2137 1435 2181 gradu

510 2194 634 2228 intulit
661 2206 699 2228 se
725 2194 938 2229 bellicosam
963 2195 1000 2228 in
1024 2194 1173 2229 Romuli
1198 2198 1347 2239 gentem
1372 2195 1496 2230 feram.

237 2263 289 2304 de
322 2262 389 2304 his
422 2263 537 2316 quod
568 2263 721 2304 statuit
748 2263 949 2317 Langius,
980 2263 1192 2305 refellitur
1222 2263 1330 2305 illud
1362 2263 1605 2316 fragmento
1638 2265 1748 2306 eius-

237 2331 334 2372 dem
366 2331 568 2383 auctoris,
598 2332 713 2385 quod
743 2332 847 2373 item
881 2346 902 2373 e
923 2332 1034 2374 libro
1058 2332 1109 2374 de
1140 2332 1282 2387 poetis
1314 2333 1497 2387 petitum
1528 2333 1685 2387 legitur
1706 2334 1749 2378 in

237 2400 326 2441 vita
357 2399 563 2452 Terentii3
603 2404 648 2441 at
689 2400 803 2454 quod
847 2400 899 2442 de
931 2401 1155 2453 Ennianis,
1196 2401 1394 2443 refellere
1434 2401 1539 2443 nihil
1581 2403 1748 2444 attinet.

236 2468 420 2522 legenda
461 2472 605 2510 tamen
647 2483 759 2523 quae
802 2469 853 2511 de
895 2484 941 2511 re
985 2470 1135 2511 eadem
1175 2470 1218 2511 in
1256 2470 1461 2524 opusculo
1493 2471 1513 2512 I
1545 2475 1644 2512 sunt
1675 2471 1748 2512 ad-

238 2541 399 2579 notata,
436 2563 486 2566 —
528 2537 602 2579 sed
635 2538 942 2580 continentiam
980 2539 1099 2580 illam
1130 2542 1275 2580 utrum
1308 2538 1556 2581 adhibuerit
1587 2540 1749 2582 Ennius

238 2607 440 2648 satietate
474 2606 635 2660 gloriae
666 2620 720 2647 an
755 2607 808 2648 ob
852 2607 1152 2649 difficultatem
1200 2608 1360 2661 operis,
1403 2621 1487 2649 non
1526 2608 1613 2649 iam
1648 2608 1751 2650 licet

239 2679 356 2716 certo
386 2675 564 2716 definiri.
625 2675 730 2716 illud
763 2679 907 2717 tamen
938 2676 1182 2727 tenendum,
1214 2679 1262 2717 ut
1292 2676 1482 2718 feliciore
1512 2676 1656 2731 longe,
1688 2678 1750 2719 ita

239 2743 479 2785 difficiliore
513 2748 669 2786 conatu
698 2744 742 2784 in
774 2744 1086 2786 transferendis
1108 2745 1359 2786 hexametro
1391 2749 1749 2799 pentametroque

240 2826 332 2853 esse
375 2827 496 2854 usum
541 2813 724 2854 Ennium
773 2827 900 2866 quam
943 2813 1257 2867 Klopstokium.
1329 2813 1398 2854 bic
1441 2814 1551 2854 enim
1596 2813 1750 2855 habuit

239 2895 477 2923 sermonem
510 2882 639 2925 variis
673 2882 1052 2935 grammaticorum
1082 2882 1195 2923 curis
1227 2882 1505 2938 perpolitum,
1548 2882 1618 2925 ille
1651 2897 1749 2924 con-
