1898 3292
246 192 263 228 1
275 191 324 228 18
849 193 968 218 LIBER
986 189 1142 216 PRIMVS.

242 308 484 351 sequeretur
506 302 621 340 heroi
651 301 711 338 sic
747 296 1015 338 ‘occasionem
1049 300 1098 337 cle
1127 299 1193 337 [lie
1215 300 1388 346 dumque
1416 300 1547 337 virent
1575 295 1751 348 qenzaea',

244 376 285 410 ut
320 382 408 409 cum
441 381 492 408 eac
524 369 740 418 qalliambo
771 369 963 406 sotadeus
999 369 1068 414 fit,
1110 378 1163 405 ea·
1204 368 1369 405 sotadeo
1407 367 1670 416 qalle'ambus,
1713 373 1754 406 ul

244 442 323 479 iam
355 438 639 478 demonstravi.
701 433 816 488 quod
848 434 882 474 si
914 447 1014 474 vere
1047 432 1229 474 tradidit
1259 432 1347 484 ille,
1385 433 1517 474 habet
1548 433 1753 475 Horatius

244 521 328 560 quo
358 506 558 546 laetetur.
611 517 710 544 nam
740 506 783 543 et
814 502 1052 555 elegantius
1083 502 1252 554 longest
1283 501 1365 542 hoc
1392 505 1575 543 metrum
1604 502 1753 553 altero,

246 575 405 628 quippe
450 573 494 614 in
539 586 623 625 quo
669 571 895 624 insurgant
947 574 989 611 et
1039 570 1305 611 invalescant
1348 570 1526 611 numeri.
1599 570 1754 623 quibus

244 642 443 696 equidem
485 640 706 694 aptissime
737 654 840 681 usus
872 638 1081 680 Horatius
1115 639 1158 679 in
1191 639 1392 689 carmine,
1437 653 1521 692 quo
1554 639 1755 681 hortatur

245 711 402 753 oblitos
441 709 556 751 vitae
596 708 792 750 laborum
825 707 1203 762 periculorumque
1235 707 1447 748 hilaritati
1479 711 1522 749 et
1553 708 1755 750 conviviis

245 780 349 821 dare
378 779 554 820 animos.
608 776 683 818 sed
713 777 880 828 horum,
913 776 964 818 de
988 775 1143 830 quibus
1166 776 1291 817 modo
1315 776 1568 830 expositum,
1599 781 1754 818 metro-

245 863 339 890 rum
371 851 555 900 utroque
586 859 710 887 nemo
742 860 844 887 usus
886 844 1191 899 posteriorum,
1231 844 1313 890 nisi
1355 844 1634 898 elegiambico
1679 861 1757 900 per

244 931 375 959 unum
409 929 581 957 carmen
613 914 826 956 Luxorius
859 913 984 969 [Mey.
1019 914 1131 968 304}

359 985 450 1026 Iam
472 983 746 1037 procedimus
769 982 824 1023 ad
847 986 1082 1037 systemata
1112 996 1324 1023 versuum.
1376 981 1420 1023 in
1449 981 1604 1036 quibus
1635 996 1756 1024 enar-

248 1054 395 1096 randis
426 1052 701 1094 utilissimum
733 1051 838 1093 mihi
868 1051 1067 1102 visumst,
1111 1055 1354 1105 temporum
1399 1051 1520 1104 sequi
1551 1051 1757 1103 ordinem,

250 1137 431 1177 quorum
462 1135 541 1176 pro
574 1120 824 1162 diversitate
855 1120 1033 1173 insignis
1063 1119 1146 1161 hac
1176 1120 1219 1160 in
1246 1123 1371 1174 parte
1393 1124 1619 1174 poet-arum
1642 1120 1756 1162 Lati-

245 1206 398 1234 norum
416 1194 536 1232 extat
553 1189 807 1231 differentia.
845 1188 959 1242 quod
981 1203 1065 1230 non
1084 1202 1186 1230 casu
1203 1188 1376 1241 factum,
1396 1189 1470 1230 scd
1487 1189 1756 1231 necessitate.

361 1261 513 1313 Itaque
545 1258 671 1300 simul
704 1273 797 1299 cum
826 1258 1076 1299 hexametro
1108 1272 1192 1299 non
1223 1258 1403 1299 multum
1434 1258 1574 1312 impar
1605 1258 1756 1299 nobili—

247 1334 336 1371 tate
378 1332 645 1383 receptumst
684 1342 709 1369 a
749 1327 951 1368 Romanis
998 1330 1186 1382 systema
1228 1327 1475 1380 elegiacum.
1546 1326 1598 1368 de
1638 1327 1758 1369 cuius

251 1398 416 1452 origine
458 1397 520 1438 sic
553 1396 689 1438 tradit
719 1396 883 1437 Plotius
916 1396 1088 1451 [2634]:
1133 1394 1376 1448 εεῖερῖασῑιηι
1407 1403 1575 1437 metrum
1609 1399 1758 1437 dictum

247 1474 326 1516 est,
358 1471 467 1518 quod
498 1483 537 1509 εε
569 1472 688 1506 sonat
719 1468 1039 1506 interiectionem
1072 1468 1222 1516 flentis,
1254 1472 1292 1505 et
1322 1468 1398 1506 hoc
1430 1471 1555 1506 metro
1591 1469 1758 1506 mortuis

241 1541 361 1588 fletus
403 1537 694 1586 componebant
736 1531 933 1584 atzliqzci’.
1006 1547 1056 1574 ac
1100 1533 1298 1575 similiter
1341 1533 1549 1575 Horatius
1591 1534 1674 1588 [ep.
1707 1534 1757 1585 II,

248 1608 290 1656 3,
324 1604 418 1658 75]:

499 1660 664 1694 versibus
689 1659 867 1704 inpariter
892 1658 1027 1693 iunctis
1055 1659 1284 1704 querimonia
1308 1659 1477 1704 primum,

500 1720 585 1762 post
614 1717 725 1752 etiam
753 1717 929 1751 inclusast
954 1716 1030 1751 voti
1057 1717 1239 1751 sententia
1265 1728 1415 1761 conpos.

247 1809 382 1852 addas
424 1809 739 1863 epigrammata
782 1808 975 1862 aliosque
1019 1809 1155 1860 lusus,
1201 1809 1385 1851 maxime
1426 1810 1677 1861 amatorios,
1716 1810 1759 1851 in

248 1878 405 1933 quibus
444 1882 590 1919 tamen
626 1877 770 1919 Latini
810 1892 893 1918 non
939 1878 1076 1931 magis
1118 1892 1246 1931 quam
1289 1878 1444 1920 Graeci
1485 1892 1653 1932 semper
1693 1879 1759 1920 usi

249 1948 331 1990 hoc
377 1961 567 1989 numero.
638 1960 792 2001 parum
842 1946 948 1988 illud
999 1946 1292 2001 probandum,
1347 1947 1462 2001 quod
1511 1947 1565 1989 ab
1609 1947 1758 1989 Ovidio

248 2016 492 2058 adhibitum
521 2015 636 2056 idem
667 2015 881 2057 didactico
914 2015 1110 2067 carmini,
1152 2029 1231 2058 nec
1267 2019 1435 2058 tantum
1467 2016 1601 2058 iocosi
1632 2030 1758 2070 argu-

246 2085 396 2146 menti,
428 2084 504 2126 sed
530 2088 573 2125 et
607 2084 760 2138 gravis.

361 2153 452 2205 Iam
493 2153 699 2195 Varronis
744 2152 987 2206 Catullique
1034 2156 1178 2195 aetate
1224 2157 1438 2208 quotquot
1484 2153 1759 2207 reperiuntur

248 2223 438 2265 admissa
469 2225 716 2277 systemata,
749 2221 1002 2276 plerumque
1026 2221 1189 2263 habent
1220 2236 1368 2264 versus
1400 2222 1610 2277 synaphia
1640 2222 1758 2276 iuga-

246 2296 326 2343 tos,
360 2291 475 2345 quod
506 2294 650 2332 tamen
683 2305 735 2332 ex
763 2294 888 2345 parte
921 2305 1024 2332 casu
1053 2291 1261 2333 accidisse
1293 2305 1402 2332 reor.
1454 2291 1549 2344 quis
1581 2291 1693 2332 enim
1715 2291 1758 2332 in

246 2363 370 2401 tanta
410 2359 692 2413 reliquiarum
739 2359 960 2413 paucitate
1005 2359 1242 2401 affirmabit
1283 2360 1325 2401 in
1368 2363 1504 2401 metro
1551 2359 1758 2414 sapphico

250 2427 465 2470 Catullum
512 2427 719 2469 maiorem
767 2442 895 2480 quam
943 2428 1081 2482 ipsam
1127 2428 1300 2482 Sappho
1344 2442 1537 2470 servasse
1582 2442 1758 2470 normae

248 2497 534 2547 severitatem,
568 2509 679 2549 quae
706 2496 823 2537 haud
854 2510 953 2538 raro
988 2511 1136 2538 versus
1173 2497 1263 2538 eius
1293 2496 1427 2539 habet
1457 2497 1757 2552 asynartetos‘?

246 2579 386 2619 neque
416 2564 459 2605 in
497 2563 779 2618 asclepiadeis
821 2564 936 2606 illius
975 2569 1197 2619 comparet
1237 2565 1478 2620 exemplum
1511 2565 1755 2620 synaphiae.

364 2633 524 2675 Contra
570 2636 805 2688 systemata
852 2634 1150 2688 anapaestica,
1195 2635 1356 2685 ionica,
1408 2634 1628 2689 glyconica
1673 2648 1757 2675 non

249 2716 352 2743 casu
382 2715 585 2756 recepere
618 2701 754 2755 legem
789 2702 891 2743 eius.

362 2770 426 2811 Ex
458 2769 615 2823 quibus
636 2771 924 2824 anapaesticis
948 2770 1153 2822 dimetris‚
1186 2771 1418 2825 aliquando
1441 2771 1588 2812 addito
1611 2785 1756 2812 mono-

246 2841 384 2880 metro
407 2842 450 2880 et
471 2839 514 2880 in
535 2838 618 2880 fine
644 2839 932 2893 paroemiaco,
954 2854 1057 2881 usus
1081 2840 1218 2881 Varro
1242 2840 1510 2893 compluries.
1557 2842 1599 2880 et
1619 2839 1754 2880 isdem

248 2906 375 2960 plane
415 2907 656 2950 rationibus
695 2911 938 2962 grassatum
986 2908 1182 2950 existimo
1222 2908 1443 2959 Laevium,
1490 2908 1591 2950 licet
1637 2911 1754 2950 certo
