1898 3292
744 253 862 276 LrssER
882 252 1036 277 PRIMVS.
1570 247 1647 283 105

138 354 334 395 Caesaris
367 355 420 409 [c.
458 355 548 408 12].
592 355 720 395 etiam
759 355 1079 406 tragoediarum
1114 356 1384 395 instaurandi
1419 361 1517 396 sunt
1549 371 1650 396 ana-

136 423 289 476 paesti.
341 426 382 463 et
415 426 703 463 monometros
734 424 936 464 continuo
968 423 1248 464 decurrentes
1271 426 1467 476 agnoscit
1490 439 1648 477 aequa-

136 491 188 531 lis
220 492 408 532 Senecae
440 491 616 532 Caesius
649 491 809 532 Bassus
841 492 919 545 [gr.
952 491 978 531 l.
1012 492 1079 542 VI,
1113 493 1232 546 267]7
1269 493 1392 534 cuius
1424 493 1556 534 verba
1589 494 1649 533 ita

137 558 386 600 scribenda:
430 573 535 610 quae
563 564 774 600 clausulae
805 559 862 613 (h.
897 574 931 600 e.
973 559 1142 600 ‘lem-cci!
1174 559 1352 610 zcrhem'3
1397 561 1572 612 ‘primus
1601 565 1649 600 ab

137 626 265 680 θάψ’)
313 634 350 668 et
395 642 478 678 per
520 642 564 668 se
603 631 802 678 repellam
846 636 883 668 el
925 632 1030 669 inter
1069 642 1113 669 se
1153 633 1316 670 izmclae
1356 634 1647 680 anapaeslc'can

135 703 290 736 metron
321 699 503 747 efficiant
533 700 616 737 sic.-

570 776 702 809 tcrruit
727 775 849 809 urbem

564 833 712 877 primus
739 833 784 867 ab
811 834 905 874 oris,-

570 890 705 935 inclyte
725 901 847 934 parva

570 947 717 990 prodite
741 950 891 992 Jmtricm

573 1005 704 1038 terruit
731 1005 851 1038 urbem
871 1007 1019 1048 primus
1047 1005 1092 1039 ab
1118 1007 1212 1047 oris5

573 1062 717 1094 nominc
742 1061 870 1095 celebri
894 1062 1064 1105 claroque
1084 1065 1226 1105 polens.

141 1146 290 1183 contra
334 1142 597 1195 depravatae
637 1143 722 1183 iam
770 1142 1054 1188 doctrinaesu
1103 1158 1365 1196 quamquam
1404 1160 1456 1184 ex
1500 1146 1646 1185 eodem

138 1210 254 1251 fonte
297 1210 490 1261 ductum7
539 1211 653 1263 quod
697 1210 925 1252 Diomedes
972 1212 1058 1266 [pg.
1093 1216 1197 1264 5113
1232 1212 1281 1252 cf.
1317 1214 1417 1267 516]
1461 1214 1648 1266 profert:

138 1282 444 1330 anapaeslc'cum
477 1283 679 1320 ehericum
714 1283 905 1321 habemus
937 1283 977 1320 in
1012 1284 1167 1321 Seneca
1199 1280 1328 1335 [Med.
1362 1282 1485 1336 30l]:

547 1345 677 1392 cuulad:
702 1359 857 1392 nimium
884 1360 949 1403 qni
972 1360 1066 1402 freta
1086 1361 1245 1403 primus.

135 1428 217 1468 hac
258 1432 401 1468 autem
452 1427 702 1468 condicione
748 1442 1023 1470 numerorum
1072 1430 1211 1470 evenit
1257 1429 1381 1479 illud,
1430 1431 1544 1483 quod
1588 1433 1648 1471 in-

136 1510 339 1537 cusavere
371 1496 557 1549 plurimi,
592 1496 823 1550 explicavit
854 1511 990 1547 nemo,
1023 1502 1071 1538 ut
1100 1498 1172 1551 qui
1205 1499 1423 1552 sapphicis
1454 1499 1649 1541 versibus

139 1564 317 1606 adonios
349 1568 392 1606 et
423 1564 637 1619 glyconeis
677 1565 982 1618 pherecrateos
1023 1565 1323 1608 admiscuisset
1362 1572 1492 1621 poeta
1530 1583 1651 1609 num-

138 1647 266 1686 quam
312 1633 600 1686 anapaesticis
642 1633 923 1687 subiungeret
962 1635 1272 1688 paroemiacos.
1343 1639 1473 1689 atque
1520 1637 1649 1677 etiam

136 1701 218 1742 hoc
249 1701 473 1743 advertere
507 1701 655 1743 debuit
693 1702 860 1753 doctos,
903 1703 1017 1755 quod
1059 1702 1253 1745 dimetris
1284 1704 1493 1745 institutis
1527 1720 1645 1746 num-

135 1783 264 1822 quam
294 1773 516 1811 constante
538 1771 706 1812 ratione
728 1775 953 1812 remanent
973 1786 1109 1825 usque
1133 1774 1399 1814 monometri.
1454 1774 1646 1815 codicum

137 1841 282 1879 autem
312 1838 356 1878 in
388 1838 470 1879 hac
501 1838 779 1892 discriptione
812 1840 1049 1881 auctoritas
1080 1840 1208 1894 plane
1241 1842 1417 1893 nullast,
1452 1857 1547 1884 cum
1580 1847 1647 1884 sat

137 1909 306 1947 constet
328 1907 592 1948 canticorum
615 1907 821 1961 pleraque
845 1908 944 1949 olim
974 1909 1177 1950 continua
1206 1911 1422 1964 scriptura
1455 1915 1646 1952 exarata.

133 1999 190 2006 -—
230 1979 422 2016 ceterum
466 1976 658 2029 praeisse
705 1977 842 2018 videri
888 1981 1177 2019 monometros
1222 1978 1410 2021 Senecae
1456 1980 1646 2033 tragicos

136 2043 316 2097 Augusti
359 2044 562 2097 aequales
602 2045 688 2085 iam
721 2059 853 2099 supra
882 2046 1126 2086 memeravi.
1190 2051 1231 2088 et
1261 2048 1404 2100 potuit
1436 2048 1648 2102 opinionis

135 2111 372 2153 firmandae
405 2126 536 2153 causa
568 2113 723 2154 adduci
748 2113 934 2155 Gracchi
956 2114 1179 2155 Peliadum
1201 2114 1489 2169 fragmentum
1522 2116 1646 2171 [Non.

135 2184 230 2231 202,
255 2181 325 2235 17]
353 2188 471 2222 sonat
498 2184 663 2231 inpulsa
691 2186 809 2233 rossia
831 2187 972 2231 cardo,
1005 2183 1085 2224 nisi
1107 2183 1394 2237 probabiliter
1417 2184 1647 2226 admodum

133 2249 192 2290 ibi
235 2248 382 2290 Delrio
424 2253 654 2303 reponeret
696 2254 872 2301 inpulsu.
944 2252 1222 2293 monometris
1271 2253 1400 2294 etiam
1441 2268 1544 2294 usus
1585 2257 1649 2294 est

135 2318 366 2368 Ausonius,
407 2317 535 2371 plane
566 2322 614 2359 ut
646 2318 802 2360 Graeci
834 2320 1081 2361 ultimorum
1112 2325 1352 2375 temporum
1387 2322 1577 2363 Iulianus
1604 2323 1647 2362 in

135 2385 393 2427 Caesaribus
443 2386 496 2440 [I‚
529 2390 610 2428 409
651 2387 715 2428 ed.
748 2387 930 2442 Hertl.]‚
982 2389 1084 2429 item
1134 2390 1177 2429 in
1228 2390 1395 2444 hymnis
1446 2391 1647 2445 Synesius

136 2453 314 2508 [anthol.
346 2468 406 2507 gr.
437 2468 504 2508 pg.
538 2459 560 2495 6
594 2469 685 2509 sqq.
719 2456 782 2497 ed.
816 2456 1004 2511 Christ.].

250 2522 484 2564 Praeterea
516 2525 842 2577 anapaesticum
874 2525 962 2566 tale
994 2525 1133 2566 fertur
1165 2526 1336 2568 Sereni:

272 2602 363 2636 cedo
390 2603 524 2637 testula
549 2603 637 2637 trita
662 2604 751 2637 solo.
801 2616 865 2638 cor
890 2605 942 2639 iet
966 2605 1033 2639 tibi
1059 2617 1125 2649 per
1153 2606 1354 2650 speculum,
1382 2606 1544 2650 Panope.

133 2670 489 2712 nobilissimumst
534 2676 716 2713 metrum
760 2673 1135 2726 Aristophanium,
1184 2688 1266 2727 quo
1313 2675 1377 2715 usi
1420 2675 1557 2715 Varro
1605 2679 1647 2716 et

135 2738 332 2780 Serenus.
394 2744 592 2793 superest
638 2740 770 2782 mirus
813 2742 987 2794 quidam
1031 2756 1180 2784 versus
1221 2743 1645 2796 proceleusmaticus,

136 2807 256 2848 cuius
286 2807 393 2848 haec
425 2812 489 2849 est
522 2809 708 2861 species:

500 2888 598 2931 perit
623 2889 700 2923 abit
727 2889 890 2933 avipedis
916 2890 1075 2923 animula
1099 2890 1247 2934 leporis.

137 2968 262 3009 quem
295 2956 468 3008 quidem
500 2957 712 2998 assentior
745 2957 990 3000 Hermanno
1024 2959 1161 3013 [elem.
1195 2958 1329 3000 doctr.
1362 2973 1413 3000 m.
1444 2960 1515 3014 72]
1544 2960 1646 3001 item
