1898 3292
735 201 854 225 LIBER
873 200 1082 226 schNDvs.
1585 195 1662 233 183

156 318 232 344 nos
263 303 457 356 tetigisse
496 303 741 353 videantur,
786 302 942 343 addam
987 304 1176 344 eiusdem
1209 304 1383 344 huxorii
1417 305 1523 346 alios
1556 306 1662 346 duos

155 386 303 413 versus
344 371 604 412 emendatos.
665 372 797 424 igitur
836 372 879 412 in
919 372 1107 412 carmine
1139 371 1359 412 trochaico
1389 372 1440 413 de
1472 373 1663 427 piscibus

156 441 275 495 [303]
306 454 401 481 cum
433 440 487 480 sit
517 439 726 480 traditum
770 438 864 481 ‘nee
894 454 1053 481 manum
1087 443 1201 492 fugit
1230 447 1394 481 vocatus
1425 455 1500 482 nec
1536 455 1663 493 pupe-

154 512 231 550 sez't
260 506 456 560 reqiam’,
490 508 764 549 scribendum
797 508 993 549 existimo
1025 512 1222 559 pavescit.
1285 512 1327 549 et
1356 509 1418 550 ita
1443 510 1528 551 iam
1551 510 1661 551 Due—

154 576 324 617 bnerus.
385 576 486 617 item
520 576 623 618 alibi
655 576 770 630 quod
803 575 942 617 fertur
973 576 1024 617 de
1058 576 1238 618 Romulo
1270 576 1412 633 [336]:

430 649 529 684 disce
556 651 657 695 pium
682 650 833 684 facinus.
883 661 1070 694 percusso,
1094 649 1264 694 Romule,
1293 651 1406 685 fratre

430 708 458 741 si
484 707 578 751 (cdd.
604 708 670 745 sic)
697 708 764 742 tibi
789 707 909 742 Roma
933 707 1049 750 datur,
1076 707 1183 742 huius
1209 708 1281 742 iam
1307 708 1453 743 nomine
1480 709 1608 753 culpat

428 776 535 799 nemo
561 767 598 798 te
625 764 757 808 caedis,
783 776 972 799 murorum
998 764 1028 798 si
1053 764 1162 799 decet
1190 776 1307 808 omen,

154 842 231 882 pro
273 827 346 869 illo
392 830 541 881 aperte
573 827 682 869 falso
712 830 748 868 si
777 827 1090 868 restituendum
1123 827 1213 869 sine
1244 841 1366 869 mora
1394 833 1478 870 sed.

270 897 324 937 At
353 899 402 937 ut
430 899 623 951 repetam
656 896 779 947 viam,
812 910 939 949 quam
973 895 1201 947 declinavi,
1246 896 1406 949 similis¹
1434 897 1518 939 fuit
1548 897 1661 939 Mar-

152 965 260 1005 tiani
295 964 502 1006 Boethius
531 965 574 1005 in
604 965 748 1018 priore
780 968 904 1019 parte
933 964 1058 1006 metri
1100 964 1226 1006 huius
1271 963 1334 1006 ‘at
1363 969 1511 1018 reyz'na
1539 970 1660 1018 qravz'

152 1037 296 1075 saucia
322 1031 464 1082 cura'‚
498 1033 618 1075 cuius
649 1036 748 1074 sunt
779 1033 884 1074 talia
919 1032 967 1088 [1,
1001 1036 1037 1083 2,
1069 1035 1115 1084 33
1152 1036 1222 1085 143
1257 1034 1321 1088 ss]:

495 1101 615 1136 tendit
638 1101 674 1135 in
703 1104 872 1136 externas
897 1102 950 1135 ire
974 1101 1156 1135 tenebras.

495 1157 643 1193 flamina
668 1158 868 1193 sollicitent
891 1169 1052 1202 aequora
1076 1158 1192 1202 ponti.

495 1216 555 1250 hic
582 1216 767 1260 quondam
793 1216 894 1250 caelo
921 1215 1015 1250 liber
1039 1218 1179 1260 aperto.

153 1298 290 1338 neque
323 1285 449 1326 aliter
478 1285 592 1326 idem
623 1286 666 1325 in
699 1298 876 1325 numero
908 1283 981 1324 illo
1025 1282 1119 1325 ‘eur
1147 1287 1257 1336 ἱεραί
1288 1288 1432 1326 tardus
1466 1289 1661 1335 plaustra

154 1351 318 1394 Bootes'
353 1367 431 1407 pro
461 1353 648 1407 spondeo
677 1353 851 1394 admisit
882 1356 1163 1406 anapaestum
1197 1353 1257 1393 sic
1289 1353 1376 1407 [IV,
1401 1358 1436 1404 5,
1462 1354 1528 1407 5]:
1554 1352 1661 1394 ‘cum

152 1424 269 1462 nimis
309 1426 462 1463 celeres
503 1426 679 1473 eatplz'eet
717 1419 868 1463 ortzcs'.
942 1421 1124 1474 denique
1169 1421 1281 1462 idem
1327 1422 1371 1462 in
1412 1436 1538 1463 versu
1580 1422 1661 1463 hoc

145 1488 397 1542 ‘propinqua
437 1505 585 1532 summo
629 1493 801 1531 εανιῖὶηε
848 1487 950 1531 labi'
1004 1489 1235 1531 secundam
1282 1491 1400 1531 arsin
1445 1491 1659 1532 resolvere

152 1559 356 1600 sustinuit
385 1559 473 1614 [1V‚
507 1563 543 1609 5,
573 1559 664 1614 20]:
705 1558 937 1609 ‘stupetque
966 1561 1109 1600 subitis
1139 1561 1281 1600 mobile
1311 1556 1492 1611 vulqus'.

265 1627 355 1668 Nec
386 1631 530 1669 tamen
562 1627 757 1669 dissimili
786 1627 912 1681 longe
934 1627 1102 1668 ratione
1124 1627 1299 1679 factum,
1332 1627 1448 1681 quod
1470 1641 1492 1669 e
1515 1628 1660 1670 classi-

154 1696 213 1736 cis
246 1696 438 1737 Catullus
469 1697 512 1736 111
543 1696 738 1738 versibus
765 1695 1005 1749 phalaeciis
1037 1699 1080 1736 et
1112 1695 1261 1747 semel,
1304 1697 1339 1737 si
1371 1699 1577 1746 verumst,
1617 1696 1660 1736 in

151 1764 444 1818 pherecrateis
480 1765 697 1806 contraxit
727 1764 964 1819 dactylum,
1004 1765 1118 1818 quod
1149 1765 1262 1806 unde
1295 1765 1350 1806 sit
1380 1764 1660 1818 repetendum

152 1833 299 1875 docuit
343 1834 645 1875 Lachmannus
696 1832 848 1888 [praef.
877 1834 970 1875 Ter.
1001 1847 1070 1888 pg.
1106 1837 1155 1875 15
1190 1834 1283 1888 sq.].
1358 1833 1523 1875 scilicet
1564 1847 1660 1874 cum

154 1902 289 1943 Varro
312 1902 483 1956 aliique,
514 1907 563 1944 ut
583 1906 771 1944 testatur
793 1903 1074 1944 Terentianus
1106 1902 1235 1957 [2833
1259 1916 1371 1956 sqq.;
1404 1906 1513 1944 2866
1538 1903 1661 1956 sqq.],

151 1971 406 2013 statuissent
436 1975 479 2013 et
508 1971 745 2025 phalaeciis
775 1971 869 2012 istis
901 1974 943 2012 et
977 1971 1275 2012 anacreonteis
1304 1969 1486 2012 talibus:

562 2039 701 2084 triplici
725 2039 826 2074 vides
849 2042 891 2074 ut
915 2042 999 2073 ortu

150 2108 308 2159 inesse,
349 2108 384 2149 si
425 2108 621 2162 epiploca
658 2108 859 2159 utereris,
900 2107 1054 2161 pedem
1090 2108 1276 2150 ionicum
1308 2121 1334 2149 a
1363 2107 1543 2159 maiore,
1588 2109 1662 2161 qui

151 2176 306 2230 recipit
351 2181 393 2218 et
431 2177 681 2227 molossum,
728 2177 870 2231 potuit
911 2176 1179 2231 disciplinam
1220 2177 1363 2230 potius
1405 2190 1534 2230 quam
1577 2176 1660 2218 ele-

153 2246 345 2299 gantiam
366 2246 613 2299 respicienti
635 2245 804 2287 admitti
825 2245 868 2286 in
889 2249 1027 2286 metro
1048 2245 1276 2299 phalaecio
1293 2245 1360 2286 vel
1376 2245 1659 2299 pherecrateo

153 2313 377 2367 spondeus.
438 2328 699 2367 quamquam
731 2313 952 2355 fatendum
987 2314 1091 2355 satis
1125 2313 1345 2355 commode
1377 2314 1545 2355 ratione
1576 2314 1660 2355 ista

152 2397 275 2423 usum
307 2381 521 2423 Catullum
552 2383 596 2423 in
628 2382 833 2436 opusculo
871 2381 923 2423 de
954 2382 1148 2424 Camerio
1183 2382 1295 2437 [55],
1337 2383 1405 2423 cui
1445 2382 1525 2424 soli
1565 2396 1659 2424 eam

153 2450 361 2491 adhibuit.
412 2451 456 2491 in
483 2450 565 2492 hoc
597 2451 720 2501 enim,
754 2451 868 2503 quod
890 2450 1154 2492 Lachmanni
1185 2451 1343 2492 virtute
1370 2451 1414 2491 in
1444 2451 1659 2504 integrum

152 2519 454 2569 restitutumst,
486 2519 558 2572 qui
584 2533 680 2560 cum
710 2519 804 2560 aliis
834 2522 933 2573 post
962 2534 998 2560 V.
1024 2522 1074 2560 13
1107 2518 1275 2560 addidit
1306 2519 1506 2560 carminis
1538 2519 1660 2572 quin-

153 2588 391 2641 quagesimi
423 2588 562 2628 octavi
594 2602 742 2629 versus
774 2588 872 2629 inde
904 2602 929 2628 a
959 2591 1098 2638 sexto,
1127 2587 1425 2641 multiplicatis
1457 2587 1659 2640 spondeis

152 2655 260 2697 bene
294 2656 567 2709 exprimitur,
610 2657 780 2709 quantis
816 2656 1024 2697 molestiis
1052 2657 1354 2709 aerumnisque
1387 2655 1658 2696 conflictatus

153 2724 208 2764 sit
237 2727 368 2776 poeta
397 2724 441 2764 in
473 2724 719 2777 quaerendo
742 2724 948 2766 Camerio.
1001 2728 1150 2765 contra
1172 2724 1289 2766 nulla
1311 2727 1493 2777 apparet
1515 2737 1658 2774 causa,

153 2805 229 2832 cur
251 2791 381 2833 semel
402 2792 445 2833 in
465 2792 700 2846 hymenaeo
721 2793 866 2846 priore
888 2793 973 2847 [61,
992 2793 1064 2847 25]
1086 2792 1308 2834 admiserit
1329 2791 1658 2845 pherecrateum

151 2859 282 2901 talem
293 2875 301 2900 :

724 2917 892 2952 nutriunt
915 2929 1052 2952 umore.
