1898 3292
212 168 265 206 58
816 178 937 202 LIBER
955 178 1111 202 PRIMVS.

206 281 396 329 pluribus
426 283 604 328 choreis,
648 284 716 331 qul
757 284 939 321 trochaei
980 283 1028 320 ah
1064 283 1156 320 aliis
1187 284 1394 330 dicuntur,
1425 284 1723 333 pyrrichioque

212 344 432 389 decurras
497 347 571 389 ubi
602 348 695 400 illa,
726 363 837 402 quae
870 348 922 390 de
954 349 1121 390 choreis
1154 348 1288 397 dicta,
1323 363 1584 402 quamquam
1613 350 1723 391 mira

212 415 442 457 admodum
487 431 571 458 non
612 420 718 471 puto
760 417 1043 459 sollicitanda.
1105 432 1202 458 nam
1243 417 1443 459 videntur
1479 419 1667 472 repetita
1699 433 1724 460 a

213 484 411 526 doctrina
460 500 624 536 eorum,
676 486 749 539 qui
792 486 956 539 aliquid
999 486 1080 527 loci
1121 490 1169 528 ut
1208 486 1352 527 iambo
1392 486 1437 527 in
1478 486 1722 537 trochaicis,

209 553 272 594 ita
303 554 507 595 trochaeo
539 554 581 594 in
614 554 810 596 iambicis
845 555 1148 606 concederent,
1187 556 1267 596 etsi
1305 554 1500 609 plerique
1533 560 1650 596 recte
1679 556 1723 597 id

211 627 435 676 negarunt.
487 623 539 664 de
572 637 656 677 quo
691 623 968 677 disputarunt
1000 623 1115 665 docti
1150 624 1205 665 ad
1236 624 1343 665 illud
1365 624 1492 665 Marii
1517 624 1724 665 Victorini

211 692 291 746 [gr.
314 691 387 733 lat.
411 692 479 743 VI,
503 692 574 747 83]
617 707 857 743 quamquam
888 696 1154 734 Terentianus
1186 707 1219 734 e.
1239 707 1277 746 q.
1297 708 1326 734 5.
1362 718 1407 722 —
1445 693 1554 734 haec
1580 697 1724 734 autem

213 761 405 803 confusio
437 775 582 803 rerum
614 761 680 803 vel
713 761 767 803 ab
800 761 1015 815 epiploces
1049 761 1232 803 artificio
1254 762 1298 802 in
1319 762 1507 803 numeris
1528 761 1726 803 iambicis

214 830 534 884 trochaicisque
585 831 699 872 ultro
751 830 897 871 oblato
947 830 1183 884 repetenda
1229 830 1295 871 vel
1346 830 1461 883 quod
1508 834 1725 871 lrocleaczcs

209 899 384 953 proprie
426 899 625 941 celeriter
664 899 964 941 decurrentem
1006 899 1240 953 significat,
1279 897 1582 953 pernicitatem
1624 914 1724 940 vero

214 983 365 1009 cursus
400 968 553 1009 merito
589 969 785 1023 plerique
817 968 1063 1010 tribuerunt
1093 968 1249 1009 iambo.
1298 982 1400 1009 sane
1424 968 1726 1019 Quintilianus,

212 1037 275 1078 vir
305 1037 349 1078 in
380 1037 475 1079 aliis
507 1037 637 1079 rebus
669 1037 794 1079 valde
825 1037 1074 1087 laudabilis,
1120 1037 1301 1078 mirifica
1331 1037 1448 1078 haud
1480 1051 1579 1078 raro
1612 1037 1728 1078 circa

213 1120 281 1147 res
313 1107 516 1148 metricas
547 1106 629 1148 fuit
660 1106 727 1147 vel
757 1107 1003 1160 ignorantia
1037 1106 1103 1147 vel
1125 1106 1410 1159 neglegentia.
1463 1107 1537 1160 qui
1557 1107 1728 1148 videtur

213 1179 256 1216 et
298 1176 487 1216 Senecae
532 1175 688 1229 tragici
731 1175 991 1216 auctoritate
1034 1174 1189 1216 (luctus
1232 1175 1312 1225 sic,
1359 1178 1407 1216 ut
1453 1175 1631 1226 dictum,
1675 1175 1727 1217 de

212 1244 413 1286 Terentio
455 1244 670 1286 iudicasse
713 1245 829 1298 (nam
870 1244 914 1284 in
959 1243 1129 1297 dialogo
1172 1244 1287 1297 apud
1328 1243 1447 1285 illum
1478 1258 1617 1298 paene
1649 1244 1727 1285 soli

211 1313 486 1354 inveniuntur
517 1313 722 1367 trimetri)
755 1327 833 1355 nec
863 1313 1002 1354 minus
1035 1312 1264 1363 Fundanii,
1298 1312 1424 1353 amici
1456 1312 1644 1364 Horatii,
1687 1317 1729 1354 et

214 1382 326 1436 siqui
358 1382 478 1424 fuere
500 1383 754 1436 insequente
778 1382 950 1423 saeculo
974 1385 1174 1423 auctores
1196 1381 1402 1436 palliatae
1425 1382 1582 1424 veteris
1611 1384 1728 1436 (nam

212 1451 344 1493 fuisse
378 1451 587 1505 quosdam
624 1452 824 1505 constat),
857 1451 930 1505 qui
962 1454 1004 1492 et
1032 1451 1115 1505 ipsi
1144 1451 1245 1505 quin
1276 1450 1548 1505 paucissimis
1580 1451 1728 1492 metris

215 1520 374 1562 fuerint
415 1520 606 1561 contenti
646 1534 731 1562 non
762 1523 906 1574 potest
939 1519 1143 1561 dubitari.
1205 1523 1336 1573 atque
1366 1520 1428 1561 ita
1456 1520 1499 1560 111
1531 1519 1729 1561 atellanis

215 1593 257 1631 et
279 1589 430 1640 mimis,
465 1589 538 1643 qui
560 1589 705 1630 Sullae
728 1589 954 1642 Mariique,
985 1602 1083 1630 mox
1114 1589 1307 1642 Pompeii
1331 1592 1373 1630 et
1395 1589 1592 1630 Caesaris
1622 1592 1727 1630 tem-

214 1673 318 1712 pore
347 1658 535 1712 viguere,
566 1661 734 1699 tantum
765 1672 850 1699 non
879 1658 958 1699 soli
979 1658 1256 1711 reperiuntur
1289 1658 1448 1699 senarii
1480 1657 1655 1699 iambici
1686 1661 1728 1699 et

214 1727 427 1768 trochaici
465 1727 717 1781 septenarii,
761 1727 916 1780 quibus
960 1726 1158 1780 equidem
1202 1740 1348 1768 omnes
1391 1730 1591 1768 constant
1634 1740 1728 1768 sen-

214 1796 389 1847 tentiae,
423 1810 533 1850 quae
565 1796 643 1837 sub
677 1796 772 1851 Syri
802 1796 972 1837 nomine
1004 1797 1212 1837 feruntur.

330 1866 386 1906 At
427 1865 553 1906 aliter
589 1864 716 1919 longe
756 1865 970 1920 dactylici.
1042 1879 1093 1906 ex
1135 1864 1290 1918 quibus
1332 1864 1500 1918 priores
1543 1864 1732 1905 maxima

217 1935 336 1976 fuere
369 1934 591 1988 paucitate
623 1937 861 1975 metrorum
891 1933 1086 1987 exemplo
1109 1933 1246 1974 Ennii.
1298 1936 1449 1974 contra
1471 1932 1618 1974 decem
1641 1933 1731 1974 fere

215 2007 314 2057 post
358 2003 502 2044 Sullae
552 2006 735 2044 mortem
788 2003 910 2044 annis
962 2002 1101 2044 exorti
1154 2002 1310 2044 novelli
1361 2002 1447 2043 iam
1499 2001 1731 2055 plurimum

216 2072 476 2114 studuerunt
507 2071 843 2113 multiformibus
873 2071 1075 2113 numeris.

332 2140 507 2182 Scilicet
535 2140 837 2182 vetustissimis
868 2140 1137 2194 potissimam
1171 2153 1373 2181 curarum
1403 2142 1570 2193 partem
1604 2138 1732 2180 collo·

221 2210 311 2251 cari
342 2203 507 2263 placuit
534 2209 578 2250 in
598 2209 801 2250 limandis
824 2209 1156 2261 excolendisque
1178 2207 1384 2259 versibus,
1417 2222 1555 2261 neque
1577 2208 1666 2249 ulla
1687 2222 1733 2250 re

217 2278 354 2332 magis
386 2281 619 2332 superatur
650 2278 704 2319 ab
738 2278 798 2319 eis
830 2277 1007 2319 Plautus
1039 2291 1168 2331 quam
1198 2276 1368 2318 iudicio.

335 2347 445 2389 Vsus
476 2350 663 2388 autemst
694 2347 780 2398 his,
828 2361 938 2400 quae
971 2346 1077 2397 dixi,
1117 2346 1266 2388 metris
1297 2345 1460 2386 Ennius
1491 2345 1734 2399 promiscue

219 2417 262 2457 in
296 2416 465 2457 Saturis
498 2418 700 2470 (quarum
731 2419 902 2470 partem
935 2415 1129 2469 explesse
1161 2414 1378 2456 didactica
1410 2414 1500 2455 eius
1529 2414 1733 2465 carmina,

220 2484 542 2538 Epicharmum‚
576 2485 876 2536 Euhemerum⁷
899 2485 1183 2538 Protreptica,
1205 2482 1562 2538 Hedyphagetica
1588 2497 1734 2524 omnes

219 2553 353 2595 habet
384 2566 583 2594 numeros
614 2553 974 2607 probabilitatis),
1009 2553 1141 2594 veluti
1169 2553 1212 2593 in
1243 2553 1372 2593 tertio
1404 2551 1534 2602 libro,
1567 2552 1643 2605 qui
1670 2552 1733 2592 in-

221 2623 409 2676 scriptus
440 2622 522 2663 fuit
544 2621 700 2675 Scipio,
734 2625 776 2663 et
797 2622 1039 2663 hexametri
1062 2621 1264 2676 dactylici
1286 2624 1329 2662 et
1349 2620 1525 2662 iambici
1546 2620 1733 2661 trochai-

221 2692 344 2745 cique
375 2690 650 2732 inveniuntur
680 2691 857 2731 numeri.

334 2760 425 2802 Iam
443 2759 738 2813 dignissimum
756 2759 964 2800 memoria
985 2759 1103 2809 illud,
1127 2773 1340 2812 quaenam
1362 2758 1522 2799 fuerint
1544 2757 1733 2798 eiusdem

221 2828 347 2869 Ennii
377 2829 421 2869 in
453 2828 715 2870 adornandis
748 2842 858 2882 quae
892 2831 1126 2870 novaverat
1156 2829 1249 2882 ipse
1280 2828 1429 2869 metris
1459 2827 1626 2868 merit-a.
1682 2826 1734 2867 de

224 2911 309 2955 qua
338 2911 385 2939 re
418 2911 513 2938 cum
545 2896 823 2951 sequentibus
854 2897 976 2938 libris
1009 2897 1223 2950 copiosius
1257 2897 1335 2938 sim
1368 2896 1660 2950 expositurus,
1692 2898 1735 2936 et
