1898 3292
783 226 903 251 LIBER
921 227 1077 252 anvs.
1610 222 1623 258 1
1637 222 1686 258 17

179 328 353 383 syllabis
397 343 474 369 nec
516 342 599 368 non
639 328 910 382 asclepiadeo
955 330 1118 370 minore
1159 330 1224 371 vel
1267 330 1498 382 aliquando
1531 332 1686 373 adonio

179 398 468 447 continuaret,
510 397 704 438 obsecuti
746 401 846 438 sunt
887 398 924 438 ei
966 398 1230 451 posteriores
1261 399 1448 452 iugando
1480 400 1523 440 in
1554 414 1686 441 unum

178 466 261 508 duo
289 465 396 507 talia
428 465 522 507 cola
553 466 634 506 sic:

529 544 601 579 heu
627 557 735 589 quam
760 545 956 590 praecipiti
981 556 1101 580 mersa
1126 546 1321 590 profundo.

175 621 257 662 hoc
287 624 491 671 metrum,
535 619 638 660 mihi
670 619 842 673 quidem
879 624 927 661 ut
964 620 1151 671 videtur,
1193 620 1379 662 fractum
1421 626 1464 663 et
1505 622 1685 673 elumbe,

174 688 276 730 licet
321 703 404 729 non
457 692 603 729 careat
654 688 851 742 exemplo
904 688 1070 730 Graeco
1123 688 1191 744 [of.
1225 689 1379 731 Christ.
1417 694 1538 731 metr.
1571 691 1686 745 468}

175 757 353 798 mirifice
383 756 629 798 ultimorum
661 761 903 810 temporum
934 756 1178 799 hominibus
1209 758 1384 811 placuit.
1436 759 1548 800 unde
1579 762 1622 800 et
1642 760 1685 800 in

173 825 341 880 hymnis
382 825 579 879 optinuit.
640 829 905 866 memoratur
949 830 1091 867 autem
1130 827 1316 880 primum
1360 841 1385 868 a
1426 827 1685 869 Terentiano

178 898 285 937 1939
319 908 409 948 sqq.
451 919 487 924 —-
524 897 752 947 praeterea
783 897 921 935 metra
954 894 1079 935 simili
1110 895 1418 951 compositione
1442 895 1685 937 constantia

174 963 269 1017 ipsa
302 962 417 1017 apud
445 962 674 1004 Boethium
709 962 844 1003 habes
876 962 982 1003 talia
1014 963 1101 1017 [IV,
1135 963 1201 1018 5]:

563 1042 675 1086 siquis
700 1041 855 1076 Arcturi
883 1042 1004 1077 sidera
1028 1043 1156 1077 nescit.

561 1101 778 1144 mergatque
804 1111 903 1134 seras
930 1111 1090 1144 aequore
1116 1099 1290 1134 flammas.

172 1174 246 1216 ubi
278 1173 396 1215 vides
423 1174 556 1215 initiis
587 1188 735 1215 versus
775 1174 970 1228 sapphici
1015 1174 1082 1215 vel
1124 1174 1276 1215 alcaici
1319 1175 1437 1228 iungi
1468 1175 1682 1216 adonium.

173 1243 324 1284 alcaici
355 1243 613 1296 principium
646 1256 741 1283 cum
773 1242 1012 1283 Horatiano
1043 1242 1116 1283 illo
1149 1243 1236 1298 [1V‚
1269 1247 1306 1294 7,
1339 1244 1407 1297 2]:

562 1323 827 1366 arboribusque
855 1334 981 1356 comae

171 1391 385 1432 invenitur
415 1390 530 1445 apud
561 1390 795 1432 Luxorium
826 1390 952 1446 [Mey.
984 1391 1105 1446 316]:

560 1479 777 1520 monstrent,
801 1477 926 1512 volatu
951 1488 1223 1522 praememores
1247 1477 1395 1512 famulo.

174 1551 333 1593 similes
384 1554 528 1593 autem
576 1551 758 1593 facetias
807 1551 968 1605 poterit
1026 1551 1162 1593 videri
1215 1551 1379 1606 primus
1431 1551 1680 1594 adhibuisse

172 1619 354 1662 Laevius
387 1619 660 1675 decasyllabo
689 1619 789 1661 tali:

585 1704 713 1734 omnes
738 1699 824 1734 sunt
848 1699 951 1734 denis
975 1694 1123 1745 syllabis
1148 1701 1254 1734 versi.

173 1784 298 1823 quem
330 1768 464 1820 docti,
507 1769 631 1823 quasi
661 1782 744 1810 non
773 1768 980 1823 legissent
1010 1768 1159 1820 verba,
1200 1768 1397 1811 iambicis
1437 1768 1677 1811 distraxere

172 1838 377 1880 dimetris.

286 1907 351 1947 Ex
382 1905 558 1947 divulsis
589 1909 733 1947 autem
766 1905 1032 1948 diversorum
1062 1910 1298 1948 metrorum
1329 1906 1554 1961 particulis
1587 1920 1684 1948 con-

171 1976 298 2017 flatos
341 1989 490 2016 versus
534 1975 663 2016 etiam
706 1975 821 2029 apud
863 1974 1053 2016 Graecos
1098 1976 1306 2030 temporis
1357 1976 1442 2017 seri
1491 1975 1683 2016 invenias

173 2044 367 2097 adeoque
397 2044 483 2084 iam
516 2043 630 2097 apud
662 2043 805 2085 Aeolis
833 2047 1012 2085 veteres.

288 2113 509 2166 Superest,
563 2112 631 2153 de‘
664 2112 924 2166 asynartetis
972 2115 1021 2154 ut
1072 2111 1281 2154 dicamus.
1353 2125 1537 2167 quorum
1585 2125 1682 2172 per-

175 2181 352 2234 exiguus
381 2180 496 2235 apud
527 2181 744 2222 Romanos
776 2180 858 2222 fuit
888 2195 1004 2222 usus.

287 2249 352 2290 Ex
387 2249 453 2290 his
494 2249 550 2299 is,
605 2249 677 2302 qui
728 2253 934 2302 quattuor
984 2249 1166 2304 dactylis
1208 2253 1251 2291 et
1288 2249 1427 2291 tribus
1469 2249 1686 2291 trochaeis

174 2321 364 2368 constat,
406 2317 461 2359 ab
494 2317 752 2359 Archilocho
782 2318 920 2372 prius,
965 2318 1118 2360 deinde
1149 2318 1203 2360 ab
1237 2318 1418 2359 Horatio
1450 2322 1684 2372 usurpatus

173 2386 393 2441 [c.1‚4],
443 2400 527 2427 non
569 2387 695 2428 nimis
739 2386 959 2440 displicuit
1002 2387 1160 2428 aetatis
1204 2386 1381 2428 ultimae
1425 2386 1683 2428 hominibus.

172 2469 272 2496 nam
304 2458 346 2496 et
377 2454 492 2508 apud
514 2455 796 2496 Prudentium
827 2456 937 2510 [peri
961 2459 1011 2496 st.
1038 2459 1111 2507 123
1147 2456 1216 2510 13]
1247 2456 1462 2497 invenitur
1494 2459 1537 2497 et
1569 2454 1685 2509 apud

175 2523 403 2564 Boethium
435 2524 503 2578 [V‚
536 2523 591 2578 5].
653 2528 698 2564 at
728 2523 855 2564 aliast
887 2538 955 2565 res
986 2525 1029 2564 in
1063 2524 1344 2578 elegiambico
1377 2527 1533 2573 metro,
1566 2522 1682 2576 quod

173 2591 260 2632 iam
310 2592 536 2645 usurpavit
586 2591 891 2637 Archilochus.
943 2596 985 2633 et
1037 2593 1267 2634 contrario.
1343 2596 1574 2645 utrumque
1627 2591 1682 2632 ab

174 2660 355 2701 Horatio
387 2659 629 2701 adhibitum
662 2660 705 2700 in
738 2661 885 2714 epodis
917 2661 1011 2716 [113
1045 2661 1127 2716 13].
1186 2661 1238 2701 de
1271 2661 1426 2714 quibus
1457 2661 1518 2701 sic
1548 2660 1684 2701 refert

175 2728 349 2769 Caesius
392 2728 551 2769 Bassus
594 2729 767 2783 [2685]:
809 2744 901 2770 nam
942 2744 1030 2770 cum
1057 2733 1326 2771 Archilochus
1367 2732 1482 2770 heroi
1517 2735 1683 2780 partem

171 2799 352 2846 priorem
392 2810 480 2837 cum
523 2800 682 2838 iambici
729 2800 872 2848 priore
916 2804 1043 2849 parte
1083 2801 1345 2846 commiserit,
1393 2800 1449 2838 ita
1490 2804 1534 2838 ut
1572 2804 1683 2838 ante-

174 2868 339 2905 cederet
360 2868 508 2905 herous
531 2868 572 2905 in
603 2869 711 2906 hunc
741 2870 898 2907 modum
937 2865 1139 2907 ‘scribere
1169 2869 1390 2907 versiculos
1421 2879 1557 2907 amore
1580 2879 1683 2916 per-

176 2946 334 2973 cussum
363 2930 523 2985 yravf,
554 2936 749 2974 Horatius
771 2937 1001 2983 immutavit,
1033 2941 1076 2975 ut
1097 2938 1358 2975 antecederet
1379 2936 1540 2975 iambici
1562 2947 1683 2984 pars,
