1898 3292
669 289 787 314 LIBER
807 288 996 320 QVARTVS.
1504 280 1585 319 289

83 404 174 434 esse
206 392 497 446 reponendum
536 390 599 433 ‘ul
621 397 761 442 fierem
793 396 850 433 ad
878 406 939 432 me
968 388 1170 433 morluzes'
1208 416 1262 420 —
1293 392 1404 432 sicut
1424 391 1587 432 Ennius

83 461 192 502 dixit
231 467 334 510 fiere
363 461 492 514 longa
522 464 536 501 i
576 485 630 490 —
670 475 749 514 pro
781 474 830 502 eo
862 460 977 513 quod
1005 460 1130 513 vulgo
1160 459 1299 501 fertur
1330 460 1419 501 sine
1450 464 1588 501 metro

75 528 138 570 ‘ut
169 533 226 570 ad
253 543 314 570 me
351 535 491 579 fierem
521 526 740 570 morluus’.
801 542 931 582 porro
971 528 1086 581 apud
1117 527 1342 568 Paulinum
1374 528 1587 569 Nolanum

82 601 124 638 et
145 597 248 638 alibi
279 597 494 638 invenitur
528 611 656 650 saepe
681 600 781 646 fidei
810 596 939 650 longa
970 610 991 636 e
1023 595 1217 649 exemplo
1242 596 1366 638 Ennii
1389 600 1431 637 et
1451 610 1587 650 paene

81 665 241 719 ubique
272 665 529 719 productum
566 666 611 706 in
652 665 900 719 compositis
932 679 1061 715 prae,
1102 668 1151 705 ut
1187 664 1303 718 apud
1331 664 1588 706 Venantium

83 734 125 774 in
164 733 247 775 fine
291 734 491 775 carminis
533 733 586 775 de
627 737 778 775 sancta
819 747 945 775 cruce
990 732 1183 788 [miscell.
1214 732 1266 784 ΙΙ,
1298 733 1342 787 4]
1385 736 1425 773 in
1466 746 1590 774 cruce

82 817 160 843 rex
185 808 296 852 fixus
318 805 445 844 iudex
476 816 564 844 cum
588 805 781 853 praeerit
813 804 913 851 orbi,
946 802 1047 842 licet
1069 805 1234 842 veteres
1257 804 1430 843 secutus
1455 803 1589 843 Auso-

81 871 175 912 nius
208 871 365 912 dixerit
398 870 529 925 [idyll.
553 874 590 921 4,
615 870 686 924 56]
725 877 762 911 te
792 877 1036 920 praeeunte,
1079 870 1182 911 item
1214 869 1418 911 Paulinus
1453 870 1589 911 Petri-

85 939 320 980 cordiensis
367 938 438 993 [de
470 953 505 979 v.
539 938 713 979 Martini
743 938 800 989 II,
833 938 934 992 627]
979 945 1212 988 praeeunte
1257 945 1434 980 caterva.
1505 951 1589 978 non

82 1007 192 1048 enim
223 1007 351 1048 credo
384 1006 438 1048 ab
462 1007 521 1048 eis
548 1006 657 1048 tales
678 1007 863 1060 ineptias
884 1006 1103 1060 probatas,
1138 1020 1245 1060 quas
1268 1006 1319 1048 de
1342 1006 1589 1059 Vergiliano

80 1075 153 1116 illo
191 1076 301 1130 [aen.
338 1076 382 1126 V,
418 1076 516 1130 186]
548 1089 623 1116 nec
654 1082 735 1116 tota
768 1083 899 1116 lamen
931 1079 998 1116 ille
1026 1078 1151 1126 prior
1184 1082 1413 1126 praeeunte
1443 1078 1589 1115 carina

81 1144 261 1198 protulit
290 1144 503 1185 Maximus
534 1144 781 1186 Victorinus
813 1145 892 1198 [gr.
914 1144 940 1184 l.
964 1144 1032 1194 VI,
1066 1144 1185 1198 218]‚
1218 1157 1314 1184 cum
1345 1157 1397 1184 ne
1427 1143 1590 1184 Bedam

84 1213 256 1266 quidem
297 1213 457 1266 fugerit
497 1226 645 1254 verum
685 1212 802 1267 [V11,
845 1212 959 1267 248}
1031 1215 1181 1253 contra
1221 1211 1334 1252 idem
1376 1212 1590 1253 Ausonius

81 1281 218 1332 solus,
252 1284 459 1334 quantum
491 1281 681 1332 memini,
718 1280 826 1322 illud
858 1284 995 1331 quoad
1023 1281 1152 1334 longa
1182 1280 1326 1334 posuit
1361 1294 1381 1321 ο
1414 1280 1457 1320 111
1488 1279 1589 1321 ludo

81 1349 323 1403 sapientum
354 1349 465 1404 [XX,
496 1352 574 1390 132
608 1349 671 1390 ed.
706 1348 970 1403 Schenkel.]:

399 1423 581 1457 manendo
608 1422 783 1457 Solonem
812 1423 932 1467 quoad
957 1434 1035 1457 sese
1061 1422 1228 1467 recipiat.

80 1485 302 1535 fatendum
324 1489 468 1528 tamen
490 1486 626 1528 multa
647 1487 827 1528 inveniri
848 1487 892 1527 in
922 1486 1004 1527 hoc
1036 1486 1224 1527 carmine
1255 1485 1377 1536 mira,
1409 1498 1591 1538 quorum

80 1569 182 1609 pars
227 1569 279 1596 ex
317 1555 459 1596 Plauti
496 1554 773 1608 Terentiique
811 1555 992 1597 metrica
1032 1554 1144 1595 male
1183 1553 1419 1604 intellecta,
1463 1567 1591 1606 quam

82 1623 262 1665 subinde
290 1623 350 1665 ibi
380 1623 586 1674 imitatur,
616 1624 824 1677 provenit.
877 1627 1007 1677 atque
1037 1623 1099 1664 ita
1130 1623 1367 1664 Venantius
1398 1622 1592 1676 [miscell.

82 1692 130 1743 V,
154 1695 189 1743 7,
214 1691 285 1747 20]
316 1691 460 1746 posuit
482 1695 682 1746 porrecta
713 1706 734 1733 0
764 1691 808 1733 id
841 1692 955 1745 quod
987 1695 1053 1733 est
1083 1694 1250 1732 introiit.
1302 1704 1448 1731 verum
1477 1690 1592 1743 quod

82 1763 125 1801 et
152 1760 223 1801 hic
250 1764 293 1801 et
324 1759 397 1801 alii
429 1764 589 1811 dehinc,
622 1763 799 1810 dehisco,
834 1764 1051 1802 dehonesto
1084 1759 1294 1813 producta
1327 1758 1593 1800 admiserunt

83 1843 122 1878 e,
162 1829 206 1869 id
237 1842 336 1870 vero
369 1829 509 1870 evenit
540 1843 590 1870 ea
626 1829 840 1879 doctrina,
882 1842 968 1882 qua
1013 1828 1301 1882 posteriorum
1340 1827 1536 1881 plerique
1566 1831 1591 1868 le

80 1911 159 1951 pro
191 1911 379 1939 consona
400 1897 648 1939 adhibuere.
700 1901 928 1951 praeterea
949 1897 1287 1950 haudquaquam
1308 1896 1593 1937 inauditumst

83 1965 259 2007 Graecis
300 1966 345 2007 in
375 1966 516 2008 verbis
558 1966 709 2008 breves
751 1966 920 2007 vocales
961 1966 1213 2019 insequente
1243 1964 1381 2005 vocali
1409 1964 1589 2018 produci

83 2033 137 2075 ab
168 2034 417 2076 auctoribus
461 2034 728 2086 christianis⁷
771 2048 1033 2088 quamquam
1074 2033 1248 2088 negavit
1286 2032 1381 2073 fieri
1418 2032 1592 2074 Schnei-

82 2102 210 2144 derus
251 2103 330 2157 [gr.
362 2103 455 2145 Lat.
486 2103 518 2154 I,
556 2103 640 2158 98].
700 2102 762 2144 ita
803 2102 939 2144 habes
977 2102 1092 2157 apud
1129 2102 1364 2144 Ausonium
1406 2101 1592 2156 [parent.

85 2174 155 2223 23,
201 2171 270 2226 10]
316 2174 567 2224 Dryadiam,
611 2171 727 2225 apud
769 2171 990 2213 Sidonium
1038 2171 1188 2225 [epigr.
1232 2170 1286 2211 ad
1328 2170 1479 2211 Maior.
1522 2172 1592 2221 133

84 2243 159 2292 383
190 2253 258 2294 pg.
282 2242 360 2281 231
387 2253 447 2293 sq.
481 2237 545 2281 ed.
567 2239 782 2294 Luetioh.]
819 2242 1044 2292 Geryonem
1075 2252 1127 2280 ac
1158 2242 1366 2291 Marsyam
1397 2237 1526 2292 longa
1555 2252 1593 2290 y,

81 2321 211 2362 porro
242 2308 419 2349 Luxorii
446 2308 489 2349 in
521 2307 783 2349 carminibus
816 2308 930 2362 [358‚
955 2312 1000 2360 93
1033 2307 1103 2362 11]
1134 2310 1318 2349 Biantem
1349 2310 1392 2348 et
1423 2309 1593 2348 Perian-

85 2380 221 2426 drum,
263 2376 512 2418 Maximiani
551 2377 616 2431 [3,
648 2376 722 2431 48]
768 2379 971 2418 Boethium
1004 2376 1189 2417 extentis
1218 2379 1231 2416 i
1262 2375 1328 2416 vel
1359 2389 1394 2416 0.
1455 2388 1594 2428 neque

82 2444 364 2498 intellegitur,
406 2458 482 2486 cur
523 2445 662 2487 ultimi
693 2444 946 2486 Latinorum
976 2445 1020 2485 in
1060 2447 1238 2485 externo
1280 2456 1475 2485 sermone
1519 2442 1594 2484 ab·

84 2512 314 2555 stinuerint
342 2512 518 2554 licentia
551 2513 651 2565 ista,
682 2527 811 2567 quam
843 2511 909 2554 vel
940 2512 1103 2567 optimo
1133 2516 1328 2566 tempore
1359 2510 1594 2552 identidem

86 2581 298 2623 admisere
328 2581 413 2636 ipsi
445 2581 612 2623 Graeci.

199 2651 255 2691 At
284 2650 404 2704 prior
425 2650 638 2692 vocalium
666 2649 959 2691 collidentium
991 2649 1027 2691 si
1057 2649 1112 2691 sit
1142 2648 1298 2700 brevis,
1329 2651 1472 2702 potest
1502 2647 1589 2701 qui«

85 2718 181 2760 dem
221 2717 296 2759 illa
336 2717 562 2761 absorberi
601 2722 695 2760 tota
737 2718 913 2760 elisione
956 2718 1092 2770 facta,
1137 2717 1263 2771 quale
1300 2716 1434 2759 habes
1470 2730 1595 2758 versu

83 2786 323 2829 Praxillae:

338 2852 429 2888 ἀλλὰ
457 2852 541 2889 τεὸν
568 2849 703 2888 οὔποτε
727 2852 854 2898 θυμόν
881 2852 933 2888 ἐνὶ
962 2852 1158 2898 στήθεσσιν
1185 2851 1338 2886 ἔπειθον

86 2921 130 2959 et
160 2917 354 2960 Sotadis:

337 2992 444 3025 σείων
471 2992 599 3034 μελίην
628 2987 793 3034 Πηλιάδα
821 2989 943 3033 ὁεξιόν
970 2987 1045 3025 κατ’
1073 2984 1173 3032 ὦμον

154 3060 186 3085 L.
204 3059 393 3092 Muelleri;
417 3060 461 3086 De
480 3067 501 3086 r.
521 3067 556 3086 m.
576 3068 602 3090 p.
623 3060 653 3084 L.
1281 3047 1321 3078 19
