1898 3292
293 217 372 255 591S
960 225 1081 248 ixnrzx
1104 226 1124 250 Ι.

408 327 581 377 Ennius,
615 327 816 377 Lucilius,
852 328 985 368 Varro
1023 332 1086 376 21.
1121 334 1155 368 2.
1211 328 1396 381 Vergilio
1420 327 1640 382 adscripta
1672 344 1796 382 opus-

292 395 388 436 cula
419 399 598 437 22-24.
661 396 711 437 cf.
756 401 820 437 34.
882 396 1020 437 Ovidii
1050 397 1285 438 carminum
1324 396 1632 438 amatorioruni
1664 398 1799 439 codex

291 463 550 518 archetypus
584 468 635 505 24
649 468 762 506 --28
826 464 1059 506 Heroidum
1091 465 1200 506 liber
1234 469 1398 507 28—33
1432 468 1540 519 (mos
1572 470 1798 519 poetarum

292 532 540 573 Latinorum
584 533 777 574 variandi
821 535 1105 586 quantitatem
1147 534 1189 574 in
1227 534 1367 574 verbis
1408 535 1602 588 repetitis
1636 538 1700 584 30,
1734 538 1797 575 31.

293 601 625 655 Hypermestrae
649 602 833 654 epistula
857 606 921 643 29.
975 602 1184 655 epistulae
1207 602 1382 643 ultimae
1410 603 1465 643 VI
1490 607 1552 643 31.
1601 602 1799 656 Sapphus

291 670 472 722 epistula
501 673 565 719 31,
590 673 625 710 2.
682 671 849 711 Acontii
874 685 935 723 cp.
963 673 1044 723 32).
1106 670 1237 711 Nucis
1260 674 1411 711 auctor
1434 674 1498 712 33.
1546 671 1798 724 Lygdamus.

290 738 491 791 Sulpicia.
523 738 725 779 laudator
755 739 982 779 Messallae
1017 743 1080 780 32.
1142 739 1325 792 Priapea
1357 741 1424 788 33,
1467 743 1503 779 4.
1564 739 1799 780 consolatio

290 806 343 846 ad
376 807 537 847 Liviam
571 812 635 853 254.
670 812 704 847 5.
753 807 804 847 de
838 808 1086 848 Maecenate
1120 808 1281 861 elegiae
1322 811 1385 857 35,
1419 812 1454 849 6.
1503 807 1701 849 Manilius
1735 811 1798 849 36.

290 874 501 915 Homerus
554 876 732 916 Latinus
780 876 992 929 (Italicus)
1040 879 1113 925 36.
1162 881 1196 917 7.
1271 878 1434 917 Seneca
1479 876 1670 929 tragicus
1705 890 1798 917 cum

289 948 464 983 auctore
497 945 700 985 Octaviae
735 948 807 993 37,
843 951 879 985 8.
941 944 1161 986 bucolicus
1202 944 1506 986 Einsidelensis
1550 948 1613 986 38.
1677 944 1799 984 Avia-

288 1025 366 1051 nus
413 1014 477 1061 38,
517 1018 552 1053 9.
623 1013 904 1053 Terentianus
944 1017 1007 1053 39.
1067 1013 1344 1067 Symphosius
1388 1016 1568 1054 39-41.
1628 1027 1798 1053 carmen

289 1080 339 1119 (lo
381 1079 566 1121 Hercule
606 1085 671 1122 41.
741 1081 1073 1122 christianorum
1122 1087 1346 1135 poetarum
1401 1082 1659 1134 scriptorum
1704 1096 1799 1121 con-

288 1148 398 1188 ‹licio
433 1164 543 1202 quae
577 1150 707 1191 fuerit
740 1150 838 1190 olim
872 1154 937 1198 41.
972 1157 1006 1191 2.
1071 1165 1180 1203 quae
1212 1150 1339 1191 hodie
1371 1154 1435 1190 42.
1498 1149 1671 1203 quidam
1705 1150 1801 1190 novi

291 1231 438 1257 eorum
483 1219 643 1271 reperti
682 1218 782 1259 libri
825 1224 889 1260 43.
953 1220 1195 1272 fragmenta
1233 1223 1459 1272 poetarum
1494 1221 1560 1261 43.
1621 1219 1799 1272 inscrip-

288 1285 425 1326 tiones
457 1300 610 1339 parum
643 1291 818 1328 curatae
852 1291 915 1328 43.

402 1355 511 1404 Quo
563 1355 753 1395 studio
816 1357 892 1396 rei
956 1357 1224 1397 metricae
1285 1355 1517 1396 Latinae
1578 1355 1802 1397 fuerint

288 1422 440 1462 docti
471 1426 651 1464 43-48,

404 1492 659 1533 Criticorum
695 1493 999 1546 plerorumque
1033 1493 1148 1534 circa
1180 1507 1272 1534 eam
1305 1493 1472 1534 incuria
1502 1497 1568 1544 43,
1602 1499 1639 1535 4.
1692 1495 1799 1536 Ben-

287 1558 414 1600 tleius
446 1564 512 1610 44,
547 1566 583 1603 5.
638 1561 867 1603 Santenius
899 1567 964 1603 45.
1018 1562 1290 1603 Hermannus
1321 1566 1386 1603 45.
1439 1562 1702 1605 Kirchnerus
1734 1565 1799 1606 45.

287 1626 589 1670 Lachmannus
622 1644 804 1683 eumque
833 1631 1025 1671 imitatus
1054 1630 1268 1683 Hauptius
1295 1634 1360 1680 45,
1394 1635 1429 1671 6.
1473 1631 1711 1673 Meinekius
1733 1636 1799 1674 46.

288 1694 526 1738 Froohdius
549 1701 614 1738 46.
663 1713 772 1739 nova
804 1698 1002 1739 editionis
1034 1699 1161 1740 huius
1190 1698 1384 1739 subsidia
1407 1703 1458 1740 46
1480 1725 1499 1727 --
1522 1704 1574 1741 48
1607 1702 1800 1753 (nostrae

288 1778 417 1805 curae
450 1769 515 1806 47.
577 1766 759 1807 aliorum
791 1771 857 1815 47,
890 1771 926 1808 8.
989 1767 1174 1808 Meierus
1206 1771 1271 1808 48.
1333 1767 1597 1820 Zingerleius
1629 1770 1712 1823 48).

404 1833 650 1876 Editionum
681 1836 724 1875 in
758 1835 941 1876 citandis
973 1835 1224 1877 auctoribus
1253 1850 1356 1877 usus
1388 1840 1454 1878 48.

401 1902 608 1956 Epilogus
641 1908 706 1954 48,
741 1908 776 1946 9.

1018 2048 1056 2088 II

767 2129 999 2177 LIBER,
1035 2128 1317 2177 PRIMVS.

450 2228 514 2265 [ih]
548 2228 741 2266 STVDHS
768 2228 1041 2267 PUETARVM
1073 2230 1370 2269 LATINORVM
1400 2231 1644 2270 METRIOES.

953 2306 1132 2341 504137.

400 2378 824 2431 Antiquissima
879 2384 1061 2427 aetas,
1103 2395 1276 2434 usque
1334 2381 1398 2422 ad
1444 2381 1629 2422 Sullae
1672 2396 1798 2435 per-

286 2447 476 2488 tinens
503 2451 727 2487 mortem
763 2451 942 2489 50—63.

400 2515 690 2556 Romanorum
728 2516 1005 2556 vetustissimi
1048 2520 1111 2559 50.
1183 2518 1290 2558 Livii
1332 2520 1374 2558 et
1413 2521 1672 2558 sectatorum
1708 2518 1797 2559 eius

285 2583 429 2624 studia
458 2584 638 2623 metrica
671 2597 903 2637 eorumque
936 2585 1119 2638 exempli
1141 2586 1384 2627 observatio
1416 2588 1482 2636 50,
1514 2591 1577 2628 51.
1636 2586 1797 2627 Ennius

287 2656 465 2693 51—59.
521 2652 611 2692 eius
654 2652 847 2705 exempla
883 2654 1051 2694 Graeca
1085 2659 1148 2695 51.
1209 2655 1319 2695 vatis
1350 2668 1503 2695 nomen
1534 2669 1612 2708 pro
1643 2659 1797 2708 poetae

285 2721 557 2773 antiquatum
612 2734 663 2760 ac
711 2735 858 2761 rursus
912 2726 1132 2775 receptum
1181 2726 1360 2766 514255.
1436 2723 1625 2764 rationes
1670 2723 1796 2763 Ennii

284 2789 491 2830 metricae
514 2803 564 2830 ac
597 2789 879 2843 prosodiacae
911 2795 974 2839 55,
1011 2794 1047 2831 6.
1100 2795 1238 2832 metra
1261 2792 1315 2832 ab
1349 2805 1398 2832 eo
1430 2791 1626 2832 adhibita
1658 2796 1720 2841 56,
1759 2795 1795 2832 7.

284 2862 559 2909 comparatus
592 2872 687 2898 cum
719 2857 973 2911 Klopstokio
1009 2863 1072 2909 56,
1102 2863 1136 2900 7.
1199 2859 1248 2900 cf.
1282 2862 1348 2903 59.
1409 2861 1719 2914 dactylicorum
1751 2864 1793 2900 et

283 2926 575 2966 scaenicorum
606 2926 1002 2980 z‘uitiquissimornm
1025 2928 1066 2968 in
1099 2928 1355 2970 adhibendis
1386 2930 1534 2970 metris
1568 2929 1792 2971 diversitas
