1898 3292
258 222 336 260 502
840 226 959 250 LIBER
979 224 1179 250 SEPTIMVS.

258 331 441 372 minibus
473 329 636 382 pariter
667 332 797 380 atque
830 327 1115 379 elegiacorum
1139 324 1203 365 vel
1232 324 1541 365 didacticorum
1565 323 1762 364 adhiberi

259 402 471 452 coeptast,
508 398 692 437 maxime
723 396 845 436 initio
878 409 1027 435 versus
1060 398 1122 443 et,
1161 397 1208 433 ut
1236 391 1480 433 observavit
1511 392 1760 442 Froehdius‚

257 468 299 507 in
326 465 520 507 formulis
542 465 783 514 verborum,
815 463 963 516 quales
995 465 1094 503 sunt
1136 460 1219 501 ‘ast
1251 474 1337 511 600,
1370 466 1432 500 asc
1465 462 1543 508 ubi,
1570 467 1633 500 asl
1665 457 1761 507 ills,

260 539 336 576 aut
366 534 523 574 iniecto
554 533 722 573 nomine
759 531 946 585 proprio.
1007 530 1091 570 iam
1134 534 1181 569 ut
1226 528 1442 577 omittam,
1485 527 1596 580 quod
1637 542 1762 580 para-

260 604 400 643 doxon
441 602 593 642 statuit
634 600 936 640 Bunemannus
976 597 1048 654 [ad
1080 598 1195 637 Lact.
1227 596 1379 650 phoen.
1415 595 1509 652 115]
1549 610 1633 636 non
1664 595 1765 648 poni

260 679 323 712 as!
360 673 460 711 ante
491 668 699 718 vocalem,
742 672 789 708 ut
822 667 996 707 Martini
1028 665 1168 706 verbis
1209 668 1322 715 utar,
1366 679 1391 705 a
1433 663 1625 705 cultioris
1668 663 1765 717 styli

259 739 421 792 peritis,
452 752 536 778 non
567 743 683 777 recte
716 736 824 776 dixit
855 735 1093 787 Wagnerus
1124 733 1219 774 ideo
1252 733 1447 774 voculam
1478 732 1595 772 illam
1627 732 1765 772 minus

261 807 398 847 solere
429 805 512 858 legi
551 808 650 845 ante
690 817 908 853 consonas,
953 802 1067 855 quod
1108 801 1197 842 fere
1237 801 1395 842 habeat
1435 801 1629 842 subiecta
1669 814 1765 853 pro-

261 875 443 915 nomina.
489 887 587 913 nan]
619 886 697 912 nec
722 875 910 912 verumst
940 870 1033 915 1100.
1063 884 1153 918 1100,
1186 869 1219 909 si
1250 869 1306 909 sit
1338 883 1495 919 verum7
1528 868 1767 909 declarabi—

262 948 332 984 tur
362 942 473 991 inde„
513 955 600 990 cur7
633 940 705 992 qui
735 946 797 980 as(
830 954 916 989 esso)
950 946 1011 979 as!
1044 942 1110 978 ille
1141 937 1418 987 admiserunt⁷
1460 937 1676 990 refugiant
1707 943 1769 976 απ

264 1025 336 1053 me,
369 1017 431 1050 (mc
463 1024 548 1055 nos,
580 1007 746 1060 similia.
804 1007 877 1047 sed
909 1006 1008 1046 hinc
1040 1005 1176 1046 solum
1208 1005 1482 1045 observantia
1512 1004 1586 1045 illa
1618 1007 1767 1053 ortast,

264 1078 377 1131 quod
412 1077 589 1117 metrica
619 1075 887 1129 potissimum
922 1073 1177 1114 necessitate
1208 1072 1346 1113 forma
1377 1073 1615 1126 particulae
1647 1072 1769 1112 istius

263 1149 541 1199 temperatur.
591 1144 705 1197 quod
738 1158 833 1183 cuin
865 1143 927 1183 ita
957 1142 1128 1191 habeat,
1158 1141 1227 1181 vix
1256 1141 1342 1191 fiet,
1373 1145 1421 1182 ut
1453 1141 1623 1181 duriore
1646 1154 1769 1180 voca-

264 1215 365 1256 bulo
397 1214 553 1263 utaris,
589 1212 662 1253 ubi
695 1212 853 1252 sufficit
881 1210 1136 1263 elegantius,
1169 1224 1247 1250 nec
1279 1223 1380 1250 sane
1412 1209 1551 1250 inveni
1578 1216 1641 1249 asc
1673 1212 1771 1249 ante

267 1296 497 1323 consonam
529 1281 714 1334 positum
750 1280 1026 1320 classicorum
1057 1281 1282 1331 poetarum
1306 1277 1511 1331 exemplis
1542 1277 1624 1318 nisi
1657 1277 1772 1317 hisce

268 1351 455 1403 Vergilii,
489 1349 640 1398 Ovidii,
674 1348 820 1396 Persii,
852 1347 956 1397 Silii,
989 1346 1127 1395 Statii,
1152 1345 1384 1387 Iuvenalis:
1417 1353 1479 1387 ast
1502 1350 1551 1387 de
1572 1360 1632 1386 me
1663 1346 1772 1400 [aen.

268 1421 322 1469 X,
356 1418 477 1474 743],
523 1425 585 1458 ast
617 1421 745 1465 laeva,
779 1423 842 1456 ass
872 1419 1035 1456 ‘iuvenes
1078 1414 1262 1470 [metam.
1296 1414 1390 1464 VII,
1421 1418 1523 1465 2413
1554 1414 1631 1463 XI,
1663 1412 1774 1468 461}

267 1495 330 1529 ns!
363 1494 476 1527 vocal
508 1485 561 1541 [6
594 1484 683 1540 27],
724 1492 786 1524 asc
819 1488 975 1525 delecta
1012 1482 1099 1539 [XL
1136 1482 1249 1538 190],
1293 1489 1355 1523 ast
1386 1490 1516 1523 {amen
1560 1481 1689 1537 [theb.
1722 1481 1774 1531 ΙΙ,

269 1555 382 1610 663],
417 1562 479 1595 ast
511 1568 597 1594 cum
631 1552 755 1608 [XIV‚
789 1551 898 1607 216]
961 1554 1111 1592 contra
1142 1550 1257 1604 apud
1288 1550 1437 1591 Silium
1468 1550 1541 1601 ΙΙΙ,
1575 1554 1625 1591 35
1659 1553 1775 1590 recte

269 1639 320 1664 ex
363 1621 603 1676 potioribus
640 1620 761 1661 libris
797 1620 988 1660 Bauerus
1022 1626 1063 1659 ab
1094 1622 1257 1670 Scygsc'us
1299 1632 1377 1671 pro
1420 1632 1469 1659 eo
1511 1618 1624 1671 quod
1667 1617 1776 1658 male

269 1695 393 1733 sonat
424 1698 486 1731 asc
514 1693 689 1741 Styyzzcs.
747 1688 821 1728 illa
853 1691 996 1728 autem
1029 1691 1183 1728 cuncta
1220 1687 1395 1727 satirico
1422 1690 1496 1727 aut
1527 1687 1647 1739 epico
1678 1699 1776 1739 pro-

270 1774 422 1800 venere
463 1758 662 1798 carmine.
724 1760 766 1796 et
805 1756 916 1796 inter
947 1755 1204 1796 christianos
1238 1754 1453 1795 Orientius
1495 1753 1715 1809 [common.
1747 1753 1777 1804 Ι,

272 1827 367 1883 249]
411 1827 518 1867 dixit
560 1824 643 1865 ‘nst
671 1822 842 1872 lancen',
885 1823 959 1864 ubi
995 1824 1105 1864 alter
1138 1823 1272 1863 codex
1302 1822 1435 1863 habet
1467 1830 1526 1862 est
1557 1829 1700 1870 lcmzen,
1737 1825 1779 1862 et

271 1896 474 1937 Paulinus
509 1894 591 1950 [19,
626 1892 720 1949 141]
765 1891 848 1933 ‘ass
885 1889 1130 1943 ΟανΙΙιαῃοζ
1161 1891 1344 1944 denique
1377 1891 1612 1932 Venantius
1645 1889 1707 1945 [V,
1741 1893 1778 1940 5,

273 1964 340 2020 73]
384 1963 467 2005 ‘asc
498 1966 656 2004 Iudaea„
687 1958 867 2002 manus’.

387 2032 618 2072 Praeterea
649 2029 754 2070 illud
784 2042 834 2070 [ιο
865 2028 1038 2081 pessimi
1070 2027 1402 2068 christianorum
1432 2041 1527 2068 cum
1557 2027 1781 2081 posuerint

273 2104 372 2141 ante
404 2100 592 2149 vocales,
634 2112 710 2139 nos
754 2097 897 2151 potius
943 2095 1187 2137 curabimus
1228 2096 1504 2137 classicorum
1544 2095 1664 2145 illos,
1708 2094 1780 2147 qui

272 2169 451 2210 eandem
497 2166 754 2221 particulam
802 2165 1039 2210 adhibuere
1084 2164 1335 2217 insequente
1382 2163 1611 2216 gutturali,
1666 2162 1780 2216 quod

273 2241 433 2290 quanto
457 2250 585 2289 opere
610 2235 877 2288 displicuerit
898 2233 1115 2287 plerisque
1147 2236 1320 2285 praeter
1352 2232 1581 2273 dictionem
1612 2235 1781 2272 simulac

274 2304 510 2346 declaravit
533 2303 747 2356 Hauptius
770 2301 1153 2342 Observationibus
1185 2301 1345 2341 criticis
1380 2300 1434 2356 [p.
1459 2304 1511 2341 34
1534 2299 1653 2355 sqq.].
1706 2299 1780 2339 sed

274 2374 457 2414 alienam
480 2372 717 2425 probavere
740 2384 931 2411 normam
961 2373 1135 2422 praeter
1158 2369 1341 2410 comicos
1374 2368 1440 2424 [cf.
1465 2367 1600 2408 Plaut.
1626 2366 1778 2408 Bacch.

277 2445 353 2483 147
390 2440 458 2496 al]
502 2454 523 2480 e
566 2439 750 2480 satiricis
782 2438 983 2485 Lucilius,
1026 2437 1145 2477 cuius
1186 2440 1284 2477 sunt
1325 2437 1455 2477 haec:
1494 2449 1543 2476 ac
1573 2440 1781 2483 moinum,-

275 2523 324 2550 ac
346 2523 539 2556 caenecm;
570 2522 618 2548 ac
640 2510 950 2557 cercupe'lleecon
985 2504 1152 2560 [XXVL
1176 2509 1250 2556 503
1283 2505 1355 2555 IX,
1386 2509 1431 2555 83
1462 2505 1542 2545 inc.
1566 2503 1651 2559 45],
1679 2503 1781 2543 item

276 2577 412 2618 Varro
445 2576 707 2629 Meffippeus,
749 2574 820 2627 qui
853 2574 1021 2614 scribit:
1063 2587 1113 2614 ae
1141 2587 1326 2622 censecm;
1357 2586 1407 2613 ac
1445 2575 1564 2613 Ceres
1604 2570 1780 2627 [Sescul.

277 2649 350 2697 213
383 2645 526 2686 sciam.
564 2645 624 2698 1],
668 2657 745 2684 nec
786 2656 868 2683 non
901 2642 1112 2682 Iuvenalis
1144 2641 1226 2682 ita:
1270 2655 1319 2682 αο
1350 2648 1459 2682 cevez
1490 2641 1546 2695 [9,
1579 2639 1660 2695 40].
1721 2640 1781 2680 ita

275 2715 318 2755 in
351 2713 520 2754 Punicis
552 2712 643 2753 Silii
675 2711 805 2752 semel
836 2710 934 2750 libri
968 2709 1033 2765 1X,
1067 2708 1162 2764 30⁴4]
1195 2723 1244 2750 <w
1274 2712 1422 2760 φιλίαις
1453 2710 1569 2762 (nam
1599 2708 1701 2748 alibi
1735 2707 1780 2763 [Ι,

278 2781 374 2837 3111)]
416 2781 527 2822 idem
568 2788 604 2820 el
642 2781 818 2832 cedere).
882 2783 1030 2818 contra
1070 2779 1113 2818 in
1149 2777 1327 2817 Octavia
1367 2776 1481 2833 [631]
1523 2779 1639 2817 recte
1679 2789 1780 2829 pars

277 2851 560 2902 scriptorum:
603 2853 788 2889 desertus
821 2854 857 2887 01
899 2851 1127 2887 deslreccm-s·
1162 2852 1199 2885 et
1237 2849 1391 2886 cuncte's
1431 2858 1566 2896 eyens,
1607 2857 1690 2886 non
1733 2858 1782 2884 ac

279 2922 446 2960 cunctis.
511 2917 693 2970 denique
740 2919 890 2957 auctor
933 2914 984 2955 de
1024 2914 1173 2967 figuris
1215 2913 1363 2956 eadem
1404 2928 1505 2954 usus
1546 2912 1780 2966 asperitate
