1898 3292
207 235 287 273 262
805 242 923 266 111ssssss
943 242 1117 266 Tfflrrivs.

207 352 252 387 at
285 346 468 399 pessime
500 346 633 386 habet
665 345 718 385 ab
754 345 867 384 0111111
895 349 1031 398 parte,
1062 344 1175 397 quod
1205 345 1505 387 circumfertur
1528 345 1652 399 vulgo
1675 347 1717 386 in

206 417 396 471 priapeis
440 416 525 470 [(13,
566 416 602 469 1]
646 413 868 464 ‘paramum
912 417 1007 454 milei
1043 418 1120 463 siml
1150 414 1270 465 'qdod
1307 418 1372 455 laic
1404 419 1524 456 miser
1556 421 1718 457 sedem?

206 492 354 537 agente
381 492 496 525 [erra
523 498 602 534 per
635 486 845 524 caniculas
878 485 1003 523 rimas
1034 486 1281 524 siliczclosam
1310 487 1553 525 sustinemus
1587 492 1718 525 aesta-

207 551 322 595 lem'.
385 567 407 594 e
436 553 592 606 quibus
626 552 790 605 primus
823 565 971 592 versus
1004 565 1100 592 cum
1132 551 1232 592 talis
1264 552 1355 593 fere
1388 552 1646 594 exhibeatur
1675 553 1718 593 111

205 622 328 664 libris
351 621 522 675 scriptis
566 620 731 671 ‘parum
764 626 822 660 esc
853 623 949 660 milei
981 624 1089 670 qaod
1117 624 1183 661 Ιιὶε
1208 624 1286 670 [Ξ.Βί
1316 618 1490 669 sedens,
1523 621 1584 662 sic
1604 621 1718 662 vide-

206 695 278 733 tur
310 704 403 732 esse
434 688 826 731 reconcinnandus:

483 767 651 809 parumst
676 763 785 807 quod,
811 763 871 797 hic
898 775 982 798 cum
1005 763 1154 797 fixerint
1179 763 1267 797 1111111
1293 764 1428 807 sedem,

206 834 298 871 tum
321 833 466 870 cetera
487 832 617 882 prout
649 841 761 868 nunc
793 828 992 868 feruntur
1024 827 1326 869 continuanda.
1378 842 1476 869 nam
1510 833 1719 871 mutatum

206 898 449 953 promiscue
484 898 667 951 primam
700 896 754 937 ad
785 910 1015 950 personam
1047 896 1372 949 significandam
1403 896 1612 950 pluralem
1645 914 1720 939 1111-

208 982 372 1008 11161·11111
406 981 500 1007 611111
533 965 738 1018 singulari
773 978 897 1006 nemo
931 966 1013 1005 erit
1044 965 1115 1018 qui
1147 954 1324 1006 incuset.
1376 965 1437 1006 ita
1470 967 1581 1007 6111111
1614 967 1722 1009 dixit

209 1035 404 1077 Tibullus
427 1034 496 1089 [[Ι,
520 1039 557 1085 4,
582 1034 624 1088 5]
669 1032 727 1075 ‘et
756 1037 931 1083 seuquid
959 1037 1089 1074 merui
1119 1037 1296 1084 ‚seuquid
1310 1038 1581 1084 pcccavinms,
1613 1034 1717 1076 uril’

212 1109 254 1146 et
286 1103 537 1157 Propertius
575 1103 629 1157 [I,
668 1107 700 1153 l,
733 1102 804 1156 33]
849 1101 907 1142 ‘in
941 1116 1001 1143 me
1035 1110 1177 1143 nostra
1218 1105 1346 1143 Venus
1380 1110 1515 1145 πορίω-
1557 1112 1723 1146 exerces

208 1171 394 1215 anem-(23⁷
444 1186 523 1213 nec
554 1172 692 1212 minus
725 1170 840 1211 Naso
872 1170 1053 1225 [heroid.
1088 1175 1123 1221 5,
1153 1172 1225 1225 45]
1271 1170 1329 1212 ‘et
1353 1176 1461 1223 flesti
1493 1180 1530 1213 cl
1561 1180 1721 1214 nostros

208 1245 343 1283 vidisti
368 1244 504 1293 flentis
538 1244 684 1281 ocellos
716 1239 786 1294 [cf.
821 1243 862 1281 et
883 1240 1020 1281 Persii
1052 1240 1158 1293 prol.
1182 1255 1217 1280 v.
1243 1240 1298 1294 7].
1330 1265 1385 1270 —
1418 1245 1648 1294 praetcrea
1678 1243 1721 1283 111

207 1324 334 1352 versu
365 1308 514 1350 Avieni
543 1308 625 1349 hoc
658 1308 800 1363 [644]:

485 1383 556 1416 scis
583 1394 666 1415 nam
692 1382 801 1416 fuisse
829 1383 905 1415 eins
931 1382 1031 1416 modi
1057 1383 1277 1416 sententiani
1316 1431 1318 1433 Ι

210 1452 297 1489 elus
332 1451 438 1488 moch'
469 1460 552 1487 11110
575 1445 829 1486 vocabulost
860 1445 1136 1487 efferendum.
1190 1460 1289 1487 nam
1321 1450 1362 1488 et
1394 1448 1564 1501 saepius
1592 1449 1724 1490 habet

209 1530 412 1558 numeros
448 1515 569 1556 tales.
633 1515 883 1556 abstinuere
914 1514 1176 1568 inelegantia
1207 1515 1312 1567 ista,
1349 1520 1398 1557 ut
1430 1516 1597 1557 classici
1636 1532 1723 1559 om-

209 1599 285 1627 nes
324 1599 419 1626 cum
464 1584 664 1635 Boethio,
718 1584 781 1624 ita
824 1597 875 1624 ex
918 1583 1164 1625 christianis
1206 1584 1426 1636 Sidonius,
1470 1585 1723 1638 Martianus,

209 1654 434 1695 Luxorius.

326 1723 382 1763 At
420 1722 464 1761 in
504 1721 600 1761 finis
642 1721 730 1761 sive
771 1721 1067 1761 trimetrorum
1115 1721 1202 1762 sive
1250 1721 1531 1763 (limetrorum
1577 1722 1724 1764 obser-

210 1790 356 1831 vantia
406 1789 568 1830 tuenda
618 1789 743 1842 longe
796 1789 1089 1830 severissimos
1141 1803 1185 1830 se
1228 1789 1470 1843 praebuere
1515 1791 1722 1845 plerique.

211 1859 382 1900 diversa
412 1861 557 1899 tamen
588 1857 781 1911 paullum
814 1857 957 1898 iambo
1002 1861 1044 1898 et
1086 1858 1275 1911 spondeo
1318 1859 1566 1900 exeuntium
1596 1861 1720 1905 ratio.

211 1941 309 1969 nain
337 1926 640 1980 hipponactios
662 1940 811 1967 versus
834 1940 927 1967 cum
965 1925 1080 1980 apud
1103 1926 1305 1978 Graecos,
1337 1941 1389 1968 ne
1423 1927 1457 1969 si
1489 1928 1724 1982 praecedat

212 1996 385 2050 quidem
415 1994 772 2049 monosyllabum,
804 1994 918 2035 finiri
952 1995 1083 2036 liceat
1104 1995 1399 2050 monosyllabo
1433 1996 1634 2051 [Meinek.
1659 1997 1723 2039 ed.

210 2064 360 2106 Babrii
390 2078 430 2117 p.
457 2063 577 2117 160],
610 2062 653 2103 id
687 2063 800 2116 apud
824 2063 1000 2104 Latinos
1032 2064 1160 2117 plane
1192 2064 1321 2105 etiam
1353 2065 1530 2118 optinet,
1562 2068 1610 2106 ut
1640 2079 1723 2107 non

210 2133 348 2187 possit
379 2146 459 2173 vox
491 2132 591 2173 talis
625 2131 827 2172 collocari
859 2130 902 2172 in
935 2132 1069 2182 exitu,
1112 2133 1193 2173 nisi
1235 2133 1407 2186 quando
1448 2147 1542 2174 cum
1580 2134 1724 2187 priore

209 2202 302 2243 iure
333 2200 503 2242 enclisis
537 2200 751 2241 coalescit.
811 2201 944 2253 igitur
974 2201 1085 2241 male
1117 2201 1292 2254 quidam
1325 2205 1362 2252 2,
1386 2205 1410 2242 4
1441 2201 1574 2243 libelli
1608 2205 1724 2244 cata-

209 2260 356 2323 lepton
388 2269 578 2310 Maronis
610 2269 653 2309 in
684 2268 767 2309 fine
799 2273 1037 2322 posuerunt
1068 2273 1126 2310 illi
1156 2273 1218 2311 sit.
1263 2294 1319 2300 —
1362 2274 1407 2311 at
1438 2271 1548 2311 enim
1580 2271 1724 2312 iambo

212 2337 404 2379 clausum
436 2337 680 2378 trimetrum
710 2337 811 2378 licet
833 2337 1127 2392 monosyllabo
1149 2337 1275 2388 finiri,
1307 2338 1425 2392 paris
1448 2339 1578 2392 spatii
1600 2353 1724 2380 voca-

210 2407 359 2447 bulum
392 2408 427 2447 si
456 2405 703 2459 praecedat.
756 2409 798 2446 et
828 2405 1061 2447 substitere
1090 2406 1134 2446 in
1164 2406 1247 2447 hoc
1267 2406 1373 2447 nihil
1395 2407 1502 2448 alias
1523 2407 1724 2449 licentiae

213 2474 491 2516 admittentes
534 2473 763 2524 Horatius,
796 2474 1033 2527 Vergilius,
1069 2474 1316 2526 Petronius,
1352 2475 1585 2527 Martialis,
1616 2476 1723 2517 Boe-

211 2543 345 2593 thius,
388 2541 646 2592 Martianus,
693 2542 927 2593 Luxorius,
968 2546 1167 2584 auctores
1208 2543 1501 2597 Priapeorum.
1573 2547 1725 2585 contra

213 2611 427 2652 admisere
459 2610 776 2663 monosyllaba,
820 2625 930 2664 quae
973 2612 1121 2652 enclisi
1163 2626 1258 2652 cum
1289 2611 1569 2666 polysyllabis
1598 2626 1723 2666 prae—

214 2679 467 2721 cedentibus
508 2679 688 2729 coirent,
734 2680 839 2720 satis
880 2680 1053 2732 quidem
1084 2680 1398 2734 infrequenter,
1445 2681 1639 2722 Catullus
1682 2684 1724 2722 et

214 2748 378 2789 Seneca
408 2751 451 2788 et
481 2747 742 2788 Prudentius
775 2761 826 2788 ac
856 2748 1068 2799 Sidonius,
1102 2749 1257 2802 quibus
1287 2749 1434 2802 paullo
1463 2749 1593 2791 latius
1625 2753 1725 2790 sunt

215 2817 396 2869 evagati,
432 2830 693 2869 quamquam
717 2816 941 2857 commoda
962 2817 1216 2870 plerumque
1247 2831 1325 2858 nec
1356 2818 1438 2871 ipsi
1470 2817 1563 2858 orbi
1596 2832 1723 2858 excu-

214 2886 392 2935 satione,
425 2885 720 2935 Terentianus,
747 2885 943 2932 Avienus,
971 2886 1197 2935 Ausonius,
1229 2885 1445 2927 Paulinus.
1496 2889 1723 2939 praeterea

213 2954 256 2994 in
287 2954 404 2994 exitu
436 2953 600 2994 numeri
643 2952 744 2993 bina
782 2953 922 3006 iugari
956 2954 1165 2995 vocabula
1206 2953 1409 3003 iambica,
1452 2954 1563 3007 quod
1609 2954 1722 3008 apud
