1898 3292
253 190 307 229 84
858 196 978 222 LIBER
995 196 1150 222 anvs.

252 300 449 340 irrisione
481 298 650 340 videtur
679 298 870 352 tetigisse
903 299 975 351 qui
1006 299 1263 348 mentionem
1295 298 1384 338 eius
1416 298 1519 338 facit
1541 297 1757 339 Horatius.

254 371 353 409 sunt
384 368 494 408 enim
527 368 616 408 eius
648 381 796 408 versus
829 367 960 407 tales:

530 447 616 490 quid
641 446 759 480 Titius
785 445 951 480 Romana
976 447 1078 481 brevi
1104 449 1278 480 venturus
1303 446 1339 479 in
1367 446 1453 479 ora?

528 503 714 537 Pindarici
742 503 852 537 fontis
880 503 940 546 qui
966 515 1038 537 non
1064 503 1242 547 expalluit
1265 503 1426 546 haustus,

529 560 692 595 fastidire
719 561 820 594 lacus
846 563 883 594 et
908 561 1004 594 rivos
1030 571 1137 594 ausus
1163 564 1321 604 apertos.

369 641 453 682 Sed
493 641 662 694 dignius
706 640 831 694 longe
879 641 1105 691 memoria,
1153 640 1266 693 quod
1314 640 1503 682 eiusdem
1557 640 1761 694 temporis

255 710 410 763 tragici
438 710 521 751 iam
552 709 765 750 abdicatis
788 709 911 750 Ennii
935 709 1194 762 Pacuviique
1218 713 1259 749 ct
1282 709 1398 749 Accii
1420 709 1588 762 placitis
1612 709 1760 749 eadem

255 793 340 832 qua
373 780 535 820 Seneca
572 778 738 819 iambos
781 791 831 819 ac
872 778 1100 819 trochaeos
1139 781 1231 818 arte
1275 777 1611 826 adornaverunt,
1656 791 1761 830 quos

255 848 391 889 secuti
423 851 521 888 sunt
551 846 812 900 posteriores
843 860 1000 887 omnes.

370 916 462 966 Qua
494 915 665 968 quidem
697 915 738 954 in
769 928 815 955 re
847 914 1146 955 difficultatem
1177 909 1389 967 praebent
1419 927 1502 954 non
1534 914 1760 955 tacendam

254 984 439 1025 trimetri
473 984 556 1024 duo
589 998 684 1024 cum
717 983 940 1023 dimidiato
975 982 1163 1024 auctoris
1203 982 1373 1032 incerti,
1415 982 1487 1035 qui
1519 983 1705 1023 citantur
1738 996 1763 1023 a

255 1053 418 1094 Seneca
439 1055 486 1093 ut
507 1052 688 1093 tumoris
710 1051 864 1105 tragici
887 1051 1127 1105 exemplum
1150 1051 1345 1092 omnibus
1363 1055 1509 1092 notum
1533 1052 1615 1105 [ep.
1635 1055 1701 1102 80,
1717 1055 1761 1103 73

256 1122 306 1162 cf.
340 1125 381 1162 et
414 1120 587 1172 Quintil.
619 1120 692 1171 IX,
726 1124 763 1170 4,
799 1120 909 1174 140]
972 1123 1071 1161 sunt
1103 1124 1244 1161 autem
1278 1121 1405 1161 tales:

531 1212 586 1244 en,
611 1201 753 1244 impero
779 1199 902 1244 Argis.
952 1212 1061 1245 regna
1089 1200 1178 1234 mihi
1202 1200 1310 1244 liquit
1333 1199 1479 1244 Pelops,

531 1270 601 1302 qua
628 1260 742 1301 ponto
769 1258 813 1292 ab
839 1257 968 1292 Helles
994 1261 1102 1302 atque
1128 1258 1172 1292 ab
1199 1256 1306 1292 Ionio
1330 1258 1423 1291 mari

528 1318 707 1359 urguetur
732 1314 907 1349 Isthmus.

257 1398 355 1426 nam
388 1398 484 1425 cum
516 1383 634 1425 haud
665 1383 793 1425 dubie
824 1384 1017 1425 referant
1046 1383 1108 1424 illi
1138 1383 1451 1425 severissimam
1482 1383 1587 1424 artis
1618 1397 1764 1424 recen-

255 1453 377 1494 tioris
418 1465 611 1493 normam
654 1452 842 1506 spondeo
888 1452 955 1494 vel
1000 1456 1235 1506 anapaesto
1281 1452 1441 1505 ubique
1483 1452 1672 1505 reposito
1721 1452 1764 1493 in

255 1521 356 1563 sede
388 1521 555 1575 impari,
589 1520 759 1562 eosdem
790 1521 911 1574 tangi
947 1521 1195 1562 existimant
1226 1534 1251 1561 a
1283 1520 1486 1562 Cicerone
1516 1520 1560 1560 in
1582 1520 1765 1561 Oratore

256 1591 341 1645 [49,
378 1590 488 1644 163}
550 1590 622 1642 qui
662 1592 892 1643 postquam
937 1589 1044 1630 dixit
1082 1589 1265 1642 legenda
1300 1589 1571 1642 potissimum
1603 1588 1765 1629 oratori

255 1658 388 1700 verba
418 1658 527 1699 bene
560 1658 774 1708 sonantia,
808 1657 883 1699 sed
914 1671 1010 1707 11011,
1042 1660 1091 1698 ut
1121 1661 1274 1711 poetae
1307 1657 1510 1708 solerent,
1549 1657 1764 1710 exquisita

256 1727 312 1769 ad
345 1740 513 1777 sonum,
555 1740 701 1767 verum
744 1730 915 1780 sumpta
948 1726 999 1767 de
1031 1725 1188 1777 medio,
1230 1726 1291 1767 sic
1332 1725 1523 1767 creditur
1560 1739 1764 1779 pergere:

250 1794 352 1847 ‘qua
383 1802 510 1846 ponto
543 1798 591 1836 ab
624 1792 779 1836 Helles’
826 1802 996 1846 superat
1034 1799 1202 1836 modum.
1263 1794 1337 1835 ubi
1378 1794 1665 1848 exprobratur
1703 1794 1766 1834 in-

258 1864 488 1906 solentiore
530 1863 671 1904 (lictus
712 1863 966 1904 traiectione
1006 1870 1159 1914 pomus
1198 1865 1332 1904 Helles
1374 1876 1453 1917 pro
1496 1865 1763 1913 Hellesponlo.

257 1947 386 1986 quam
417 1934 472 1974 ad
502 1945 592 1973 rem
626 1931 937 1985 expediendam
969 1931 1127 1985 triplex
1157 1934 1280 1985 patet
1311 1931 1391 1972 via.

369 2000 559 2042 Primum
592 2000 702 2041 enim
733 2000 876 2053 potuit
906 2000 1060 2041 Accius
1093 1999 1158 2041 vel
1197 1999 1306 2040 alius
1349 1999 1442 2052 quis
1475 1999 1765 2053 antiquiorum

256 2068 323 2111 bis
362 2072 481 2110 terve
531 2069 750 2109 trimetros
801 2068 1057 2121 graecanica
1097 2071 1190 2109 arte
1223 2067 1417 2121 adeoque
1457 2081 1524 2119 ea,
1567 2081 1653 2121 qua
1694 2082 1765 2109 ex-

257 2137 444 2179 cluditur
472 2137 641 2178 iambus
674 2150 699 2177 a
729 2135 823 2178 loco
855 2137 1013 2190 primo,
1047 2136 1188 2186 tertio,
1221 2136 1382 2190 quinto,
1413 2135 1621 2190 proferre,
1653 2137 1764 2178 sicut

254 2206 297 2246 in
328 2202 455 2246 Ennii
479 2205 738 2246 Athamante
760 2205 1026 2259 [330—334]
1058 2205 1334 2246 inveniuntur
1366 2205 1553 2258 quinque
1585 2218 1763 2246 numero

254 2273 383 2315 nullis
421 2274 465 2314 in
509 2273 696 2315 secundo
741 2277 983 2327 quartoque
1022 2273 1131 2327 pede
1162 2273 1374 2327 spondeis.
1434 2287 1535 2314 nam
1569 2273 1683 2326 quod
1715 2287 1764 2314 en

253 2342 431 2383 voculae
462 2356 587 2383 usum
618 2345 667 2383 ut
696 2342 980 2383 recentiorem
1012 2341 1156 2395 arguit
1185 2340 1458 2393 Ribbeokius,
1491 2354 1602 2395 quae
1633 2341 1684 2382 de
1716 2354 1765 2382 en.

255 2413 298 2451 et
329 2424 387 2451 em
419 2410 618 2463 suptilius
650 2409 874 2464 disputata
903 2410 1115 2464 prompsit
1156 2409 1269 2451 idem
1306 2409 1350 2450 in
1391 2409 1537 2451 libello
1582 2410 1634 2451 de
1665 2398 1764 2463 par—

252 2478 396 2519 ticulis
428 2477 592 2519 Latinis
633 2492 668 2519 a.
705 2481 811 2520 1869
854 2478 969 2520 edito
1008 2479 1095 2534 [pg.
1125 2479 1219 2533 36],
1261 2491 1345 2519 non
1389 2477 1443 2519 ab
1486 2478 1600 2519 omni
1640 2481 1764 2531 parte

254 2550 373 2588 certa
401 2545 506 2586 mihi
533 2545 732 2587 videntur
764 2560 814 2587 ac
844 2535 951 2587 tutass
1013 2546 1191 2597 accedit,
1224 2546 1339 2599 quod
1371 2544 1658 2597 Quintilianus
1690 2545 1764 2586 ubi

254 2613 382 2655 affert
412 2627 579 2655 versum
611 2614 809 2667 primum,
843 2615 988 2656 statim
1021 2614 1227 2665 Terentii,
1261 2618 1350 2655 tum
1383 2613 1539 2655 Catulli
1570 2614 1765 2667 adiungit

252 2682 404 2724 locum.

366 2750 599 2791 Praeterea
638 2750 778 2803 possis
818 2750 1060 2792 coniectare
1106 2751 1185 2792 sub
1232 2750 1360 2792 finem
1392 2749 1608 2792 Ciceronis
1649 2750 1763 2792 vitae

254 2818 460 2870 extitisse,
492 2819 563 2871 qui
588 2817 977 2860 Alexandrinorum
1008 2822 1233 2873 poetarum
1262 2822 1399 2859 artem
1429 2818 1686 2860 transferret
1708 2818 1763 2860 ad

252 2886 498 2939 tragoedias
531 2886 717 2928 Latinas.
784 2901 886 2928 sane
917 2901 942 2928 a
972 2886 1175 2928 Cicerone
1214 2887 1433 2928 rarissime
1473 2887 1763 2941 respiciuntur
