1898 3292
205 225 255 263 92
808 230 929 255 LIBER
947 230 1102 255 PRIMVS.

204 335 350 376 libello
383 334 641 375 Frontonem
684 333 879 387 suspicor
920 347 1043 373 usum
1087 332 1255 373 senario
1296 331 1373 372 tali
1413 332 1498 386 [pg.
1533 334 1612 372 262
1647 330 1710 372 ed.

204 403 353 458 Nab.]:

527 461 564 493 et
584 459 667 493 illae
692 461 835 493 vestrae
862 457 1031 492 Athenae
1055 456 1349 491 Dorocorthoro.

207 543 317 582 quae
358 528 470 570 male
517 526 784 569 orationibus
829 526 1134 580 adsignantur,
1186 540 1281 567 cum
1329 528 1371 566 et
1416 525 1581 566 numeri
1629 525 1714 566 sint

206 597 424 639 manifesti
456 600 498 638 et
520 596 686 637 alienae
710 595 794 636 sint
816 595 870 637 ab
893 595 1109 636 actionum
1143 594 1356 647 gravitate
1386 593 1570 635 facetiae
1591 593 1712 643 istae,

207 665 362 720 quibus
394 665 565 706 irrideri
597 664 794 705 existimo
831 663 1046 705 hominem
1080 662 1309 712 Gallicum,
1354 662 1422 703 cui
1463 662 1607 715 patria
1637 675 1715 702 sua.

206 734 454 776 viderentur
487 733 680 774 Athenae
711 732 893 774 Atticae.
955 735 1145 773 ceterum
1187 730 1566 772 diversissimumst
1596 729 1714 781 illud,

208 803 323 857 quod
357 802 519 844 ultimis
550 801 818 855 temporibus
849 814 932 842 non
954 799 1216 841 Prudentius
1249 798 1421 852 quidem
1443 798 1509 839 vel
1532 799 1715 839 Avienus

208 886 283 913 seu
305 871 523 921 Boethius,
556 870 631 911 sed
654 870 880 921 Ausonius,
912 868 1129 919 Paulinus,
1165 867 1238 908 alii
1269 866 1501 920 aliquando
1533 866 1607 908 ubi
1632 880 1715 907 non

208 940 391 982 decebat
412 939 624 981 admisere
646 938 894 992 spondeum,
916 937 960 978 id
984 937 1098 990 quod
1120 937 1212 977 sola
1233 936 1505 989 neglegentia
1528 935 1716 976 evenisse

208 1012 388 1050 constat.
443 1022 493 1049 ac
525 1021 577 1048 ne
607 1008 650 1048 in
678 1007 780 1048 ludo
815 1006 987 1060 quidem
1019 1005 1275 1059 sapientium
1308 1005 1392 1059 [pg.
1420 1008 1499 1046 104
1523 1003 1585 1044 ed.
1602 1002 1717 1057 Son]

208 1077 402 1119 consulto
435 1075 563 1118 credo
596 1076 719 1129 quasi
751 1075 975 1116 scaenicae
1006 1074 1112 1115 artis
1145 1073 1423 1114 similitudine
1453 1072 1506 1114 ab
1529 1071 1717 1113 Ausonio

208 1146 352 1187 vitiari
382 1145 561 1195 iambos,
593 1144 668 1186 sed
697 1144 842 1198 potius
875 1143 1115 1197 elegantiae
1138 1142 1322 1194 defectu,
1354 1141 1525 1195 qualem
1556 1141 1717 1194 passim

207 1216 397 1256 evenisse
429 1217 598 1255 constat
629 1216 772 1255 aetate
803 1212 889 1253 illa.

324 1283 544 1336 Principes
577 1286 721 1324 autem
752 1281 969 1323 rationum
1000 1280 1154 1321 harum
1184 1278 1314 1321 fuisse
1348 1278 1546 1320 videntur
1568 1277 1720 1319 Florus

210 1353 388 1406 eiusque
436 1351 598 1393 amicus
641 1350 907 1401 Hadrianus,
954 1349 1027 1403 qui
1070 1362 1189 1390 more
1232 1348 1378 1389 Laevii
1420 1346 1719 1388 anacreonteis

207 1421 401 1462 dimctris
442 1434 543 1462 usus
584 1423 664 1470 est,
705 1419 809 1460 item
850 1417 1065 1469 iambicis,
1118 1417 1271 1458 deinde
1316 1416 1554 1467 Annianus,
1599 1415 1719 1456 cuius

211 1503 345 1544 supra
374 1489 502 1531 inieci
533 1487 796 1530 memoriam.

326 1558 389 1599 De
421 1557 617 1599 Anniano
660 1571 755 1598 cum
797 1569 850 1597 ne
886 1554 1188 1596 Lachmannus
1229 1553 1419 1607 quidem,
1463 1553 1536 1606 qui
1579 1552 1631 1593 (16
1673 1566 1721 1593 60

212 1627 300 1680 egit
330 1626 466 1681 praef.
499 1625 563 1667 ed.
600 1625 849 1667 Terentiani
881 1638 978 1678 pgg.
1010 1624 1114 1665 XIII
1146 1637 1250 1677 sqq„
1291 1622 1396 1664 satis
1428 1624 1545 1663 recte
1577 1621 1722 1674 dispu-

213 1699 366 1747 tasset,
408 1695 570 1736 dictum
613 1709 638 1735 a
675 1694 799 1735 nobis
840 1694 882 1734 in
921 1692 1107 1733 editione
1148 1691 1299 1732 Rutilii
1338 1704 1406 1745 pg.
1437 1694 1488 1732 34
1526 1703 1617 1743 sqq.
1666 1713 1722 1718 -

211 1765 345 1818 igitur
386 1764 447 1805 sic
489 1762 622 1805 habe:
669 1763 724 1804 ab
770 1762 852 1803 hoc
894 1761 984 1803 solo
1028 1760 1273 1814 conscripta
1317 1773 1409 1801 esse
1457 1759 1723 1800 Faliscorum

214 1833 424 1883 carmina,
456 1832 583 1881 dicta,
616 1831 731 1885 quod
761 1831 804 1871 in
837 1844 941 1883 agro
974 1829 1140 1870 Falisco
1176 1828 1358 1869 haberet
1389 1827 1566 1868 fundum
1597 1826 1723 1882 [Gell.

214 1902 306 1952 XX,
339 1906 376 1952 8,
413 1901 466 1955 1].
536 1914 646 1954 quae
689 1914 784 1941 cum
827 1899 955 1941 docta
986 1898 1177 1952 appellat
1207 1897 1491 1938 Terentianus
1533 1910 1568 1936 v.
1604 1899 1725 1945 1998,

213 1970 497 2011 imitationem
530 1968 686 2010 Catulli
719 1968 896 2022 eiusque
927 1967 1140 2009 sociorum
1172 1965 1346 2007 indicat.
1406 1968 1636 2019 praeterea
1670 1963 1725 2004 ab

216 2038 366 2079 eodem
399 2038 624 2091 compositi
645 2037 898 2078 Fescennini
930 2037 1106 2092 [Auson.
1131 2038 1239 2077 cent.
1261 2038 1380 2088 nupt.
1402 2047 1471 2088 pg.
1495 2036 1574 2074 146
1599 2032 1725 2086 Son]

332 2106 470 2148 Huius
504 2110 661 2157 autem,
693 2119 777 2147 non
800 2105 948 2147 Sereni
970 2118 1118 2146 versus
1141 2107 1240 2145 sunt
1260 2102 1334 2154 illi,
1366 2105 1504 2144 metro
1527 2100 1726 2143 Calabrio

217 2175 379 2229 scripti,
411 2188 518 2229 quos
551 2175 658 2217 citat
688 2174 970 2216 Terentianus
1000 2173 1027 2214 1.
1058 2186 1133 2214 m.:

630 2248 775 2293 quando
802 2247 947 2292 flagella
971 2247 1085 2292 iugas,
1111 2247 1163 2280 ita
1186 2247 1282 2290 iuga,

628 2306 712 2340 vitis
740 2309 777 2340 et
801 2305 920 2339 ulmus
945 2305 999 2338 uti
1021 2304 1128 2339 simul
1156 2307 1250 2338 eant.

630 2375 713 2397 nam
738 2363 806 2397 nisi
832 2363 904 2397 sint
929 2362 1079 2407 paribus
1104 2361 1308 2403 fruticibus,

630 2422 760 2456 umbra
783 2423 892 2455 necat
920 2423 1066 2454 teneras
1090 2418 1277 2452 Amineas.

217 2498 328 2538 quae
375 2483 509 2524 verba
548 2483 660 2525 male
701 2483 920 2525 intellecto
946 2482 1220 2534 ,Terentiano
1265 2480 1535 2533 adscripsere
1568 2480 1727 2519 Sereno

220 2557 262 2594 et
302 2556 470 2594 veteres
513 2552 629 2594 docti
669 2556 711 2593 et
756 2554 963 2593 recentes.
1036 2563 1298 2604 quamquam
1340 2562 1425 2589 non
1467 2560 1576 2600 nego
1621 2559 1728 2595 eum,

220 2636 306 2675 qua
337 2621 418 2662 fuit
448 2621 777 2671 numerositate,
814 2620 1007 2674 potuisse
1037 2619 1101 2660 uti
1132 2618 1261 2659 ctiam
1290 2617 1364 2659 illo
1395 2619 1544 2658 metro.
1589 2639 1646 2646 —
1687 2614 1730 2653 in

221 2690 380 2731 eisdem
412 2689 590 2731 Faliscis
622 2688 742 2730 fuere
774 2688 1053 2742 anapaestica
1083 2687 1210 2728 haec:

632 2769 701 2790 uva
726 2770 807 2800 una,
833 2760 889 2790 set
912 2768 982 2790 uva
1008 2756 1173 2798 Falerna,

223 2861 229 2867 .
634 2817 671 2848 61
694 2817 752 2848 161·
777 2814 875 2848 feror
901 2816 938 2847 et
963 2816 1092 2856 quater
1117 2823 1223 2846 anno.

219 2864 344 2903 item:

633 2917 741 2960 unde,
765 2916 862 2950 unde
890 2915 1066 2949 colonus?
1101 2915 1171 2949 Eoi

635 2987 655 3008 a
679 2974 829 3008 flumine
854 2973 956 3007 venit
983 2972 1125 3007 Oronti.
