1898 3292
237 216 291 254 2o
850 223 1125 249 PROHOEMIVM.

235 326 371 367 multa
401 326 588 367 vitarent
619 339 838 380 perversa,
881 339 991 379 (11100
1032 326 1221 379 ipsorum
1259 325 1499 366 niterentur
1531 324 1740 375 doctrina,

236 394 451 436 interdum
485 408 587 435 sane
616 398 658 435 et
688 394 801 435 bona
832 394 1118 447 neglegerent.

351 462 433 503 Sed
464 465 512 503 ut
542 462 715 503 redeam
744 463 787 503 in
826 463 955 514 viam,
997 462 1127 503 etiam
1168 461 1274 503 illud
1304 461 1405 502 boni
1437 461 1742 503 versificatoris

240 534 315 582 est,
346 530 412 572 vel
444 530 655 571 scholicas
688 534 730 572 et
760 530 917 571 nimiae
950 530 1192 572 severitatis
1224 529 1396 582 regulas
1428 530 1488 570 510
1519 530 1741 584 percipere

238 599 396 649 animo,
438 602 487 639 ut
525 598 586 639 eis
630 599 753 652 quasi
796 599 982 652 propriis
1021 602 1064 640 et
1097 599 1231 653 ipsius
1273 597 1453 638 arbitrio
1498 598 1742 639 constitutis

236 669 398 708 utatur.
460 666 570 708 adde
613 667 728 720 quod
771 671 923 720 poetas
954 681 1085 708 navos
1116 666 1232 708 haud
1263 679 1404 720 pauca
1433 665 1525 707 sola
1560 666 1742 707 lectione

237 739 278 776 et
300 735 465 776 diutino
496 749 576 776 usu
609 735 803 789 optinere
835 749 981 777 verum
1015 739 1118 776 erat.
1168 734 1282 788 quod
1312 739 1360 775 ut
1392 734 1584 788 probem,
1614 735 1743 776 liceat

236 804 340 845 mihi
382 803 622 857 exemplum
666 803 826 845 addere
867 804 1054 857 propriis
1097 803 1150 844 de
1191 803 1345 844 studiis
1384 803 1586 856 petitum,
1629 803 1743 856 quod

235 876 379 913 tamen
410 885 495 913 non
526 872 736 913 iactantia
765 873 917 923 refero,
949 872 1024 913 sed
1057 871 1159 925 quia
1189 871 1298 912 facit
1325 871 1380 912 ad
1413 885 1514 912 rem.
1573 885 1667 912 cum
1699 872 1743 912 in

235 941 457 982 iuventute
509 940 741 994 plurimum
789 941 995 994 temporis
1045 939 1284 994 pangendis
1336 939 1531 980 versibus
1578 939 1742 981 Latinis

236 1009 550 1063 impenderem,
594 1009 823 1063 plerosque
866 1008 1037 1062 quidem
1077 1008 1193 1049 haud
1233 1021 1435 1062 magnum
1474 1011 1573 1061 post
1612 1008 1743 1049 inter-

239 1077 397 1119 vallum
440 1077 730 1119 emendaturis
777 1078 868 1132 ipse
912 1077 1011 1118 dedi
1050 1076 1231 1130 ignibus.
1294 1076 1451 1118 accidit
1490 1080 1656 1128 tamen,
1696 1081 1744 1118 111

235 1146 364 1199 paulo
404 1145 500 1199 plus
550 1145 620 1186 DC
670 1150 963 1197 servarentur,
1015 1159 1122 1199 quos
1170 1144 1343 1199 longum
1385 1148 1484 1198 post
1535 1146 1740 1199 temporis

241 1215 428 1268 spatium
453 1228 547 1255 cum
569 1213 844 1265 revolverem,
877 1215 960 1255 cito
996 1214 1282 1255 animadverti
1302 1213 1432 1267 leges,
1464 1227 1571 1266 quas
1593 1217 1744 1267 postea

238 1286 314 1324 aut
346 1282 400 1324 ab
430 1282 525 1324 aliis
561 1283 757 1324 inventas
789 1296 1072 1336 cognoveram
1105 1286 1181 1323 aut
1210 1295 1487 1336 reppereram
1529 1282 1637 1336 ipse,
1677 1296 1744 1323 me

235 1351 307 1392 illo
337 1364 531 1392 servasse
563 1351 667 1391 satis
701 1354 949 1392 constanter
985 1353 1198 1404 tempore,
1243 1364 1327 1403 quo
1365 1350 1552 1391 omnium
1597 1364 1743 1392 earum

235 1420 411 1473 ignarus
444 1422 486 1460 et
515 1419 607 1460 sola
634 1419 817 1461 lectione
839 1419 1029 1460 imbutus
1050 1419 1235 1473 primum
1259 1418 1410 1469 Ovidii,
1442 1418 1538 1459 dein
1562 1419 1743 1471 Horatii,

235 1487 311 1529 sed
353 1487 540 1528 omnium
583 1488 768 1528 maxime
810 1487 986 1541 Vergilii
1026 1501 1158 1529 unum
1198 1487 1367 1528 aurium
1408 1500 1524 1528 eram
1572 1491 1744 1529 secutus

235 1556 452 1597 iudicium.
513 1555 632 1597 nulla
664 1557 787 1607 enim,
819 1560 867 1598 ut
894 1569 1036 1610 pauca
1075 1555 1272 1607 afferam,
1311 1555 1431 1596 elisio
1471 1555 1552 1596 fuit
1592 1555 1744 1597 iambi-

236 1638 383 1665 corum
434 1628 640 1677 sequente
686 1624 853 1679 syllaba
898 1624 1020 1666 brevi
1065 1624 1131 1666 vel
1177 1627 1323 1675 acuta,
1369 1623 1488 1664 nulla
1531 1624 1742 1666 vocalium

234 1692 459 1746 longarum
490 1696 589 1746 post
620 1696 821 1746 quartam
852 1692 995 1735 thesin
1038 1696 1113 1734 aut
1155 1692 1481 1746 qualiscumque
1521 1692 1564 1732 in
1596 1706 1743 1734 versus

234 1761 377 1813 initio,
420 1774 628 1802 caesurae
668 1761 916 1803 trochaicae
962 1775 1065 1803 usus
1104 1760 1389 1815 permodicus.
1450 1764 1574 1802 erant
1614 1761 1742 1802 etiam

236 1829 431 1880 duriora,
472 1829 548 1871 sed
590 1843 701 1883 quae
740 1830 996 1872 recordarer
1036 1829 1306 1871 dubitantem
1337 1843 1403 1870 me
1437 1841 1487 1869 ao
1515 1842 1651 1882 paene
1681 1829 1743 1870 in-

234 1897 367 1939 vitum
411 1900 544 1951 utque
580 1897 764 1952 pedibus
805 1897 1037 1939 satisfieret
1076 1897 1312 1939 admisisse.
1374 1896 1527 1951 quodsi
1564 1897 1630 1938 vel
1662 1897 1744 1938 hac

235 1969 379 2007 aetate
412 1966 574 2008 tirones
607 1970 649 2008 et
681 1967 754 2020 qui
777 1980 872 2009 sero
896 1966 1108 2008 accedunt
1129 1966 1184 2007 ad
1207 1965 1558 2019 cognoscendam,
1588 1965 1744 2007 nedum

235 2034 519 2076 exercendam
559 2039 693 2078 artem
732 2049 781 2077 eo
824 2048 961 2088 usque
991 2034 1094 2077 licet
1123 2035 1348 2089 percipere
1379 2033 1495 2087 leges
1527 2034 1742 2086 carminis,

236 2116 422 2156 quonam
456 2102 696 2156 elegantiae
723 2103 974 2157 putabimus
1004 2103 1249 2157 pervenisse
1287 2102 1401 2153 illos,
1444 2103 1517 2156 qui
1547 2117 1573 2144 a
1603 2104 1744 2157 prima

236 2172 412 2212 iuventa
442 2171 710 2225 proprietate
743 2172 951 2213 sermonis
973 2184 1208 2225 versusque
1230 2171 1373 2213 Latini
1395 2175 1538 2213 essent
1560 2172 1743 2213 imbuti?

350 2239 510 2281 Tamen
542 2254 638 2281 cum
671 2254 732 2292 ea,
766 2254 893 2295 quam
916 2240 1039 2281 initio
1059 2240 1161 2281 libri
1182 2239 1430 2293 significavi,
1459 2240 1743 2282 admiratione

236 2311 410 2349 tenerer
440 2308 546 2350 artis
578 2308 776 2360 Latinae,
820 2309 875 2350 ad
914 2309 1049 2350 iustos
1080 2308 1186 2350 fines
1225 2308 1376 2350 laudes
1417 2308 1507 2349 eius
1548 2308 1743 2362 redigere

236 2376 430 2418 veritatis
476 2376 618 2418 studio
660 2377 817 2419 avebat
853 2378 1032 2419 animus.
1092 2390 1191 2418 nam
1223 2380 1266 2418 et
1296 2375 1356 2418 sic
1387 2376 1580 2417 abundat
1611 2378 1742 2418 virtu-

235 2444 365 2486 tibus.
408 2469 463 2474 —
507 2445 582 2486 sed
623 2445 676 2486 de
713 2449 942 2499 poetarum
980 2445 1152 2499 placitis
1194 2445 1270 2487 ubi
1325 2457 1607 2498 exponamus,
1657 2445 1743 2486 iam

236 2513 343 2554 satis
376 2513 458 2554 erit
486 2513 569 2555 loci
599 2517 812 2566 paratum.
873 2514 1065 2555 diversas
1098 2516 1242 2555 autem
1281 2513 1360 2554 has
1400 2513 1524 2564 duas,
1567 2513 1619 2554 de
1651 2514 1743 2566 qui-

235 2580 316 2621 bus
351 2581 543 2634 exposui,
581 2581 772 2622 rationes
805 2582 895 2623 acri
928 2582 1001 2636 qui
1032 2581 1272 2636 respexerit
1305 2594 1428 2633 cura,
1457 2581 1538 2622 nisi
1566 2594 1742 2634 prorsus

235 2652 412 2702 pectore
446 2648 622 2699 carebit,
651 2662 735 2690 non
767 2663 895 2703 saepe
927 2663 1005 2691 nec
1035 2650 1216 2691 multum
1246 2649 1407 2704 poterit
1436 2652 1599 2690 rectam
1630 2649 1741 2690 viam

236 2716 465 2758 declinare.
526 2720 697 2758 utemur
726 2731 875 2759 earum
905 2721 1090 2771 utraque
1120 2718 1375 2772 promiscue.

348 2785 438 2825 Iam
463 2798 559 2826 cum
582 2798 675 2826 eam
697 2799 1007 2839 usquequaque
1029 2786 1141 2827 viam
1162 2790 1332 2827 teneam
1354 2786 1397 2827 in
1418 2785 1742 2839 perscrutandis

235 2852 503 2904 auctoribus,
547 2856 594 2894 ut
633 2854 753 2907 prius
789 2854 905 2908 ipsos
935 2853 1069 2896 libros
1097 2854 1250 2896 horum
1283 2867 1411 2907 quam
1442 2867 1552 2906 quae
1584 2853 1656 2894 alii
1689 2853 1740 2894 de

235 2920 295 2961 eis
340 2924 438 2961 sunt
482 2922 757 2963 commentati
801 2921 962 2976 legam,
1011 2922 1063 2963 de
1102 2936 1151 2963 eo
1194 2923 1405 2964 disserere
1445 2936 1511 2963 me
1559 2926 1740 2976 oportet,
