1898 3292
725 190 844 214 Lmen
865 189 1056 219 QvAR'rvs.
1565 180 1643 217 363

141 295 369 344 corruptae
392 292 616 332 vetustatis
647 292 858 345 specimen
884 290 1088 331 irridetur
1112 306 1133 330 a
1161 290 1356 330 Martiale
1380 290 1645 331 Lucilianum

139 359 244 401 illud
277 360 367 414 [XL
400 364 465 409 90,
498 360 542 414 4]
588 358 738 401 ‘Lucili
771 364 978 400 columella
1010 363 1075 400 Ιιὶσ
1106 362 1199 399 situ*
1232 357 1560 410 Metrophanes'.
1591 383 1646 388 —

141 443 162 469 e
195 428 439 469 christianis
469 427 616 473 itidem
651 427 897 469 abstinuere
921 427 1095 468 elisione
1116 427 1201 468 ista
1223 427 1518 477 Terentianus,
1541 427 1647 468 Boe-

139 496 266 546 thius,
297 495 568 546 Prudentius,
602 496 812 545 Sedulius,
837 497 1004 545 Arator,
1036 495 1247 546 Sidonius,
1276 496 1475 546 Avianus,
1508 495 1648 536 Luxo-

139 565 246 615 rius,
279 564 511 617 Eugenius,
552 565 616 605 usi
648 569 763 615 sunt,
796 564 869 605 sed
898 564 1133 614 rarissime,
1170 564 1398 614 Ausonius,
1430 563 1648 614 Paulinus,

139 632 389 674 Martianus.

252 712 387 753 Porro
426 713 469 752 111
512 712 684 753 relicuis
726 713 872 754 metris
911 711 1060 753 eadem
1105 711 1231 765 plane
1271 711 1337 752 vel
1374 712 1548 753 licentia
1587 712 1650 753 vol

139 780 350 822 modestia
381 780 603 822 elisionum
627 782 802 834 optinet,
837 795 946 834 quae
973 781 1016 821 in
1042 780 1292 821 hexametro
1314 784 1649 833 pentametrove.

140 853 188 890 ut
218 850 382 903 primae
413 853 562 903 partes
593 849 763 899 mediis,
794 849 958 890 mediae
993 849 1153 890 ultimis
1184 848 1427 890 habeantur
1458 848 1648 890 liberius.

142 917 286 968 veluti,
317 922 366 958 ut
395 917 477 958 hoc
508 918 701 972 exemplo
725 922 834 968 utar,
868 918 921 958 ab
945 917 1194 959 auctoribus
1217 918 1389 971 optimis
1410 917 1650 958 iamborum

139 986 181 1026 in
212 986 365 1027 ultima
392 985 504 1027 thesi
536 987 654 1028 elisio
687 987 767 1027 nisi
798 986 939 1027 brevis
972 987 1147 1039 eiusque
1177 978 1395 1027 rarissime
1416 999 1499 1027 non
1522 985 1649 1027 facile

140 1054 392 1096 admittitur.

253 1134 344 1175 Iam
376 1138 423 1175 ut
460 1138 601 1175 cetera
644 1148 851 1188 exequar,
894 1135 1008 1188 quod
1047 1135 1254 1176 trimetris
1295 1134 1532 1188 permultas
1575 1134 1648 1174 cli-

140 1203 280 1244 siones
320 1203 476 1244 indidit
504 1203 683 1253 Seneca,
725 1203 770 1244 id
800 1218 900 1244 vero
941 1218 1023 1244 11011
1067 1203 1228 1244 maiore
1260 1203 1448 1256 quadam
1478 1203 1646 1244 illorum

141 1273 277 1312 oritur
307 1271 522 1321 libertate,
555 1272 631 1313 sed
661 1271 935 1313 multitudine
958 1286 1155 1312 versuum
1181 1275 1223 1313 et
1243 1271 1416 1313 licentia
1439 1272 1648 1313 scaenica.

140 1354 238 1390 nec,
280 1340 394 1393 quod
423 1339 535 1381 idem
566 1340 608 1381 in
641 1340 791 1393 quinta
821 1340 1091 1394 potissimum
1123 1341 1209 1382 arsi
1242 1340 1427 1381 trimetri
1461 1340 1648 1381 admittit

141 1409 344 1463 synizesis
394 1408 702 1462 frequentiam,
756 1422 916 1450 arcana
967 1409 1153 1462 quadam
1199 1424 1330 1450 causa
1379 1413 1421 1450 et
1470 1412 1647 1459 remota,

140 1491 287 1518 verum
320 1491 370 1518 ea
401 1491 446 1519 re
489 1476 751 1524 effectumst,
792 1477 906 1530 quod
946 1478 1254 1531 paenultimam
1286 1478 1429 1519 sedem
1459 1477 1648 1531 spondeo

141 1560 309 1599 semper
340 1550 416 1587 aut
445 1551 682 1600 anapaesto
716 1546 898 1587 exclusis
932 1547 1087 1587 ceteris
1114 1546 1299 1587 modulis
1322 1550 1520 1587 constare
1543 1561 1649 1599 opus

142 1618 217 1655 est.
279 1614 345 1656 0111
384 1614 642 1656 simillimam
686 1614 858 1655 heroico
900 1615 943 1655 in
980 1618 1117 1656 metro
1159 1630 1291 1668 supra
1327 1615 1648 1657 observavimus

140 1683 370 1724 licentia-m.
433 1683 617 1737 denique
648 1683 690 1724 in
724 1683 994 1724 Aeolensium
1035 1684 1183 1725 metris
1225 1688 1398 1737 praeter
1436 1683 1647 1724 hendeca-

142 1751 351 1806 syllabum
398 1752 651 1806 sapphicum
699 1766 793 1792 011111
834 1752 1041 1793 Horatius
1087 1751 1203 1793 haud
1249 1766 1349 1793 raro
1388 1752 1494 1793 locis
1535 1752 1649 1793 circa

142 1834 363 1861 caesuram
397 1821 490 1862 sitis
522 1820 749 1875 synchysin
779 1820 991 1861 vocalium
1021 1820 1303 1871 adhibuisset,
1344 1820 1388 1861 id
1421 1823 1648 1873 sequentes

142 1888 332 1930 studiose
373 1890 600 1930 evitarunt.
662 1889 792 1930 veluti
824 1889 988 1930 Statius
1030 1903 1263 1942 numquam
1305 1893 1379 1930 aut
1417 1890 1460 1930 in
1498 1889 1649 1942 quinta

143 1956 309 2011 syllaba
340 1961 416 1998 aut
446 1958 489 1998 in
522 1962 644 1998 sexta
674 1971 822 1998 versus
853 1961 899 1998 ut
932 1957 1146 2011 sapphici,
1181 1958 1244 1999 ita
1275 1957 1427 1998 alcaici
1458 1956 1649 1997 admittit

141 2024 271 2066 illam.
323 2040 448 2078 quem
471 2026 667 2079 sequitur
690 2026 948 2067 Prudentius
971 2030 1151 2079 excepto
1182 2026 1265 2067 hoc
1298 2039 1424 2066 versu
1455 2025 1566 2079 [peri
1597 2028 1647 2065 st.

142 2098 184 2143 4,
218 2094 289 2148 62]
340 2092 451 2144 ‘ipsa
488 2098 557 2135 ria·
597 2097 724 2135 Roma
764 2098 806 2135 ’ἱη-
847 2098 946 2135 sollo
985 2092 1156 2136 locala'.
1226 2094 1340 2135 idem
1382 2107 1465 2134 non
1510 2093 1647 2146 magis

140 2176 268 2214 quam
312 2166 552 2204 ceterorum
595 2163 790 2217 plerique
837 2163 1078 2204 sustinuere
1122 2162 1318 2204 elidendo
1361 2162 1648 2203 comminuere

140 2229 324 2271 mediam
365 2235 533 2285 partem
574 2232 699 2272 metri
741 2231 1001 2284 asclepiadei
1040 2232 1228 2273 minoris.
1290 2235 1332 2272 et
1373 2230 1434 2271 sic
1465 2230 1650 2284 optinuit

140 2298 256 2352 apud
285 2299 568 2352 posteriores,
609 2299 724 2353 quod
752 2300 819 2341 vel
851 2300 1067 2341 durissimi
1096 2303 1252 2353 poetae
1286 2313 1385 2340 raro
1417 2298 1647 2340 admodum

141 2367 383 2420 migrarunt
413 2367 632 2421 placitum,
661 2369 831 2409 omnino
863 2369 899 2409 si
931 2368 1234 2409 admitteretur
1265 2368 1466 2422 synizesis
1488 2367 1648 2408 circum

141 2435 413 2477 Aeolicorum
445 2440 678 2477 metrorum
719 2450 943 2487 caesuras,
985 2440 1102 2477 certe
1141 2450 1194 2477 ne
1234 2436 1362 2489 longa
1400 2439 1475 2477 aut
1505 2435 1648 2476 media

139 2503 464 2545 imminueretur
503 2505 584 2545 nisi
631 2519 835 2546 concessa
880 2505 1070 2558 legitime
1109 2505 1244 2545 venia.
1314 2518 1414 2545 nam
1460 2504 1647 2545 Senecae

139 2570 373 2626 Hippolyto
414 2573 535 2627 [768]
577 2573 692 2626 quod
729 2573 908 2627 praebet
948 2572 1058 2614 liber
1095 2572 1314 2614 Mediceus
1358 2570 1648 2623 ‘lanquescunl

133 2643 236 2690 folio
267 2647 310 2680 ul
341 2643 427 2681 lilla
448 2639 649 2691 palllclo',
680 2641 785 2682 illud
819 2649 860 2681 ut
891 2641 1015 2683 abest
1046 2655 1071 2682 a
1101 2641 1223 2682 libris
1255 2641 1420 2682 ceteris.

254 2719 339 2760 Sed
381 2719 568 2761 elisionis
603 2721 782 2761 Latinae
827 2721 951 2774 plene
992 2725 1319 2774 persecuturum
1363 2720 1646 2774 suptilitatem

140 2787 225 2827 cito
257 2786 348 2829 dies
379 2787 560 2828 deficiet.
622 2802 756 2841 quare
787 2789 873 2829 iam
904 2790 1069 2843 pariter
1101 2792 1143 2830 et-
1171 2788 1385 2842 excerptis
1414 2788 1574 2829 nostris
1605 2792 1645 2838 et

137 2853 346 2896 lectorum
379 2869 606 2910 parcemus
637 2857 793 2898 taedio.
1306 2848 1309 2850 ⁵
