1898 3292
766 242 885 269 ΙΛΒΕΒ
905 244 1093 276 QVARTVS.
1603 239 1682 278 337

174 345 356 395 dentius,
388 336 603 397 Paulinus,
640 346 886 397 Venantius,
919 361 1180 400 quamquam
1204 351 1246 389 et
1268 347 1309 388 hi
1332 361 1410 401 pro
1434 349 1682 392 diversitate

173 415 410 456 carminum
442 415 621 455 variant.

286 483 395 524 Nam
427 482 482 524 ad
512 483 590 524 hos
621 472 786 536 pariter
817 486 860 523 et
900 483 954 524 ad
998 483 1200 525 classicos
1238 485 1427 538 pertinet
1467 485 1593 537 illud,
1634 491 1682 528 ut

171 552 318 592 metris
352 551 575 606 dactylicis
595 550 876 604 iambicisque
907 551 1184 606 longioribus,
1217 556 1259 594 et
1290 553 1475 595 maxime
1508 554 1680 607 quidem

172 619 206 660 si
237 619 469 673 prolixiore
502 619 734 661 decurrant
765 633 906 673 opere,
938 621 1075 662 maior
1107 621 1234 663 cedat
1265 620 1488 664 elisionum
1522 626 1565 663 et
1596 623 1678 664 fre-

171 689 347 741 quentia
379 692 422 729 et
451 687 626 730 licentia
651 702 778 741 quam
801 688 868 729 vel
897 688 1169 731 brevioribus
1202 689 1392 731 eiusdem
1425 691 1591 732 numeri
1614 691 1680 733 vel

168 756 442 810 logaoedicis.
505 757 675 798 omnino
716 771 800 811 quo
842 758 937 811 quis
977 757 1195 800 breviores
1230 759 1534 813 tenuioresque
1566 773 1679 802 com-

169 825 312 878 posuit
341 839 501 877 versus,
534 839 583 867 eo
616 826 783 867 cautius
814 840 915 867 usus
949 830 1013 867 est
1045 826 1297 880 copulandis
1328 827 1559 870 vocalibus.

282 894 416 935 Porro
460 897 659 935 auctores
698 907 777 948 pro
821 894 1070 936 diversitate
1114 895 1180 937 vel
1219 894 1429 937 librorum
1467 896 1532 938 vel
1571 901 1678 938 tem-

167 976 320 1016 porum
350 966 572 1004 mutarunt
603 965 753 1003 artem.
1407 978 1409 980 ·

281 1031 348 1072 Ita
379 1030 536 1072 Catulli
568 1031 757 1072 continui
789 1030 1029 1073 hexametri
1071 1032 1274 1074 cultiores
1317 1033 1464 1074 metris
1507 1034 1675 1082 ceteris,

167 1103 212 1142 et
244 1100 423 1154 Vergilii
463 1113 548 1141 non
589 1099 701 1140 idem
744 1114 846 1141 usus
888 1100 930 1140 in
964 1100 1177 1142 Bucolicis
1210 1101 1518 1155 Georgicisque
1560 1106 1602 1143 et
1632 1103 1675 1143 in

167 1169 354 1211 Aeneide
400 1182 478 1210 nec
518 1167 688 1209 Horatii
734 1168 776 1209 in
818 1167 963 1222 lyricis
1003 1168 1285 1222 iambicisque
1331 1174 1372 1210 et
1413 1170 1456 1210 in
1496 1170 1674 1213 Saturis.

167 1252 192 1279 a
230 1237 398 1279 Saturis
435 1240 579 1278 autem
622 1251 772 1278 rursus
813 1235 1015 1278 differunt
1054 1237 1287 1291 Epistulae.
1350 1242 1575 1291 praeterea
1618 1238 1674 1280 ab

166 1306 315 1347 eodem
354 1306 398 1346 in
438 1304 588 1346 ultimo
631 1305 867 1346 carminum
909 1305 1019 1347 libro
1064 1308 1106 1346 et
1145 1305 1301 1360 hymno
1343 1306 1555 1348 saeculari
1589 1320 1674 1349 non

167 1374 267 1416 elidi
288 1374 439 1428 longas
470 1374 637 1416 notavit
658 1373 971 1425 Lachmannus,
1005 1387 1132 1427 quem
1154 1378 1299 1415 tamen
1322 1374 1432 1416 duae
1453 1375 1675 1417 latuerunt

165 1443 438 1497 exceptiones
481 1443 537 1497 [1,
571 1445 623 1484 35
656 1456 741 1496 sq.;
776 1446 812 1493 3,
846 1442 940 1496 24]:
985 1441 1079 1484 ‘cur
1113 1447 1304 1494 facunda
1339 1457 1492 1494 parum
1525 1448 1673 1486 decoro

164 1515 272 1553 inter
307 1514 431 1553 verba
472 1514 583 1552 cadit
624 1514 765 1562 linqua
795 1507 1004 1552 silentio?’
1055 1509 1184 1562 ‘quod
1212 1515 1325 1562 spiro
1358 1519 1396 1553 et
1432 1516 1595 1563 placeo,
1637 1517 1673 1554 si

160 1585 318 1632 placeo,
351 1576 535 1621 tuumst'.
588 1592 640 1620 ex
671 1578 827 1633 quibus
856 1579 939 1620 hoc
971 1579 1212 1633 exemplum
1243 1580 1424 1632 mollius,
1455 1581 1557 1634 quia
1586 1582 1673 1623 iam

162 1654 253 1691 tum
294 1648 515 1690 titubabat
556 1662 577 1689 0
615 1647 756 1689 finalis
786 1647 853 1689 vel
895 1648 938 1689 in
968 1647 1109 1690 verbis
1151 1662 1236 1690 non
1266 1648 1474 1691 iambicis.
1518 1675 1573 1680 —
1610 1651 1672 1692 ita

162 1718 326 1760 Seneca
363 1718 408 1758 in
440 1714 623 1758 choricis
653 1716 777 1770 longe
810 1716 896 1758 alia
927 1720 1020 1758 arte
1052 1717 1189 1758 utitur
1220 1731 1349 1771 quain
1380 1718 1423 1759 in
1455 1718 1670 1770 diver-biis,

162 1790 205 1829 et
236 1786 428 1829 Petronii
460 1799 631 1827 carmen
664 1785 716 1827 de
743 1785 855 1827 bello
895 1785 1026 1837 civili,
1065 1785 1180 1839 quod
1218 1787 1437 1840 epicorum
1475 1787 1671 1829 imitatur

160 1855 425 1906 libertatem,
464 1854 678 1896 diversum
711 1853 937 1895 elisionum
968 1854 1213 1908 frequentia
1243 1868 1269 1896 a
1301 1854 1483 1897 relicuis.
1544 1869 1670 1910 prae-

162 1928 283 1967 terea
313 1923 479 1966 Statius
511 1927 553 1965 et
585 1923 794 1977 Corippus
835 1923 878 1964 in
910 1922 1148 1965 Achilleide
1189 1927 1231 1965 et
1269 1923 1471 1966 laudibus
1503 1924 1668 1976 Iustini‚

162 2007 269 2047 quos
299 1992 552 2034 novissimos
585 2005 866 2046 composuere
908 1991 1063 2043 libros,
1106 1992 1321 2034 cautiores
1362 1992 1482 2034 fuere
1515 1993 1668 2034 admit-

159 2061 291 2103 tenda
322 2061 497 2103 elisione
526 2074 655 2114 quam
688 2060 733 2101 in
765 2061 918 2102 ceteris
951 2060 1166 2114 operibus.
1227 2060 1410 2115 denique
1441 2060 1668 2103 Columba-

160 2144 240 2172 nus
273 2143 370 2171 cum
399 2130 442 2170 in
473 2128 736 2170 hexametris
768 2128 885 2170 haud
916 2142 1015 2170 raro
1046 2132 1195 2171 utatur
1227 2129 1395 2182 eadem,
1425 2129 1480 2172 ab
1512 2129 1668 2172 adonio

159 2199 215 2241 ad
245 2198 468 2240 Fedolium
496 2197 731 2252 prohibuit.

273 2267 363 2309 Nec
391 2280 491 2309 raro
522 2266 798 2308 inveniuntur
835 2266 951 2321 apud
990 2270 1141 2321 poetas
1172 2268 1367 2321 Augusto
1403 2268 1666 2322 posteriores

159 2336 373 2387 carmina,
416 2349 528 2389 quae
567 2335 635 2376 vel
678 2335 848 2377 omnino
889 2339 1067 2377 careant
1097 2335 1308 2377 vocalium
1349 2349 1561 2378 concursu
1601 2336 1668 2378 vel

159 2404 337 2446 eundem
370 2403 601 2446 admittant
629 2403 1033 2457 infrequentissime.
1084 2404 1250 2445 notavit
1269 2418 1360 2445 rem
1382 2405 1425 2445 in
1447 2404 1667 2458 Calpurnii

158 2472 372 2514 Bucolicis
402 2472 619 2526 Hauptius
650 2486 730 2514 nec
760 2473 900 2514 minus
940 2472 983 2513 in
1023 2473 1283 2527 panegyrico
1314 2472 1498 2525 Pisonis,
1540 2487 1666 2527 quem

156 2540 228 2582 ille
274 2540 392 2582 haud
435 2540 782 2595 improbabiliter
830 2540 930 2582 huic
976 2541 1060 2594 ipsi
1109 2541 1341 2595 adscripsit
1386 2541 1564 2583 auctori.
1611 2565 1667 2572 —-

157 2613 386 2664 praeterea
424 2609 538 2651 idem
580 2608 895 2651 observandum
931 2609 976 2650 in
1012 2609 1157 2651 multis
1191 2610 1428 2651 carminum
1454 2610 1666 2652 minorum

158 2677 427 2729 auctoribus,
469 2691 730 2731 quamquam
761 2691 831 2719 res
864 2677 1119 2732 plerumque
1151 2677 1260 2731 fugit
1291 2678 1474 2719 criticos.
1534 2678 1666 2720 veluti

155 2747 199 2788 in
232 2746 420 2788 carmine
452 2746 504 2788 de
536 2745 625 2788 sole
657 2746 788 2801 [poet.
809 2746 835 2787 l.
861 2746 959 2787 min.
987 2746 1056 2798 IV,
1083 2747 1199 2801 434],
1237 2746 1356 2787 cuius
1389 2749 1487 2787 sunt
1517 2760 1665 2788 versus

155 2815 250 2866 LX,
290 2815 488 2868 quotiens
531 2814 585 2856 ab
622 2814 851 2856 novissimo
885 2814 1049 2857 editore
1081 2814 1313 2856 admissast
1344 2814 1475 2867 elisio,
1506 2815 1665 2856 totiens

155 2882 333 2924 fallitur.
395 2883 468 2936 qui
499 2897 552 2924 ne
582 2882 665 2924 hoc
696 2882 868 2936 quidem
899 2883 1124 2934 intellexit,
1156 2897 1191 2924 v.
1225 2886 1299 2924 22:

362 2956 534 2990 fluctibus
561 2968 602 2990 ac
630 2957 784 2990 nitidum
812 2958 907 2990 tollit
936 2961 1049 3001 caput
1074 2957 1200 2991 aether
1229 2957 1263 2990 in
1290 2957 1404 2992 altum

222 3032 253 3056 L.
272 3031 460 3062 Muelleri;
486 3032 529 3055 De
548 3039 568 3056 r.
588 3039 623 3056 m.
643 3039 670 3062 p.
691 3032 721 3055 L.
1346 3021 1390 3053 2⁸2
