<?xml version="1.0" encoding="UTF-8"?>
<!DOCTYPE html PUBLIC "-//W3C//DTD XHTML 1.0 Transitional//EN"
    "http://www.w3.org/TR/xhtml1/DTD/xhtml1-transitional.dtd">
<html xmlns="http://www.w3.org/1999/xhtml" xml:lang="en" lang="en">
 <head>
  <title>
</title>
<meta http-equiv="Content-Type" content="text/html;charset=utf-8" />
  <meta name='ocr-system' content='tesseract 3.04.00' />
  <meta name='ocr-capabilities' content='ocr_page ocr_carea ocr_par ocr_line ocrx_word'/>
</head>
<body>
  <div class='ocr_page' id='page_1' title='image "./deremetricapoeta00mluoft_0189.png"; bbox 0 0 1898 3292; ppageno 0'>
   <div class='ocr_carea' id='block_1_1' title="bbox 730 260 1654 298">
    <p class='ocr_par' dir='ltr' id='par_1_1' title="bbox 730 260 1654 298">
     <span class='ocr_line' id='line_1_1' title="bbox 730 260 1654 298; baseline 0.002 -4"><span class='ocrx_word' id='word_1_1' title='bbox 730 269 849 294; x_wconf 80' lang='lat' dir='ltr'><strong>LIBER</strong></span> <span class='ocrx_word' id='word_1_2' title='bbox 867 268 1077 294; x_wconf 73' lang='lat' dir='ltr'>SECVNDVS.</span> <span class='ocrx_word' id='word_1_3' title='bbox 1578 260 1654 298; x_wconf 87' lang='grc'>167</span> 
     </span>
    </p>
   </div>
   <div class='ocr_carea' id='block_1_2' title="bbox 151 370 1664 1723">
    <p class='ocr_par' dir='ltr' id='par_1_2' title="bbox 152 370 1658 562">
     <span class='ocr_line' id='line_1_2' title="bbox 265 370 1656 425; baseline -0.001 -12"><span class='ocrx_word' id='word_1_4' title='bbox 265 373 352 413; x_wconf 88' lang='grc'><strong>13111</strong></span> <span class='ocrx_word' id='word_1_5' title='bbox 377 376 609 425; x_wconf 85' lang='lat' dir='ltr'>antequam</span> <span class='ocrx_word' id='word_1_6' title='bbox 634 372 827 412; x_wconf 81' lang='lat' dir='ltr'>omittam</span> <span class='ocrx_word' id='word_1_7' title='bbox 850 370 962 410; x_wconf 89' lang='lat' dir='ltr'>hanc</span> <span class='ocrx_word' id='word_1_8' title='bbox 983 374 1163 423; x_wconf 83' lang='lat' dir='ltr'>partem,</span> <span class='ocrx_word' id='word_1_9' title='bbox 1196 370 1346 423; x_wconf 78' lang='lat' dir='ltr'>paucis</span> <span class='ocrx_word' id='word_1_10' title='bbox 1369 370 1581 423; x_wconf 82' lang='lat' dir='ltr'>agendum</span> <span class='ocrx_word' id='word_1_11' title='bbox 1604 370 1656 412; x_wconf 86' lang='lat' dir='ltr'>de</span> 
     </span>
     <span class='ocr_line' id='line_1_3' title="bbox 152 437 1658 493; baseline -0.001 -12"><span class='ocrx_word' id='word_1_12' title='bbox 152 440 331 481; x_wconf 82' lang='lat' dir='ltr'>senariis</span> <span class='ocrx_word' id='word_1_13' title='bbox 349 440 567 491; x_wconf 76' lang='lat' dir='ltr'>Prisciani,</span> <span class='ocrx_word' id='word_1_14' title='bbox 601 439 755 493; x_wconf 90' lang='lat' dir='ltr'>quibus</span> <span class='ocrx_word' id='word_1_15' title='bbox 786 438 1100 492; x_wconf 74' lang='lat' dir='ltr'>praefationem</span> <span class='ocrx_word' id='word_1_16' title='bbox 1128 438 1281 479; x_wconf 91' lang='lat' dir='ltr'>Iustini</span> <span class='ocrx_word' id='word_1_17' title='bbox 1310 437 1501 478; x_wconf 79' lang='lat' dir='ltr'>laudium</span> <span class='ocrx_word' id='word_1_18' title='bbox 1524 438 1658 479; x_wconf 84' lang='lat' dir='ltr'>voluit</span> 
     </span>
     <span class='ocr_line' id='line_1_4' title="bbox 152 506 1656 562; baseline -0.002 -13"><span class='ocrx_word' id='word_1_19' title='bbox 152 509 369 550; x_wconf 83' lang='lat' dir='ltr'>contineri.</span> <span class='ocrx_word' id='word_1_20' title='bbox 417 510 489 562; x_wconf 89' lang='lat' dir='ltr'>qui</span> <span class='ocrx_word' id='word_1_21' title='bbox 512 508 713 550; x_wconf 90' lang='lat' dir='ltr'>Gulielmi</span> <span class='ocrx_word' id='word_1_22' title='bbox 736 507 896 562; x_wconf 83' lang='lat' dir='ltr'>Meyeri</span> <span class='ocrx_word' id='word_1_23' title='bbox 916 507 1100 560; x_wconf 87' lang='lat' dir='ltr'>primum</span> <span class='ocrx_word' id='word_1_24' title='bbox 1124 510 1221 547; x_wconf 86' lang='lat' dir='ltr'>sunt</span> <span class='ocrx_word' id='word_1_25' title='bbox 1243 506 1433 547; x_wconf 87' lang='lat' dir='ltr'>sollertia</span> <span class='ocrx_word' id='word_1_26' title='bbox 1457 506 1656 559; x_wconf 86' lang='lat' dir='ltr'>expediti.</span> 
     </span>
    </p>

    <p class='ocr_par' dir='ltr' id='par_1_3' title="bbox 151 573 1658 1026">
     <span class='ocr_line' id='line_1_5' title="bbox 265 573 1657 632; baseline -0.002 -15"><span class='ocrx_word' id='word_1_27' title='bbox 265 577 306 617; x_wconf 92' lang='lat' dir='ltr'>Is</span> <span class='ocrx_word' id='word_1_28' title='bbox 336 577 468 630; x_wconf 84' lang='lat' dir='ltr'>igitur</span> <span class='ocrx_word' id='word_1_29' title='bbox 501 577 572 632; x_wconf 87' lang='lat' dir='ltr'>[de</span> <span class='ocrx_word' id='word_1_30' title='bbox 600 577 766 617; x_wconf 81' lang='lat' dir='ltr'>hexam.</span> <span class='ocrx_word' id='word_1_31' title='bbox 791 575 957 617; x_wconf 85' lang='lat' dir='ltr'>Graeco</span> <span class='ocrx_word' id='word_1_32' title='bbox 990 589 1040 615; x_wconf 89' lang='lat' dir='ltr'>ac</span> <span class='ocrx_word' id='word_1_33' title='bbox 1061 575 1215 615; x_wconf 90' lang='lat' dir='ltr'>Latino</span> <span class='ocrx_word' id='word_1_34' title='bbox 1248 587 1315 628; x_wconf 85' lang='lat' dir='ltr'>pg.</span> <span class='ocrx_word' id='word_1_35' title='bbox 1341 577 1443 615; x_wconf 72' lang='lat'>1081</span> <span class='ocrx_word' id='word_1_36' title='bbox 1472 575 1553 628; x_wconf 87' lang='lat' dir='ltr'>sq.]</span> <span class='ocrx_word' id='word_1_37' title='bbox 1586 573 1657 615; x_wconf 90' lang='lat' dir='ltr'>de-</span> 
     </span>
     <span class='ocr_line' id='line_1_6' title="bbox 151 641 1657 698; baseline -0.001 -13"><span class='ocrx_word' id='word_1_38' title='bbox 151 645 404 686; x_wconf 87' lang='lat' dir='ltr'>monstravit</span> <span class='ocrx_word' id='word_1_39' title='bbox 445 659 517 686; x_wconf 88' lang='lat' dir='ltr'>eos</span> <span class='ocrx_word' id='word_1_40' title='bbox 559 645 818 698; x_wconf 86' lang='lat' dir='ltr'>compositos</span> <span class='ocrx_word' id='word_1_41' title='bbox 860 643 914 684; x_wconf 88' lang='lat' dir='ltr'>ad</span> <span class='ocrx_word' id='word_1_42' title='bbox 958 657 1153 684; x_wconf 88' lang='lat' dir='ltr'>normam</span> <span class='ocrx_word' id='word_1_43' title='bbox 1184 641 1572 683; x_wconf 78' lang='lat' dir='ltr'>Alexandrinorum</span> <span class='ocrx_word' id='word_1_44' title='bbox 1615 646 1657 683; x_wconf 91' lang='lat' dir='ltr'>et</span> 
     </span>
     <span class='ocr_line' id='line_1_7' title="bbox 152 710 1657 767; baseline -0.002 -14"><span class='ocrx_word' id='word_1_45' title='bbox 152 713 439 754; x_wconf 83' lang='lat' dir='ltr'>recentiorum</span> <span class='ocrx_word' id='word_1_46' title='bbox 470 717 697 767; x_wconf 90' lang='lat' dir='ltr'>poetarum</span> <span class='ocrx_word' id='word_1_47' title='bbox 729 713 1010 762; x_wconf 86' lang='lat' dir='ltr'>Graecorum,</span> <span class='ocrx_word' id='word_1_48' title='bbox 1057 711 1129 764; x_wconf 88' lang='lat' dir='ltr'>qui</span> <span class='ocrx_word' id='word_1_49' title='bbox 1163 711 1299 752; x_wconf 86' lang='lat' dir='ltr'>secuti</span> <span class='ocrx_word' id='word_1_50' title='bbox 1332 710 1516 751; x_wconf 89' lang='lat' dir='ltr'>comicos</span> <span class='ocrx_word' id='word_1_51' title='bbox 1548 711 1657 751; x_wconf 81' lang='lat' dir='ltr'>Atti-</span> 
     </span>
     <span class='ocr_line' id='line_1_8' title="bbox 152 778 1658 834; baseline -0.003 -12"><span class='ocrx_word' id='word_1_52' title='bbox 152 794 299 821; x_wconf 87' lang='lat' dir='ltr'>corum</span> <span class='ocrx_word' id='word_1_53' title='bbox 340 785 645 834; x_wconf 76' lang='lat' dir='ltr'>anapaestum,</span> <span class='ocrx_word' id='word_1_54' title='bbox 694 794 778 821; x_wconf 90' lang='lat' dir='ltr'>non</span> <span class='ocrx_word' id='word_1_55' title='bbox 824 779 1083 833; x_wconf 88' lang='lat' dir='ltr'>spondeum,</span> <span class='ocrx_word' id='word_1_56' title='bbox 1132 779 1411 819; x_wconf 73' lang='lat' dir='ltr'>admitterent</span> <span class='ocrx_word' id='word_1_57' title='bbox 1461 779 1504 819; x_wconf 92' lang='grc'>111</span> <span class='ocrx_word' id='word_1_58' title='bbox 1552 778 1658 819; x_wconf 90' lang='lat' dir='ltr'>locis</span> 
     </span>
     <span class='ocr_line' id='line_1_9' title="bbox 151 847 1658 902; baseline -0.001 -12"><span class='ocrx_word' id='word_1_59' title='bbox 151 849 329 902; x_wconf 86' lang='lat' dir='ltr'>paribus</span> <span class='ocrx_word' id='word_1_60' title='bbox 361 853 403 890; x_wconf 84' lang='lat' dir='ltr'>et</span> <span class='ocrx_word' id='word_1_61' title='bbox 435 849 666 902; x_wconf 89' lang='lat' dir='ltr'>aliquando</span> <span class='ocrx_word' id='word_1_62' title='bbox 697 862 919 889; x_wconf 85' lang='lat' dir='ltr'>caesuram</span> <span class='ocrx_word' id='word_1_63' title='bbox 951 847 1236 901; x_wconf 81' lang='lat' dir='ltr'>neglegerent.</span> <span class='ocrx_word' id='word_1_64' title='bbox 1298 860 1397 887; x_wconf 91' lang='grc'><strong>113111</strong></span> <span class='ocrx_word' id='word_1_65' title='bbox 1428 850 1658 899; x_wconf 88' lang='lat' dir='ltr'>utrumque</span> 
     </span>
     <span class='ocr_line' id='line_1_10' title="bbox 151 914 1658 971; baseline -0.002 -13"><span class='ocrx_word' id='word_1_66' title='bbox 151 917 322 971; x_wconf 87' lang='lat' dir='ltr'>saepius</span> <span class='ocrx_word' id='word_1_67' title='bbox 352 917 566 958; x_wconf 86' lang='lat' dir='ltr'>invenitur</span> <span class='ocrx_word' id='word_1_68' title='bbox 596 917 639 957; x_wconf 91' lang='lat' dir='ltr'>in</span> <span class='ocrx_word' id='word_1_69' title='bbox 672 916 877 971; x_wconf 91' lang='lat' dir='ltr'>opusculo</span> <span class='ocrx_word' id='word_1_70' title='bbox 908 915 999 968; x_wconf 89' lang='lat' dir='ltr'>illo,</span> <span class='ocrx_word' id='word_1_71' title='bbox 1040 915 1142 957; x_wconf 88' lang='lat' dir='ltr'>licet</span> <span class='ocrx_word' id='word_1_72' title='bbox 1169 915 1309 965; x_wconf 82' lang='lat' dir='ltr'>XXII,</span> <span class='ocrx_word' id='word_1_73' title='bbox 1349 928 1433 956; x_wconf 87' lang='lat' dir='ltr'>non</span> <span class='ocrx_word' id='word_1_74' title='bbox 1463 914 1658 969; x_wconf 89' lang='lat' dir='ltr'>pluribus</span> 
     </span>
     <span class='ocr_line' id='line_1_11' title="bbox 153 985 553 1026; baseline 0 0"><span class='ocrx_word' id='word_1_75' title='bbox 153 989 318 1026; x_wconf 89' lang='lat' dir='ltr'>constet</span> <span class='ocrx_word' id='word_1_76' title='bbox 348 985 553 1026; x_wconf 89' lang='lat' dir='ltr'>versibus.</span> 
     </span>
    </p>

    <p class='ocr_par' dir='ltr' id='par_1_4' title="bbox 267 1052 1104 1095">
     <span class='ocr_line' id='line_1_12' title="bbox 267 1052 1104 1095; baseline -0.002 -1"><span class='ocrx_word' id='word_1_77' title='bbox 267 1053 353 1095; x_wconf 84' lang='lat' dir='ltr'>Sed</span> <span class='ocrx_word' id='word_1_78' title='bbox 382 1054 467 1094; x_wconf 89' lang='lat' dir='ltr'>iam</span> <span class='ocrx_word' id='word_1_79' title='bbox 499 1053 551 1094; x_wconf 91' lang='lat' dir='ltr'>de</span> <span class='ocrx_word' id='word_1_80' title='bbox 582 1053 721 1094; x_wconf 91' lang='lat' dir='ltr'>soluta</span> <span class='ocrx_word' id='word_1_81' title='bbox 754 1053 841 1094; x_wconf 88' lang='lat' dir='ltr'>arsi</span> <span class='ocrx_word' id='word_1_82' title='bbox 872 1052 1104 1093; x_wconf 80' lang='lat' dir='ltr'>videamus.</span> 
     </span>
    </p>

    <p class='ocr_par' dir='ltr' id='par_1_5' title="bbox 152 1118 1660 1380">
     <span class='ocr_line' id='line_1_13' title="bbox 267 1118 1660 1176; baseline -0.003 -13"><span class='ocrx_word' id='word_1_83' title='bbox 267 1122 360 1173; x_wconf 82' lang='lat' dir='ltr'>Qua</span> <span class='ocrx_word' id='word_1_84' title='bbox 388 1122 433 1163; x_wconf 90' lang='lat' dir='ltr'>in</span> <span class='ocrx_word' id='word_1_85' title='bbox 462 1135 508 1163; x_wconf 90' lang='lat' dir='ltr'>re</span> <span class='ocrx_word' id='word_1_86' title='bbox 538 1121 723 1176; x_wconf 89' lang='lat' dir='ltr'>primum</span> <span class='ocrx_word' id='word_1_87' title='bbox 760 1120 997 1162; x_wconf 89' lang='lat' dir='ltr'>notandum</span> <span class='ocrx_word' id='word_1_88' title='bbox 1038 1119 1265 1173; x_wconf 76' lang='lat' dir='ltr'>displicere</span> <span class='ocrx_word' id='word_1_89' title='bbox 1306 1118 1574 1160; x_wconf 73' lang='lat' dir='ltr'>tribrachum</span> <span class='ocrx_word' id='word_1_90' title='bbox 1617 1119 1660 1159; x_wconf 89' lang='lat' dir='ltr'>in</span> 
     </span>
     <span class='ocr_line' id='line_1_14' title="bbox 152 1186 1658 1243; baseline -0.002 -13"><span class='ocrx_word' id='word_1_91' title='bbox 152 1190 290 1243; x_wconf 88' lang='lat' dir='ltr'>primo</span> <span class='ocrx_word' id='word_1_92' title='bbox 321 1190 387 1232; x_wconf 83' lang='lat' dir='ltr'>vel</span> <span class='ocrx_word' id='word_1_93' title='bbox 416 1189 680 1243; x_wconf 89' lang='lat' dir='ltr'>paenultimo</span> <span class='ocrx_word' id='word_1_94' title='bbox 720 1188 829 1243; x_wconf 85' lang='lat' dir='ltr'>pede</span> <span class='ocrx_word' id='word_1_95' title='bbox 867 1188 1162 1229; x_wconf 89' lang='lat' dir='ltr'>iambicorum.</span> <span class='ocrx_word' id='word_1_96' title='bbox 1223 1187 1336 1228; x_wconf 86' lang='lat' dir='ltr'>unde</span> <span class='ocrx_word' id='word_1_97' title='bbox 1366 1187 1572 1228; x_wconf 83' lang='lat' dir='ltr'>Horatius</span> <span class='ocrx_word' id='word_1_98' title='bbox 1605 1186 1658 1228; x_wconf 87' lang='lat' dir='ltr'>ab</span> 
     </span>
     <span class='ocr_line' id='line_1_15' title="bbox 154 1256 1660 1312; baseline -0.003 -13"><span class='ocrx_word' id='word_1_99' title='bbox 154 1263 336 1312; x_wconf 86' lang='lat' dir='ltr'>utroque</span> <span class='ocrx_word' id='word_1_100' title='bbox 359 1258 567 1300; x_wconf 78' lang='lat' dir='ltr'>abstinuit</span> <span class='ocrx_word' id='word_1_101' title='bbox 600 1258 691 1312; x_wconf 82' lang='lat' dir='ltr'>(qui</span> <span class='ocrx_word' id='word_1_102' title='bbox 712 1258 808 1298; x_wconf 90' lang='lat' dir='ltr'>ideo</span> <span class='ocrx_word' id='word_1_103' title='bbox 833 1271 895 1311; x_wconf 88' lang='lat' dir='ltr'>ep.</span> <span class='ocrx_word' id='word_1_104' title='bbox 922 1261 986 1307; x_wconf 80' lang='grc'>15,</span> <span class='ocrx_word' id='word_1_105' title='bbox 1011 1260 1062 1298; x_wconf 81' lang='lat'>24</span> <span class='ocrx_word' id='word_1_106' title='bbox 1087 1256 1260 1309; x_wconf 87' lang='lat' dir='ltr'>scripsit</span> <span class='ocrx_word' id='word_1_107' title='bbox 1292 1264 1355 1297; x_wconf 72' lang='lat' dir='ltr'>ast</span> <span class='ocrx_word' id='word_1_108' title='bbox 1387 1269 1460 1306; x_wconf 64' lang='lat' dir='ltr'>eqo</span> <span class='ocrx_word' id='word_1_109' title='bbox 1489 1258 1660 1296; x_wconf 68' lang='lat' dir='ltr'>vicissim</span> 
     </span>
     <span class='ocr_line' id='line_1_16' title="bbox 154 1323 1659 1380; baseline -0.003 -12"><span class='ocrx_word' id='word_1_110' title='bbox 154 1330 307 1375; x_wconf 72' lang='lat' dir='ltr'>risero,</span> <span class='ocrx_word' id='word_1_111' title='bbox 339 1340 423 1368; x_wconf 90' lang='lat' dir='ltr'>non</span> <span class='ocrx_word' id='word_1_112' title='bbox 454 1334 518 1376; x_wconf 80' lang='lat' dir='ltr'>at,·</span> <span class='ocrx_word' id='word_1_113' title='bbox 550 1330 779 1380; x_wconf 89' lang='lat' dir='ltr'>corruptus</span> <span class='ocrx_word' id='word_1_114' title='bbox 812 1329 876 1367; x_wconf 88' lang='lat' dir='ltr'>est</span> <span class='ocrx_word' id='word_1_115' title='bbox 911 1329 973 1375; x_wconf 91' lang='grc'>11,</span> <span class='ocrx_word' id='word_1_116' title='bbox 1007 1327 1102 1377; x_wconf 81' lang='lat'>27),</span> <span class='ocrx_word' id='word_1_117' title='bbox 1144 1325 1254 1365; x_wconf 87' lang='lat' dir='ltr'>sicut</span> <span class='ocrx_word' id='word_1_118' title='bbox 1283 1324 1390 1365; x_wconf 88' lang='lat' dir='ltr'>adeo</span> <span class='ocrx_word' id='word_1_119' title='bbox 1426 1323 1659 1364; x_wconf 75' lang='lat' dir='ltr'>Phaedrus.</span> 
     </span>
    </p>

    <p class='ocr_par' dir='ltr' id='par_1_6' title="bbox 154 1391 1664 1723">
     <span class='ocr_line' id='line_1_17' title="bbox 268 1391 1663 1445; baseline -0.004 -9"><span class='ocrx_word' id='word_1_120' title='bbox 268 1395 500 1436; x_wconf 84' lang='lat' dir='ltr'>Praeterea</span> <span class='ocrx_word' id='word_1_121' title='bbox 531 1395 696 1436; x_wconf 89' lang='lat' dir='ltr'>solutae</span> <span class='ocrx_word' id='word_1_122' title='bbox 740 1394 848 1435; x_wconf 90' lang='lat' dir='ltr'>arsis</span> <span class='ocrx_word' id='word_1_123' title='bbox 890 1407 941 1434; x_wconf 84' lang='lat' dir='ltr'>ne</span> <span class='ocrx_word' id='word_1_124' title='bbox 983 1393 1223 1434; x_wconf 79' lang='lat' dir='ltr'>exundaret</span> <span class='ocrx_word' id='word_1_125' title='bbox 1260 1392 1456 1441; x_wconf 79' lang='lat' dir='ltr'>licentia,</span> <span class='ocrx_word' id='word_1_126' title='bbox 1498 1391 1663 1445; x_wconf 89' lang='lat' dir='ltr'>placuit</span> 
     </span>
     <span class='ocr_line' id='line_1_18' title="bbox 155 1460 1662 1515; baseline -0.004 -11"><span class='ocrx_word' id='word_1_127' title='bbox 155 1464 364 1505; x_wconf 88' lang='lat' dir='ltr'>contineri</span> <span class='ocrx_word' id='word_1_128' title='bbox 409 1478 533 1504; x_wconf 88' lang='lat' dir='ltr'>usum</span> <span class='ocrx_word' id='word_1_129' title='bbox 580 1463 640 1504; x_wconf 90' lang='lat' dir='ltr'>eis</span> <span class='ocrx_word' id='word_1_130' title='bbox 684 1463 891 1503; x_wconf 88' lang='lat' dir='ltr'>orationis</span> <span class='ocrx_word' id='word_1_131' title='bbox 937 1461 1156 1515; x_wconf 86' lang='lat' dir='ltr'>partibus,</span> <span class='ocrx_word' id='word_1_132' title='bbox 1207 1461 1362 1514; x_wconf 90' lang='lat' dir='ltr'>quibus</span> <span class='ocrx_word' id='word_1_133' title='bbox 1409 1460 1534 1500; x_wconf 87' lang='lat' dir='ltr'>aliter</span> <span class='ocrx_word' id='word_1_134' title='bbox 1578 1472 1662 1499; x_wconf 89' lang='lat' dir='ltr'>non</span> 
     </span>
     <span class='ocr_line' id='line_1_19' title="bbox 154 1527 1663 1581; baseline -0.003 -9"><span class='ocrx_word' id='word_1_135' title='bbox 154 1533 305 1574; x_wconf 89' lang='lat' dir='ltr'>liceret</span> <span class='ocrx_word' id='word_1_136' title='bbox 334 1532 498 1573; x_wconf 85' lang='lat' dir='ltr'>intrare</span> <span class='ocrx_word' id='word_1_137' title='bbox 520 1532 562 1573; x_wconf 91' lang='lat' dir='ltr'>in</span> <span class='ocrx_word' id='word_1_138' title='bbox 586 1535 771 1573; x_wconf 88' lang='lat' dir='ltr'>metrum</span> <span class='ocrx_word' id='word_1_139' title='bbox 791 1530 1024 1571; x_wconf 89' lang='lat' dir='ltr'>iambicum</span> <span class='ocrx_word' id='word_1_140' title='bbox 1053 1529 1120 1571; x_wconf 82' lang='lat' dir='ltr'>vel</span> <span class='ocrx_word' id='word_1_141' title='bbox 1149 1529 1430 1579; x_wconf 89' lang='lat' dir='ltr'>trochaicum,</span> <span class='ocrx_word' id='word_1_142' title='bbox 1463 1527 1663 1581; x_wconf 85' lang='lat' dir='ltr'>qualibus</span> 
     </span>
     <span class='ocr_line' id='line_1_20' title="bbox 154 1595 1664 1652; baseline -0.004 -10"><span class='ocrx_word' id='word_1_143' title='bbox 154 1601 279 1642; x_wconf 87' lang='lat' dir='ltr'>modo</span> <span class='ocrx_word' id='word_1_144' title='bbox 321 1601 610 1642; x_wconf 84' lang='lat' dir='ltr'>demonstravi</span> <span class='ocrx_word' id='word_1_145' title='bbox 649 1600 779 1641; x_wconf 90' lang='lat' dir='ltr'>etiam</span> <span class='ocrx_word' id='word_1_146' title='bbox 822 1599 1146 1652; x_wconf 88' lang='lat' dir='ltr'>anapaesticum</span> <span class='ocrx_word' id='word_1_147' title='bbox 1186 1597 1497 1652; x_wconf 74' lang='lat' dir='ltr'>dactylicumve</span> <span class='ocrx_word' id='word_1_148' title='bbox 1541 1595 1664 1637; x_wconf 84' lang='lat' dir='ltr'>reddi</span> 
     </span>
     <span class='ocr_line' id='line_1_21' title="bbox 155 1664 1549 1723; baseline -0.004 -12"><span class='ocrx_word' id='word_1_149' title='bbox 155 1669 328 1711; x_wconf 88' lang='lat' dir='ltr'>solitum</span> <span class='ocrx_word' id='word_1_150' title='bbox 360 1669 525 1723; x_wconf 89' lang='lat' dir='ltr'>pedem.</span> <span class='ocrx_word' id='word_1_151' title='bbox 588 1682 721 1722; x_wconf 89' lang='lat' dir='ltr'>quare</span> <span class='ocrx_word' id='word_1_152' title='bbox 752 1671 869 1709; x_wconf 89' lang='lat' dir='ltr'>recte</span> <span class='ocrx_word' id='word_1_153' title='bbox 900 1667 1062 1708; x_wconf 89' lang='lat' dir='ltr'>habent</span> <span class='ocrx_word' id='word_1_154' title='bbox 1093 1666 1147 1707; x_wconf 90' lang='lat' dir='ltr'>ab</span> <span class='ocrx_word' id='word_1_155' title='bbox 1181 1670 1274 1707; x_wconf 89' lang='lat' dir='ltr'>arte</span> <span class='ocrx_word' id='word_1_156' title='bbox 1305 1679 1452 1707; x_wconf 85' lang='lat' dir='ltr'>versus</span> <span class='ocrx_word' id='word_1_157' title='bbox 1484 1664 1549 1706; x_wconf 84' lang='lat' dir='ltr'>hi:</span> 
     </span>
    </p>
   </div>
   <div class='ocr_carea' id='block_1_3' title="bbox 423 1745 1561 1964">
    <p class='ocr_par' dir='ltr' id='par_1_7' title="bbox 423 1745 1390 1906">
     <span class='ocr_line' id='line_1_22' title="bbox 431 1745 1388 1792; baseline -0.004 -10"><span class='ocrx_word' id='word_1_158' title='bbox 431 1748 583 1782; x_wconf 70' lang='lat' dir='ltr'>alitibus</span> <span class='ocrx_word' id='word_1_159' title='bbox 609 1752 719 1792; x_wconf 83' lang='lat' dir='ltr'>atque</span> <span class='ocrx_word' id='word_1_160' title='bbox 745 1747 901 1781; x_wconf 70' lang='lat' dir='ltr'>canibus</span> <span class='ocrx_word' id='word_1_161' title='bbox 926 1746 1146 1780; x_wconf 71' lang='lat' dir='ltr'>homicidam</span> <span class='ocrx_word' id='word_1_162' title='bbox 1172 1745 1388 1780; x_wconf 87' lang='lat' dir='ltr'>Hectorem.</span> 
     </span>
     <span class='ocr_line' id='line_1_23' title="bbox 428 1802 1304 1849; baseline -0.003 -10"><span class='ocrx_word' id='word_1_163' title='bbox 428 1817 610 1849; x_wconf 85' lang='lat' dir='ltr'>urnasque</span> <span class='ocrx_word' id='word_1_164' title='bbox 636 1805 770 1839; x_wconf 87' lang='lat' dir='ltr'>frustra</span> <span class='ocrx_word' id='word_1_165' title='bbox 798 1803 1020 1838; x_wconf 64' lang='lat' dir='ltr'>Danaidum</span> <span class='ocrx_word' id='word_1_166' title='bbox 1046 1804 1172 1848; x_wconf 85' lang='lat' dir='ltr'>plenas</span> <span class='ocrx_word' id='word_1_167' title='bbox 1197 1802 1304 1847; x_wconf 83' lang='lat' dir='ltr'>gerit.</span> 
     </span>
     <span class='ocr_line' id='line_1_24' title="bbox 423 1860 1390 1906; baseline -0.004 -10"><span class='ocrx_word' id='word_1_168' title='bbox 423 1863 695 1906; x_wconf 73' lang='lat' dir='ltr'>pertimuerunt</span> <span class='ocrx_word' id='word_1_169' title='bbox 718 1862 896 1905; x_wconf 85' lang='lat' dir='ltr'>aquatiles</span> <span class='ocrx_word' id='word_1_170' title='bbox 923 1860 1186 1905; x_wconf 86' lang='lat' dir='ltr'>querquetulae</span> <span class='ocrx_word' id='word_1_171' title='bbox 1212 1862 1390 1893; x_wconf 84' lang='lat' dir='ltr'>natantes.</span> 
     </span>
    </p>

    <p class='ocr_par' dir='ltr' id='par_1_8' title="bbox 431 1916 1561 1964">
     <span class='ocr_line' id='line_1_25' title="bbox 431 1916 1561 1964; baseline -0.004 -11"><span class='ocrx_word' id='word_1_172' title='bbox 431 1919 518 1964; x_wconf 88' lang='lat' dir='ltr'>quid</span> <span class='ocrx_word' id='word_1_173' title='bbox 545 1918 652 1952; x_wconf 71' lang='lat' dir='ltr'>aliud</span> <span class='ocrx_word' id='word_1_174' title='bbox 677 1922 733 1953; x_wconf 87' lang='lat' dir='ltr'>est</span> <span class='ocrx_word' id='word_1_175' title='bbox 758 1919 857 1963; x_wconf 89' lang='lat' dir='ltr'>quod</span> <span class='ocrx_word' id='word_1_176' title='bbox 880 1918 1062 1962; x_wconf 83' lang='lat' dir='ltr'>Delphice</span> <span class='ocrx_word' id='word_1_177' title='bbox 1090 1920 1197 1952; x_wconf 86' lang='lat' dir='ltr'>canat</span> <span class='ocrx_word' id='word_1_178' title='bbox 1223 1917 1393 1951; x_wconf 86' lang='lat' dir='ltr'>columna</span> <span class='ocrx_word' id='word_1_179' title='bbox 1418 1916 1561 1950; x_wconf 85' lang='lat' dir='ltr'>litteris.</span> 
     </span>
    </p>
   </div>
   <div class='ocr_carea' id='block_1_4' title="bbox 157 1986 1138 2190">
    <p class='ocr_par' dir='ltr' id='par_1_9' title="bbox 157 1986 1138 2190">
     <span class='ocr_line' id='line_1_26' title="bbox 158 1986 1138 2042; baseline -0.003 -12"><span class='ocrx_word' id='word_1_180' title='bbox 158 1993 203 2030; x_wconf 90' lang='lat' dir='ltr'>at</span> <span class='ocrx_word' id='word_1_181' title='bbox 234 2003 318 2030; x_wconf 90' lang='lat' dir='ltr'>non</span> <span class='ocrx_word' id='word_1_182' title='bbox 353 1988 531 2042; x_wconf 86' lang='lat' dir='ltr'>perinde</span> <span class='ocrx_word' id='word_1_183' title='bbox 562 1987 662 2028; x_wconf 90' lang='lat' dir='ltr'>talis</span> <span class='ocrx_word' id='word_1_184' title='bbox 694 1987 816 2042; x_wconf 88' lang='lat' dir='ltr'>[Hor.</span> <span class='ocrx_word' id='word_1_185' title='bbox 847 2001 910 2040; x_wconf 91' lang='lat' dir='ltr'>ep.</span> <span class='ocrx_word' id='word_1_186' title='bbox 948 1991 1010 2037; x_wconf 86' lang='lat'>15,</span> <span class='ocrx_word' id='word_1_187' title='bbox 1043 1986 1138 2040; x_wconf 83' lang='lat'><strong>24]:</strong></span> 
     </span>
     <span class='ocr_line' id='line_1_27' title="bbox 430 2067 920 2112; baseline -0.004 -10"><span class='ocrx_word' id='word_1_188' title='bbox 430 2071 486 2102; x_wconf 86' lang='lat' dir='ltr'>ast</span> <span class='ocrx_word' id='word_1_189' title='bbox 512 2077 572 2112; x_wconf 72' lang='lat' dir='ltr'>eyo</span> <span class='ocrx_word' id='word_1_190' title='bbox 598 2067 759 2101; x_wconf 85' lang='lat' dir='ltr'>vicissim</span> <span class='ocrx_word' id='word_1_191' title='bbox 783 2068 920 2109; x_wconf 82' lang='lat' dir='ltr'>risero3</span> 
     </span>
     <span class='ocr_line' id='line_1_28' title="bbox 157 2134 1070 2190; baseline -0.004 -11"><span class='ocrx_word' id='word_1_192' title='bbox 157 2141 199 2178; x_wconf 86' lang='lat' dir='ltr'>et</span> <span class='ocrx_word' id='word_1_193' title='bbox 230 2137 364 2178; x_wconf 89' lang='lat' dir='ltr'>multo</span> <span class='ocrx_word' id='word_1_194' title='bbox 396 2137 535 2177; x_wconf 91' lang='lat' dir='ltr'>minus</span> <span class='ocrx_word' id='word_1_195' title='bbox 564 2135 635 2177; x_wconf 89' lang='lat' dir='ltr'>hic</span> <span class='ocrx_word' id='word_1_196' title='bbox 666 2135 779 2190; x_wconf 85' lang='lat' dir='ltr'>[Sen.</span> <span class='ocrx_word' id='word_1_197' title='bbox 813 2134 915 2176; x_wconf 89' lang='lat' dir='ltr'>Oed.</span> <span class='ocrx_word' id='word_1_198' title='bbox 948 2135 1070 2189; x_wconf 81' lang='lat'>263]:</span> 
     </span>
    </p>
   </div>
   <div class='ocr_carea' id='block_1_5' title="bbox 429 2213 1324 2260">
    <p class='ocr_par' dir='ltr' id='par_1_10' title="bbox 429 2213 1324 2260">
     <span class='ocr_line' id='line_1_29' title="bbox 429 2213 1324 2260; baseline -0.003 -11"><span class='ocrx_word' id='word_1_199' title='bbox 429 2215 614 2260; x_wconf 71' lang='lat' dir='ltr'>quidquid</span> <span class='ocrx_word' id='word_1_200' title='bbox 639 2225 700 2260; x_wconf 72' lang='lat' dir='ltr'>eyo</span> <span class='ocrx_word' id='word_1_201' title='bbox 725 2215 813 2259; x_wconf 85' lang='lat' dir='ltr'>fugi.</span> <span class='ocrx_word' id='word_1_202' title='bbox 862 2227 935 2249; x_wconf 87' lang='lat' dir='ltr'>non</span> <span class='ocrx_word' id='word_1_203' title='bbox 963 2215 1033 2248; x_wconf 88' lang='lat' dir='ltr'>erit</span> <span class='ocrx_word' id='word_1_204' title='bbox 1057 2214 1185 2248; x_wconf 87' lang='lat' dir='ltr'>veniae</span> <span class='ocrx_word' id='word_1_205' title='bbox 1209 2213 1324 2247; x_wconf 84' lang='lat' dir='ltr'>locus.</span> 
     </span>
    </p>
   </div>
   <div class='ocr_carea' id='block_1_6' title="bbox 157 2280 1671 2950">
    <p class='ocr_par' dir='ltr' id='par_1_11' title="bbox 157 2280 1671 2950">
     <span class='ocr_line' id='line_1_30' title="bbox 270 2280 1666 2336; baseline -0.005 -10"><span class='ocrx_word' id='word_1_206' title='bbox 270 2285 362 2326; x_wconf 91' lang='lat' dir='ltr'>Iam</span> <span class='ocrx_word' id='word_1_207' title='bbox 395 2284 670 2326; x_wconf 84' lang='lat' dir='ltr'>observantia</span> <span class='ocrx_word' id='word_1_208' title='bbox 697 2283 773 2324; x_wconf 90' lang='lat' dir='ltr'>illa</span> <span class='ocrx_word' id='word_1_209' title='bbox 804 2287 1016 2336; x_wconf 89' lang='lat' dir='ltr'>quatenus</span> <span class='ocrx_word' id='word_1_210' title='bbox 1048 2283 1102 2324; x_wconf 86' lang='lat' dir='ltr'>ab</span> <span class='ocrx_word' id='word_1_211' title='bbox 1135 2281 1386 2323; x_wconf 87' lang='lat' dir='ltr'>auctoribus</span> <span class='ocrx_word' id='word_1_212' title='bbox 1419 2280 1666 2333; x_wconf 87' lang='lat' dir='ltr'>optineatur</span> 
     </span>
     <span class='ocr_line' id='line_1_31' title="bbox 159 2347 1668 2406; baseline -0.005 -11"><span class='ocrx_word' id='word_1_213' title='bbox 159 2357 391 2406; x_wconf 85' lang='lat' dir='ltr'>antequam</span> <span class='ocrx_word' id='word_1_214' title='bbox 433 2352 669 2402; x_wconf 86' lang='lat' dir='ltr'>declarem,</span> <span class='ocrx_word' id='word_1_215' title='bbox 720 2352 906 2405; x_wconf 88' lang='lat' dir='ltr'>primum</span> <span class='ocrx_word' id='word_1_216' title='bbox 958 2351 1009 2392; x_wconf 90' lang='lat' dir='ltr'>de</span> <span class='ocrx_word' id='word_1_217' title='bbox 1058 2365 1137 2392; x_wconf 88' lang='lat' dir='ltr'>usu</span> <span class='ocrx_word' id='word_1_218' title='bbox 1177 2349 1407 2391; x_wconf 86' lang='lat' dir='ltr'>verborum</span> <span class='ocrx_word' id='word_1_219' title='bbox 1447 2347 1668 2389; x_wconf 87' lang='lat' dir='ltr'>tribracho</span> 
     </span>
     <span class='ocr_line' id='line_1_32' title="bbox 157 2416 1669 2475; baseline -0.005 -13"><span class='ocrx_word' id='word_1_220' title='bbox 157 2421 378 2462; x_wconf 89' lang='lat' dir='ltr'>finitorum</span> <span class='ocrx_word' id='word_1_221' title='bbox 418 2421 568 2475; x_wconf 85' lang='lat' dir='ltr'>paucis</span> <span class='ocrx_word' id='word_1_222' title='bbox 602 2420 684 2461; x_wconf 89' lang='lat' dir='ltr'>erit</span> <span class='ocrx_word' id='word_1_223' title='bbox 717 2419 1026 2473; x_wconf 83' lang='lat' dir='ltr'>exponendum.</span> <span class='ocrx_word' id='word_1_224' title='bbox 1087 2419 1234 2471; x_wconf 88' lang='lat' dir='ltr'>itaque</span> <span class='ocrx_word' id='word_1_225' title='bbox 1267 2431 1362 2458; x_wconf 89' lang='lat' dir='ltr'>cum</span> <span class='ocrx_word' id='word_1_226' title='bbox 1397 2417 1441 2457; x_wconf 89' lang='lat' dir='ltr'>in</span> <span class='ocrx_word' id='word_1_227' title='bbox 1480 2416 1546 2456; x_wconf 92' lang='lat' dir='ltr'>his</span> <span class='ocrx_word' id='word_1_228' title='bbox 1586 2429 1669 2455; x_wconf 91' lang='lat' dir='ltr'>non</span> 
     </span>
     <span class='ocr_line' id='line_1_33' title="bbox 158 2483 1669 2542; baseline -0.005 -11"><span class='ocrx_word' id='word_1_229' title='bbox 158 2489 296 2531; x_wconf 87' lang='lat' dir='ltr'>soleat</span> <span class='ocrx_word' id='word_1_230' title='bbox 346 2489 460 2542; x_wconf 90' lang='lat' dir='ltr'>apud</span> <span class='ocrx_word' id='word_1_231' title='bbox 507 2489 726 2530; x_wconf 87' lang='lat' dir='ltr'>scaenicos</span> <span class='ocrx_word' id='word_1_232' title='bbox 766 2487 1033 2541; x_wconf 86' lang='lat' dir='ltr'>paenultima</span> <span class='ocrx_word' id='word_1_233' title='bbox 1074 2488 1164 2528; x_wconf 89' lang='lat' dir='ltr'>ictu</span> <span class='ocrx_word' id='word_1_234' title='bbox 1215 2486 1309 2527; x_wconf 89' lang='lat' dir='ltr'>acui</span> <span class='ocrx_word' id='word_1_235' title='bbox 1360 2484 1549 2539; x_wconf 84' lang='lat' dir='ltr'>syllaba,</span> <span class='ocrx_word' id='word_1_236' title='bbox 1601 2483 1669 2523; x_wconf 81' lang='lat' dir='ltr'>vix</span> 
     </span>
     <span class='ocr_line' id='line_1_34' title="bbox 158 2551 1669 2610; baseline -0.005 -12"><span class='ocrx_word' id='word_1_237' title='bbox 158 2558 294 2610; x_wconf 84' lang='lat' dir='ltr'>magis</span> <span class='ocrx_word' id='word_1_238' title='bbox 334 2557 548 2598; x_wconf 82' lang='lat' dir='ltr'>invenitur</span> <span class='ocrx_word' id='word_1_239' title='bbox 589 2556 702 2597; x_wconf 90' lang='lat' dir='ltr'>idem</span> <span class='ocrx_word' id='word_1_240' title='bbox 745 2555 1055 2610; x_wconf 84' lang='lat' dir='ltr'>dactylicorum</span> <span class='ocrx_word' id='word_1_241' title='bbox 1095 2555 1229 2596; x_wconf 86' lang='lat' dir='ltr'>libris.</span> <span class='ocrx_word' id='word_1_242' title='bbox 1294 2554 1452 2606; x_wconf 89' lang='lat' dir='ltr'>quippe</span> <span class='ocrx_word' id='word_1_243' title='bbox 1500 2551 1669 2593; x_wconf 87' lang='grc'><strong>0111111110</strong></span> 
     </span>
     <span class='ocr_line' id='line_1_35' title="bbox 160 2619 1670 2675; baseline -0.005 -9"><span class='ocrx_word' id='word_1_244' title='bbox 160 2629 259 2667; x_wconf 86' lang='lat' dir='ltr'>sunt</span> <span class='ocrx_word' id='word_1_245' title='bbox 301 2625 437 2666; x_wconf 90' lang='lat' dir='ltr'>secuti</span> <span class='ocrx_word' id='word_1_246' title='bbox 473 2624 646 2665; x_wconf 88' lang='lat' dir='ltr'>illorum</span> <span class='ocrx_word' id='word_1_247' title='bbox 677 2624 866 2665; x_wconf 89' lang='lat' dir='ltr'>rationes</span> <span class='ocrx_word' id='word_1_248' title='bbox 899 2624 1055 2675; x_wconf 62' lang='lat' dir='ltr'>Varro,</span> <span class='ocrx_word' id='word_1_249' title='bbox 1087 2623 1290 2672; x_wconf 86' lang='lat' dir='ltr'>Laevius,</span> <span class='ocrx_word' id='word_1_250' title='bbox 1323 2621 1536 2669; x_wconf 86' lang='lat' dir='ltr'>Catullus,</span> <span class='ocrx_word' id='word_1_251' title='bbox 1566 2619 1670 2659; x_wconf 83' lang='lat' dir='ltr'>Ver-</span> 
     </span>
     <span class='ocr_line' id='line_1_36' title="bbox 161 2690 1670 2746; baseline -0.005 -12"><span class='ocrx_word' id='word_1_252' title='bbox 161 2693 297 2746; x_wconf 82' lang='lat' dir='ltr'>gilius,</span> <span class='ocrx_word' id='word_1_253' title='bbox 330 2693 556 2743; x_wconf 89' lang='lat' dir='ltr'>Horatius,</span> <span class='ocrx_word' id='word_1_254' title='bbox 588 2692 833 2742; x_wconf 86' lang='lat' dir='ltr'>Petronius,</span> <span class='ocrx_word' id='word_1_255' title='bbox 865 2691 1097 2741; x_wconf 79' lang='lat' dir='ltr'>Martialis,</span> <span class='ocrx_word' id='word_1_256' title='bbox 1126 2690 1351 2739; x_wconf 81' lang='lat' dir='ltr'>Boethius,</span> <span class='ocrx_word' id='word_1_257' title='bbox 1394 2692 1544 2729; x_wconf 89' lang='lat' dir='ltr'>auctor</span> <span class='ocrx_word' id='word_1_258' title='bbox 1574 2700 1670 2740; x_wconf 89' lang='lat' dir='ltr'>per-</span> 
     </span>
     <span class='ocr_line' id='line_1_37' title="bbox 160 2758 1671 2815; baseline -0.005 -13"><span class='ocrx_word' id='word_1_259' title='bbox 160 2761 293 2815; x_wconf 84' lang='lat' dir='ltr'>vigilii</span> <span class='ocrx_word' id='word_1_260' title='bbox 328 2761 525 2811; x_wconf 87' lang='lat' dir='ltr'>Veneris,</span> <span class='ocrx_word' id='word_1_261' title='bbox 556 2760 814 2801; x_wconf 88' lang='lat' dir='ltr'>Prudentius</span> <span class='ocrx_word' id='word_1_262' title='bbox 852 2764 975 2800; x_wconf 74' lang='lat' dir='ltr'>extra</span> <span class='ocrx_word' id='word_1_263' title='bbox 1018 2759 1203 2814; x_wconf 70' lang='lat' dir='ltr'>epyllion</span> <span class='ocrx_word' id='word_1_264' title='bbox 1245 2758 1295 2799; x_wconf 93' lang='lat' dir='ltr'>de</span> <span class='ocrx_word' id='word_1_265' title='bbox 1328 2758 1522 2797; x_wconf 83' lang='lat' dir='ltr'>Romano</span> <span class='ocrx_word' id='word_1_266' title='bbox 1559 2769 1671 2795; x_wconf 86' lang='lat' dir='ltr'>mar-</span> 
     </span>
     <span class='ocr_line' id='line_1_38' title="bbox 162 2824 1671 2884; baseline -0.005 -14"><span class='ocrx_word' id='word_1_267' title='bbox 162 2834 267 2884; x_wconf 85' lang='lat' dir='ltr'>tyre.</span> <span class='ocrx_word' id='word_1_268' title='bbox 327 2843 406 2869; x_wconf 90' lang='lat' dir='ltr'>nec</span> <span class='ocrx_word' id='word_1_269' title='bbox 438 2828 602 2869; x_wconf 83' lang='lat' dir='ltr'>Seneca</span> <span class='ocrx_word' id='word_1_270' title='bbox 642 2829 687 2868; x_wconf 90' lang='grc'>111</span> <span class='ocrx_word' id='word_1_271' title='bbox 727 2831 792 2868; x_wconf 90' lang='lat' dir='ltr'>tot</span> <span class='ocrx_word' id='word_1_272' title='bbox 821 2827 994 2868; x_wconf 88' lang='lat' dir='ltr'>milibus</span> <span class='ocrx_word' id='word_1_273' title='bbox 1025 2841 1223 2868; x_wconf 85' lang='lat' dir='ltr'>versuum</span> <span class='ocrx_word' id='word_1_274' title='bbox 1256 2824 1435 2866; x_wconf 87' lang='lat' dir='ltr'>violauit</span> <span class='ocrx_word' id='word_1_275' title='bbox 1465 2837 1671 2864; x_wconf 90' lang='lat' dir='ltr'>normam.</span> 
     </span>
     <span class='ocr_line' id='line_1_39' title="bbox 161 2894 1139 2950; baseline -0.003 -12"><span class='ocrx_word' id='word_1_276' title='bbox 161 2911 260 2938; x_wconf 88' lang='lat' dir='ltr'>nam</span> <span class='ocrx_word' id='word_1_277' title='bbox 293 2896 407 2950; x_wconf 88' lang='lat' dir='ltr'>quod</span> <span class='ocrx_word' id='word_1_278' title='bbox 437 2896 595 2949; x_wconf 83' lang='lat' dir='ltr'>legitur</span> <span class='ocrx_word' id='word_1_279' title='bbox 625 2895 667 2935; x_wconf 89' lang='lat' dir='ltr'>in</span> <span class='ocrx_word' id='word_1_280' title='bbox 696 2895 818 2936; x_wconf 88' lang='lat' dir='ltr'>libris</span> <span class='ocrx_word' id='word_1_281' title='bbox 849 2894 979 2949; x_wconf 89' lang='lat' dir='ltr'>[Med.</span> <span class='ocrx_word' id='word_1_282' title='bbox 1014 2895 1139 2948; x_wconf 78' lang='lat'><strong>267]:</strong></span> 
     </span>
    </p>
   </div>
   <div class='ocr_carea' id='block_1_7' title="bbox 438 2972 1287 3018">
    <p class='ocr_par' dir='ltr' id='par_1_12' title="bbox 438 2972 1287 3018">
     <span class='ocr_line' id='line_1_40' title="bbox 438 2972 1287 3018; baseline -0.005 -9"><span class='ocrx_word' id='word_1_283' title='bbox 438 2975 497 3009; x_wconf 88' lang='lat' dir='ltr'>cui</span> <span class='ocrx_word' id='word_1_284' title='bbox 522 2975 678 3009; x_wconf 83' lang='lat' dir='ltr'>feminea</span> <span class='ocrx_word' id='word_1_285' title='bbox 704 2975 867 3018; x_wconf 84' lang='lat' dir='ltr'>nequitia</span> <span class='ocrx_word' id='word_1_286' title='bbox 892 2973 938 3007; x_wconf 89' lang='lat' dir='ltr'>ad</span> <span class='ocrx_word' id='word_1_287' title='bbox 965 2973 1132 3008; x_wconf 83' lang='lat' dir='ltr'>audenda</span> <span class='ocrx_word' id='word_1_288' title='bbox 1157 2972 1287 3015; x_wconf 82' lang='lat' dir='ltr'>omnia,</span> 
     </span>
    </p>
   </div>
  </div>
 </body>
</html>
