1898 3292
742 214 977 240 opvchLVM
998 215 1036 239 11.
1562 208 1642 245 555

140 318 212 358 diu
244 317 364 358 fuere
397 318 584 358 contenti
617 320 659 357 et
684 316 823 357 Plauti
846 316 1120 369 'l‘crentiique
1153 331 1246 357 cum
1275 317 1485 370 patientia
1507 317 1642 358 tulere

140 400 286 428 versus
317 411 393 436 —-,
437 400 535 426 mox
572 385 788 438 neglectos
830 400 855 426 a
894 385 1031 426 doctis
1073 384 1197 426 facile
1234 385 1496 439 degenerare
1529 385 1643 439 vulgi

139 454 331 509 rythmos
363 469 508 495 verum
543 457 647 495 erat.
707 457 797 494 tum
829 453 1009 494 subacto
1041 452 1144 494 orbe
1175 456 1389 494 terrarum
1422 457 1464 495 et
1495 467 1644 495 eversa

138 522 266 564 Italia
308 536 402 564 cum
444 522 638 576 plerique
679 521 1003 575 provincialium
1046 524 1313 562 assumerent
1342 521 1531 575 linguam
1564 522 1642 562 La-

139 592 271 632 tinam
304 605 388 632 non
420 590 542 644 quasi
574 594 826 641 maternam,
859 589 932 630 sed
954 593 1002 630 ut
1033 589 1314 640 novercalem,
1347 589 1545 631 celeriter
1576 605 1644 631 res
1701 610 1706 614 ·

139 674 188 701 eo
219 660 424 713 pervenit,
456 662 503 700 ut
535 659 798 712 quantitates
830 658 1058 699 verborum
1079 658 1206 711 vulgo
1237 658 1456 712 neglectas
1488 658 1644 700 scholis

138 727 324 782 perdisci
357 731 587 781 oporteret.
641 741 751 780 quae
783 741 877 768 cum
910 740 994 767 non
1025 730 1226 780 paterent
1256 727 1336 768 nisi
1368 727 1519 778 beatis,
1553 731 1642 768 tum

137 809 239 837 vero
271 796 437 837 omissis
469 795 622 849 priscis
653 795 893 836 rationibus
924 809 1122 836 versuum
1166 799 1358 837 exortast
1398 795 1491 845 illa,
1533 810 1643 849 quae

139 868 314 905 notatur
354 878 379 905 a
411 864 574 905 Latinis
615 863 926 917 grammaticis,
968 863 1081 904 inter
1122 863 1335 918 rythmum
1377 868 1420 905 et
1461 868 1644 905 metrum

139 931 392 973 differentia.
455 932 574 973 cuius
615 932 799 986 primum
836 932 1062 985 vestigium
1104 932 1147 972 in
1187 931 1429 985 fragmento
1472 931 1645 973 Laberii

138 1000 352 1054 reperitur
387 1000 469 1041 hoc
511 999 750 1049 ‘versorwm
784 1015 862 1041 non
895 1014 1151 1041 natnerorum
1184 1014 1349 1041 nmnero
1380 998 1643 1042 Slaclae'mas'.

139 1083 399 1122 quamquam
445 1069 617 1110 minime
661 1068 909 1110 credibilest
955 1069 1182 1123 popularia
1230 1068 1474 1122 aequalium
1518 1069 1645 1110 huius

139 1138 329 1179 carmina
362 1137 417 1178 ad
447 1137 663 1191 vulgarem
694 1138 1086 1191 pronuntiationem
1118 1137 1250 1179 fuisse
1282 1138 1538 1191 composita,
1570 1137 1644 1178 sed

137 1206 281 1260 potius
312 1205 545 1259 significari
566 1206 709 1247 verbis
741 1206 834 1247 istis
864 1210 1047 1247 metrum
1079 1206 1331 1257 saturnium,
1364 1206 1478 1260 quod
1510 1220 1644 1259 quan-

138 1275 294 1316 tumvis
316 1274 422 1315 rude
443 1278 586 1315 tamen
608 1288 785 1328 prorsus
819 1274 873 1315 ad
902 1274 1017 1328 leges
1047 1275 1335 1328 quantitatum
1369 1274 1451 1316 fuit
1479 1289 1644 1315 accom-

139 1343 370 1384 modatum.
431 1342 558 1396 plura
589 1343 641 1384 de
672 1343 844 1384 Laberii
877 1357 1003 1384 versu
1035 1342 1151 1384 dicta
1181 1342 1291 1384 libro
1323 1357 1455 1397 supra
1486 1357 1642 1384 memo-

138 1415 234 1453 rato
266 1412 352 1466 [pg.
377 1411 432 1465 5].
483 1425 629 1452 verum
657 1411 730 1453 ubi
763 1416 805 1453 et
835 1411 904 1453 bic
936 1426 1138 1453 numerus
1171 1412 1285 1453 venit
1316 1412 1358 1452 in
1388 1411 1644 1453 oblivionem

139 1484 181 1522 et
219 1481 384 1534 pariter
422 1493 564 1521 rerum
604 1480 958 1534 prosodiacarum
1001 1481 1185 1522 cessavit
1223 1480 1403 1535 peritia,
1449 1484 1551 1522 tunc
1595 1494 1645 1521 ea

138 1562 290 1590 norma
319 1549 460 1590 evenit
489 1548 771 1599 modulorum,
816 1564 926 1603 quae
968 1563 1162 1591 sermone
1200 1550 1361 1591 rustico
1395 1549 1645 1590 Latinorum

139 1617 296 1659 coalita
326 1631 425 1658 mox
456 1617 511 1658 ad
543 1617 799 1659 Romanicas
829 1618 954 1659 fluxit
981 1618 1162 1671 linguas.

251 1686 308 1727 Et
338 1686 522 1740 primum
554 1699 727 1726 carmen
758 1686 938 1741 rythmis
979 1687 1258 1740 compositum
1304 1689 1424 1728 extat
1454 1686 1644 1727 Commo-

139 1754 255 1796 diani
284 1753 395 1805 Afri,
428 1753 542 1807 quod
577 1754 691 1795 circa
722 1769 877 1796 annum
910 1770 948 1809 p.
982 1755 1077 1796 Chr.
1107 1770 1145 1795 n.
1179 1753 1367 1796 CCXXX
1397 1754 1558 1808 prodiit
1596 1755 1645 1809 [1,

139 1827 176 1874 6,
209 1823 264 1877 2].
325 1823 406 1864 nisi
448 1822 559 1864 forte
602 1823 697 1876 quis
740 1823 1006 1865 adsentietur
1049 1823 1261 1865 Schuchio
1300 1822 1371 1878 [de
1402 1837 1516 1877 poes.
1551 1823 1642 1864 Lat.

138 1892 290 1946 rythm.
315 1896 357 1933 et
387 1892 479 1932 rim.
508 1906 548 1945 p.
575 1891 644 1946 13]
675 1905 766 1933 esse
799 1892 1033 1947 rythmicos
1066 1895 1108 1933 et
1139 1895 1293 1933 exacta
1320 1892 1445 1933 metri
1477 1892 1644 1932 ratione

137 1974 294 2001 vacuos
325 1974 472 2001 versus
494 1959 703 2001 Hadriani
734 1960 812 2001 hos
856 1959 1053 2001 ‘ane'mala
1084 1965 1232 2012 vayala
1263 1964 1469 2009 blandula,
1500 1964 1645 2011 hospes

138 2043 347 2080 comesque
387 2032 586 2080 corporis,
629 2043 733 2080 quae
773 2043 881 2070 nunc
916 2032 1042 2070 abibis
1075 2033 1114 2069 in
1149 2034 1237 2070 loca
1273 2032 1476 2079 pallidula
1506 2031 1645 2080 riqida

139 2101 292 2138 nudula
323 2111 417 2147 nec,
451 2104 495 2138 ut
530 2101 654 2146 soles,
694 2100 809 2139 (labis
841 2095 986 2139 iocos-⁷.
1049 2098 1132 2139 iam
1175 2112 1271 2139 cum
1315 2097 1644 2139 Commodianus

138 2165 297 2207 civicae
328 2165 495 2216 turbae,
527 2169 574 2207 ut
604 2166 696 2220 ipse
729 2167 802 2217 ait,
840 2167 921 2208 hoc
954 2171 1018 2208 est
1048 2166 1320 2208 indoctorum
1351 2166 1570 2208 hominum
1601 2166 1642 2206 in

137 2248 260 2275 usum
290 2233 447 2275 librum
479 2249 602 2275 suum
636 2234 821 2276 ediderit
857 2236 906 2290 [1‚
945 2240 979 2286 1,
1010 2236 1074 2290 7]‚
1114 2249 1197 2277 non
1239 2235 1413 2277 hercule
1457 2235 1645 2277 numeris

139 2302 193 2343 ab
223 2302 316 2356 ipso
351 2303 546 2353 inventis,
577 2303 651 2344 sed
681 2303 848 2357 pridem
880 2305 992 2345 notis
1022 2317 1073 2345 ac
1094 2304 1220 2358 vulgo
1247 2304 1361 2346 tritis
1395 2318 1489 2346 eum
1520 2318 1644 2345 usum

139 2370 490 2412 existimabimus.
559 2371 633 2412 sed
675 2385 727 2412 ne
770 2376 913 2413 tamen
954 2373 1079 2414 nimis
1119 2373 1296 2426 antiquo
1336 2372 1518 2426 tempori
1562 2373 1643 2413 ori-

140 2439 279 2492 ginem
302 2439 598 2481 adscribamus
619 2441 760 2493 poesis
783 2440 1033 2495 rythmicae,
1067 2455 1118 2482 ea
1139 2455 1185 2482 re
1207 2441 1496 2495 prohibemur,
1530 2440 1645 2494 quod
1690 2467 1700 2476 ·

139 2510 259 2548 caret
291 2507 401 2548 omni
434 2507 741 2561 probabilitate
773 2508 966 2550 homines
1002 2509 1304 2563 provinciales,
1347 2524 1453 2563 quos
1494 2510 1643 2562 utique

139 2575 387 2617 credibilest
416 2576 576 2630 primos
608 2590 743 2618 novae
776 2577 882 2618 artis
914 2578 1105 2620 extitisse
1139 2581 1354 2629 auctores,
1387 2577 1643 2619 contorsisse

137 2644 412 2698 peregrinum
443 2658 679 2686 sermonem
712 2645 766 2686 ad
797 2646 913 2700 leges
944 2646 1239 2698 alienissimas,
1271 2651 1502 2700 antequam
1535 2646 1644 2700 opti-

138 2715 260 2753 neret
280 2712 454 2765 vulgato
477 2727 557 2754 usu
583 2713 730 2766 lingua
752 2714 917 2765 Latina,
949 2715 991 2755 id
1024 2715 1137 2768 quod
1170 2715 1309 2756 evenit
1340 2715 1455 2755 circa
1486 2728 1643 2755 annum

136 2779 256 2821 urbis
296 2780 481 2822 DCCCL.
543 2795 640 2822 nam
683 2796 778 2822 cum
817 2783 1065 2824 ultimorum
1108 2783 1256 2824 ordine
1299 2782 1517 2824 hominum
1564 2797 1644 2824 usu

137 2862 286 2890 versus
328 2849 560 2903 rythmicos
605 2850 708 2890 oriri
749 2865 893 2892 verum
939 2856 1052 2892 esset
1098 2877 1152 2881 -—
1198 2851 1355 2905 quippe
1399 2850 1563 2892 nobiles
1602 2854 1645 2892 et

138 2916 379 2960 liberaliter
418 2918 575 2960 eruditi
617 2919 813 2961 omnibus
859 2921 1022 2975 pariter
1064 2920 1331 2977 temporibus
1368 2919 1645 2963 fastidierunt
