1898 3292
762 235 878 259 LIBER
900 235 1078 266 QVTSTVS.
1590 230 1671 267 423

167 351 291 389 quom
332 351 412 377 non
459 337 593 389 magis
634 340 749 378 recte
780 340 933 390 putant
964 337 1219 391 produxisse
1251 352 1276 378 α
1305 338 1347 378 in
1379 339 1671 393 monosyllabo

165 419 218 445 [m
249 405 321 455 ΙΙΙ,
355 408 458 457 3263
490 406 558 456 IV,
592 409 695 457 5293
728 404 802 446 sed
834 405 1106 447 scribendum
1137 405 1367 459 utrobique
1399 421 1516 448 anne.

279 473 428 515 Paullo
471 475 590 528 prius
622 473 800 515 Paulino
842 477 1042 527 correpta
1080 488 1121 515 es
1153 474 1195 514 in
1228 474 1447 516 vocabulis
1479 474 1668 518 Graecis.

164 555 261 582 nam
292 542 355 582 ita
385 542 500 596 apud
532 542 739 583 Avienum
780 541 854 598 [or.
887 555 990 583 mar.
1023 542 1119 598 372]
1162 542 1319 595 legitur
1349 545 1561 584 Damastes
1591 558 1670 598 pro

164 609 473 663 amphibracho
506 611 702 664 positum.
763 624 892 664 porro
933 610 1128 664 exempla
1167 610 1210 651 in
1242 610 1491 652 adversaria
1521 615 1671 653 nostra

163 677 301 719 relata
321 678 543 720 breviatae
565 678 705 720 finalis
729 678 918 720 eiusdem
941 679 1070 720 haec:
1102 681 1236 720 Helles
1269 678 1428 735 [Sidon.
1451 679 1506 720 ad
1528 679 1668 734 Magn.

164 746 289 788 Felic.
322 746 416 803 41],
462 751 622 799 lyristes
667 747 768 803 [Sid.
802 761 865 801 ep.
899 747 1014 797 VIII,
1052 751 1114 797 11,
1149 748 1243 801 25],
1292 751 1495 789 Thersites
1538 748 1667 802 [auct.

162 814 279 856 verb.
312 815 488 856 Achillis
522 816 606 870 70].
668 816 766 857 hinc
798 815 1060 862 Martianus,
1102 816 1174 868 qui
1217 816 1322 857 vixit
1360 820 1459 870 post
1489 817 1668 858 Romam

162 882 216 924 ab
250 883 422 924 Alarico
456 887 639 937 captam.
668 884 692 925 l.
727 884 787 925 III
821 884 938 938 [279]
972 887 1161 925 testatur
1189 884 1295 925 illud
1324 888 1518 926 Anchises
1549 884 1667 926 finali

162 965 255 992 esse
299 951 430 992 brevi.
502 956 547 992 at
583 952 711 993 aliast
748 953 859 993 ratio
901 953 1119 993 nominum
1162 952 1340 1002 tertiae,
1387 966 1497 1006 quac
1539 953 1667 995 etiam

162 1023 470 1070 extenuantur,
514 1024 560 1061 ut
601 1022 734 1061 Vlixes
777 1020 965 1074 [Maxim.
1000 1025 1036 1071 5,
1073 1022 1158 1075 20].
1226 1021 1269 1061 in
1310 1020 1471 1062 Sedulii
1511 1021 1667 1076 hymno

161 1088 297 1129 altero
331 1088 422 1143 [29]
454 1088 553 1129 libri
586 1088 766 1130 habent:
808 1092 933 1129 hostis
965 1091 1147 1130 Herodes
1178 1093 1310 1140 impie,
1354 1089 1468 1142 quod
1505 1091 1667 1144 recepit

160 1157 412 1207 Huemerus,
445 1157 589 1210 priore
620 1157 718 1207 iam,
750 1171 833 1198 non
864 1157 1104 1210 posteriore
1138 1171 1158 1198 e
1192 1161 1342 1198 contra
1369 1157 1435 1199 fas
1467 1163 1668 1213 correpta

161 1229 203 1266 et
242 1224 361 1265 finali
399 1224 441 1265 in
482 1229 608 1266 lzosle's
649 1225 858 1278 producta
899 1229 1076 1280 propter
1114 1226 1409 1279 insequentem
1441 1229 1479 1267 k.
1539 1226 1666 1281 vulgo

158 1293 317 1346 legitur
346 1295 542 1341 Herodes,
579 1297 704 1334 hostis
735 1296 866 1344 impie.
929 1293 1004 1334 sed
1036 1294 1078 1334 in
1110 1293 1196 1344 his,
1238 1307 1349 1347 quae
1381 1298 1480 1335 sunt
1518 1296 1665 1344 Vlixes.

159 1365 354 1410 Herodes,
393 1361 555 1414 pariter
583 1366 713 1415 atque
743 1362 784 1402 in
818 1361 1088 1417 appellativis
1127 1367 1275 1413 fomes,
1301 1367 1456 1412 proles,
1489 1371 1664 1414 torques,

160 1437 281 1477 rates,
314 1434 461 1480 volpes,
502 1429 710 1471 similibus
750 1430 1000 1484 posterioris
1043 1431 1249 1484 temporis
1291 1444 1370 1471 usu
1408 1432 1662 1485 plerumque

158 1498 343 1552 optinuit
383 1501 417 1538 εὶς
456 1497 608 1539 finalis.
670 1501 721 1539 (le
761 1512 847 1551 qua
883 1511 928 1539 re
960 1498 1128 1540 (licetur
1157 1499 1182 1539 l.
1216 1499 1304 1540 VII.
1365 1499 1498 1552 igitur
1538 1500 1663 1554 longe

159 1566 355 1608 certioris
387 1570 452 1608 est
483 1567 677 1620 exempli,
719 1567 833 1620 quod
865 1580 890 1608 a
921 1567 1101 1608 Boethio
1136 1567 1226 1621 [IIL
1261 1571 1295 1618 1,
1329 1568 1372 1622 4]
1414 1570 1534 1609 Ceres
1566 1572 1608 1609 et
1640 1582 1665 1610 a

156 1635 335 1677 Paulino
368 1634 699 1676 Petricordiensi
741 1635 794 1689 [v.
823 1635 998 1676 Martini
1028 1635 1079 1687 II,
1113 1637 1212 1690 685]
1252 1640 1357 1685 sides
1399 1636 1423 1676 i.
1458 1649 1491 1678 e.
1523 1639 1665 1688 πίστις

155 1707 390 1757 usurpatur
430 1703 626 1744 iambice.
699 1703 773 1745 sed
819 1704 941 1757 peius
987 1708 1171 1757 utroque
1216 1703 1436 1746 trochaice
1476 1705 1663 1759 positum

155 1776 274 1814 heres
316 1771 431 1826 apud
467 1772 679 1813 Victorem
723 1776 765 1813 et
795 1773 1022 1814 Aratorem
1064 1776 1106 1814 et
1138 1772 1369 1827 Corippum
1413 1773 1558 1827 [aleth.
1590 1774 1663 1823 ΙΠ,

157 1845 261 1893 620;
294 1844 375 1882 act.
409 1844 544 1894 apost.
577 1841 608 1890 Ι,
641 1844 744 1892 587;
774 1841 944 1882 iohann.
974 1841 1047 1892 ΙΙΙ,
1077 1842 1196 1896 366],
1240 1841 1343 1882 item
1379 1841 1557 1883 ultimae
1586 1856 1663 1884 nec

154 1909 360 1951 memoria
392 1909 546 1962 dignae
577 1909 853 1950 tribuendum
895 1909 1148 1960 barbariae,
1190 1909 1327 1951 sicubi
1359 1923 1401 1951 es
1431 1910 1475 1951 in
1504 1910 1663 1964 plurali

153 1978 310 2020 tertiae
341 1977 556 2018 invenitur
588 1981 833 2031 correptum
860 1981 1034 2031 praeter
1054 1978 1227 2019 nomina
1250 1978 1427 2020 Graeca.
1481 1982 1526 2020 at
1552 1983 1662 2030 foris

153 2060 178 2088 a
211 2046 421 2088 Venantio
454 2049 700 2099 correptum
734 2046 786 2100 [V.
818 2046 994 2088 Martini
1023 2047 1093 2098 IV,
1129 2050 1206 2089 119
1241 2047 1313 2101 aL]
1346 2046 1569 2100 mitigatur
1599 2061 1661 2098 eo,

154 2114 268 2168 quod
299 2114 408 2156 haec
435 2127 518 2155 vox
545 2114 711 2168 pridem
742 2115 924 2156 nominis
956 2118 1113 2156 natura
1153 2115 1323 2156 abiecta
1363 2115 1546 2157 accessit
1587 2115 1661 2156 ad-

151 2183 320 2225 verbiis.
382 2196 643 2236 quamquam
673 2197 697 2224 a
727 2183 1018 2237 paraphrasta
1051 2183 1206 2225 veteris
1249 2184 1497 2225 testamenti
1530 2198 1661 2238 supra

152 2254 390 2293 memorato
433 2252 562 2293 etiam
604 2255 637 2292 is
679 2251 722 2292 in
761 2251 920 2305 plurali
962 2252 1180 2293 nominum
1224 2251 1405 2294 subinde
1447 2257 1658 2306 correpta,

153 2320 225 2374 qui
263 2324 306 2362 et
345 2319 550 2362 adverbia
589 2319 829 2361 numeralia
871 2320 913 2361 in
955 2334 996 2361 es
1038 2321 1240 2362 exeuntia
1279 2333 1407 2374 saepe
1439 2321 1659 2375 corripuit,

152 2389 281 2430 veluti
315 2389 375 2443 [in
406 2402 546 2442 genes.
578 2390 702 2443 221]:

426 2463 561 2506 septies
586 2463 645 2496 hic
674 2466 822 2496 centum
846 2463 938 2496 vixit
963 2466 1178 2506 septemque
1204 2474 1270 2507 per
1297 2474 1420 2497 annos.

267 2525 400 2566 Porro
434 2539 476 2567 os
508 2524 760 2578 producitur
789 2525 832 2566 in
864 2525 1007 2567 verbis
1038 2525 1202 2566 Latinis
1242 2529 1416 2580 praeter
1457 2543 1512 2574 os,
1544 2529 1659 2575 ossis,

152 2608 270 2643 exos,
315 2607 494 2644 compos,
537 2597 674 2645 lmpos.
741 2607 819 2648 per
860 2594 1157 2636 soloecismum
1198 2594 1312 2635 idem
1353 2594 1576 2636 breviatur
1615 2594 1658 2635 in

146 2676 355 2713 pronepos
393 2675 418 2703 a
458 2661 632 2703 Sidonio
677 2666 720 2704 et
761 2662 884 2704 Avito
934 2662 1126 2717 [epithal.
1160 2663 1302 2704 Ruric.
1335 2666 1378 2703 et
1408 2662 1518 2704 Iber.
1555 2666 1657 2714 1333

152 2730 193 2771 C.
215 2730 246 2781 Ι,
281 2734 384 2781 177;
415 2730 485 2780 IV,
515 2731 626 2784 175}
688 2734 730 2772 et
762 2731 822 2772 sic
852 2735 972 2772 heros
1004 2745 1030 2772 a
1060 2730 1294 2772 Prudentio
1326 2730 1506 2784 aliisque
1537 2731 1657 2785 poni-

150 2802 222 2839 tur
250 2798 529 2839 trochaicum.

264 2866 424 2908 Contra
464 2881 509 2907 as
549 2867 591 2907 in
633 2866 795 2907 Lat-inis
837 2880 1070 2920 numquam
1119 2866 1350 2920 corripitur
1397 2868 1513 2919 (nam
1554 2881 1657 2908 anos

151 2948 238 2988 qua
278 2934 395 2976 finali
438 2935 493 2976 sit
536 2935 800 2977 incertumst.
861 2935 913 2976 (le
957 2949 1041 2988 quo
1082 2934 1243 2976 dictum
1276 2933 1432 2976 Summ.
1466 2934 1655 2989 orthogr.
