1898 3292
667 237 786 261 LIBER
805 236 1014 262 SECVNDVS.
1516 226 1593 266 145

89 341 225 396 possit
257 340 452 382 concludi
477 339 591 381 illius
627 341 762 393 magis
804 353 996 380 normam
1041 339 1178 392 gentis
1207 339 1424 380 Romanae
1463 339 1595 380 indoli

90 415 132 451 et
164 410 381 464 suptilium
413 409 680 462 ingeniorum
714 409 968 463 proprietati
991 408 1228 449 convenire.
1275 408 1439 448 scilicet
1461 408 1595 448 Naso-

89 493 184 519 nem
228 478 363 519 secuti
405 478 493 518 fere
533 481 731 519 auctores
768 477 1066 530 Priapeorum,
1100 475 1352 525 Columella,
1385 476 1595 525 Lucanus,

90 547 300 588 Homerus
332 546 529 596 Latinus,
572 546 845 600 Calpurnius,
887 549 1039 586 auctor
1083 544 1136 585 ad
1170 544 1383 595 Pisonem,
1422 544 1596 594 Seneca,

90 615 314 664 Martialis,
346 615 638 664 Nemesianus,
672 614 901 665 Palladius,
934 613 1206 664 Claudianus,
1238 613 1435 664 Rutilius,
1459 613 1596 654 Moro-

90 683 264 734 baudes,
297 684 496 733 Avianus,
528 683 738 733 Sedulius,
772 684 941 733 Arator,
972 682 1190 732 Boethius,
1222 681 1417 735 plerique
1448 685 1597 735 poeta-

90 767 182 793 rum
217 752 445 802 minorum,
480 752 666 805 Vergilio
700 765 921 793 accessere
953 751 1143 795 Persius,
1177 750 1386 799 Valerius,
1420 751 1597 800 Statius,

91 821 230 870 Silius,
255 821 480 868 Ausonius,
504 821 775 871 Prudentius,
809 820 1024 869 Paulinus,
1057 819 1140 860 alii.
1194 819 1366 872 quidam
1397 819 1597 872 ambigui,

89 894 137 930 ut
168 889 369 930 Manilius
401 893 443 930 et
474 889 707 940 Iuvenalis,
755 892 830 929 aut
868 902 946 942 pro
979 888 1189 929 varietate
1223 901 1399 944 operum
1430 887 1598 936 diversi,

90 962 137 999 ut
170 958 389 1013 Corippus.
452 963 639 999 ceterum
684 957 749 998 vel
789 957 861 1010 qui
904 957 1039 1009 magis
1084 956 1322 1010 probavere
1365 956 1598 1005 Maronem,

90 1027 215 1079 longe
248 1026 444 1081 pluribus
476 1026 605 1067 rebus
628 1026 824 1067 Ovidium
849 1039 976 1079 quam
1001 1025 1156 1078 quibus
1189 1025 1259 1065 hic
1290 1025 1452 1078 placuit
1479 1025 1599 1066 illum

91 1095 384 1136 observavere.
434 1095 519 1136 iam
551 1095 798 1136 ultimorum
832 1099 1072 1148 temporum
1105 1094 1297 1135 homines
1330 1094 1443 1147 quod
1476 1094 1599 1147 quasi

92 1168 290 1218 expertes
318 1165 460 1216 legum
493 1167 535 1205 et
568 1163 725 1205 Faunis
759 1163 1017 1216 vatibusque
1056 1163 1215 1204 similes
1256 1162 1387 1203 fuisse
1421 1163 1600 1203 credunt

91 1233 229 1285 vulgo,
262 1232 510 1286 turpissimo
537 1232 647 1272 'illud
680 1246 824 1273 errore
858 1232 1053 1285 optinuit.
1116 1231 1223 1272 adeo
1263 1231 1372 1272 enini
1413 1231 1475 1271 illi
1516 1245 1600 1271 non

93 1301 220 1341 alieni
252 1300 306 1341 ab
337 1304 447 1351 arte,
492 1305 538 1341 ut
576 1301 718 1354 potius
750 1300 943 1341 artificiis
974 1300 1228 1353 plerumque
1259 1299 1481 1349 labantur,
1523 1313 1601 1339 noc

92 1373 326 1410 metrorum
369 1369 544 1410 hercule
588 1369 830 1422 pedumque
875 1368 1124 1409 diversitate
1160 1368 1365 1409 neoterici
1398 1367 1602 1408 differunt

93 1438 147 1478 ab
181 1438 382 1491 antiquis,
415 1437 489 1478 sed
522 1438 665 1491 potius
698 1438 922 1491 prosodiae
955 1442 997 1478 et
1028 1437 1331 1490 quantitatum.
1382 1436 1496 1490 quod
1518 1451 1601 1477 non

94 1507 176 1547 erit
211 1507 364 1547 mirum
409 1506 729 1560 reputantibus,
773 1520 958 1559 quanam
1002 1506 1207 1558 religione
1250 1505 1310 1546 illi
1354 1505 1601 1558 grammati—

94 1589 240 1616 corum
273 1575 518 1629 aequalium
551 1579 783 1629 praecepta
814 1574 1004 1616 absurda
1044 1574 1314 1629 plerumque,
1359 1573 1434 1615 sed
1474 1587 1602 1627 saepe

94 1643 288 1685 difficilia
319 1644 404 1685 sint
430 1644 609 1685 executi.

209 1712 297 1753 VII.
349 1712 583 1753 Praeterea
615 1725 691 1766 pro
723 1712 931 1753 materiae
963 1711 1212 1753 diversitate
1246 1715 1288 1752 et
1310 1711 1450 1765 spatio
1472 1709 1603 1751 libro-

94 1795 188 1822 rum
218 1781 415 1822 oriuntur
446 1782 731 1836 exceptiones.
795 1781 952 1835 quippe
995 1785 1177 1834 apparet
1215 1793 1300 1821 non
1344 1780 1496 1820 decere
1529 1779 1602 1819 ad-

94 1850 207 1891 mitti
237 1849 455 1891 breviculo
489 1851 695 1901 carmine,
738 1850 852 1903 quod
892 1849 1037 1890 multis
1069 1849 1239 1890 milibus
1273 1862 1471 1890 versuum
1506 1861 1603 1888 con-

96 1921 248 1960 stante.
285 1932 383 1959 nam
405 1918 493 1959 tale
516 1918 614 1960 dum
638 1919 830 1972 legimus,
855 1918 1020 1959 animus
1044 1917 1098 1959 ad
1120 1918 1245 1958 finem
1267 1931 1506 1971 properans
1529 1930 1603 1957 seu

96 1987 317 2028 devinctus
348 1987 559 2028 varietate
596 2001 740 2028 rerum
772 2001 856 2028 non
896 1987 1072 2027 nimium
1109 1987 1365 2027 immoratur
1404 1985 1605 2026 taxandis

98 2056 223 2096 vitiis.
275 2059 320 2096 at
350 2055 508 2109 pusilla
540 2055 754 2109 elegantia
786 2059 827 2096 et
858 2055 1111 2109 suptilitate,
1144 2054 1299 2108 quibus
1331 2054 1432 2095 solis
1463 2054 1606 2094 valent

97 2124 350 2175 virtutibus,
396 2128 620 2177 praestare
662 2128 842 2179 oportet.
913 2128 1005 2164 tum
1046 2123 1196 2164 similis
1242 2122 1429 2164 ambitus
1475 2136 1606 2176 opera

98 2193 278 2234 multum
309 2192 489 2233 interest
510 2193 725 2246 quodnam
749 2193 803 2234 ad
826 2206 958 2246 genus
980 2193 1122 2246 poesis
1143 2192 1398 2246 pertineant.
1448 2191 1607 2244 quippe

99 2275 249 2314 graves
290 2264 332 2302 et
377 2262 514 2302 severi
547 2276 642 2303 cum
673 2262 850 2315 tragicis
882 2266 924 2303 et
954 2261 1203 2302 melicorum
1236 2260 1451 2314 plerisque
1485 2259 1606 2313 epici,

99 2329 266 2370 remissi
297 2329 460 2370 satirici
504 2335 546 2371 et
586 2334 635 2371 ut
675 2331 856 2383 quisque
897 2329 1076 2370 humilia
1118 2333 1331 2379 sectatus,
1374 2328 1503 2369 medii
1545 2328 1606 2368 di-

99 2398 256 2439 dactici
288 2401 331 2439 et
362 2398 552 2451 elegiaci.
606 2399 705 2440 hinc
736 2412 814 2452 pro
845 2398 1054 2439 varietate
1076 2398 1286 2439 librorum
1309 2397 1478 2438 diversa
1499 2397 1606 2449 legis

99 2466 290 2508 firmitas.
351 2466 571 2507 fatendum
615 2471 759 2508 tamen
800 2467 937 2520 magis
977 2465 1021 2507 id
1063 2466 1280 2520 pertinere
1319 2465 1374 2506 ad
1405 2465 1608 2514 Graecos,

101 2535 254 2588 quibus
295 2535 390 2588 ipsa
427 2538 585 2576 natura
614 2535 785 2577 adesset
816 2536 940 2588 longe
972 2535 1109 2575 maior
1140 2538 1182 2576 et
1210 2534 1316 2575 artis
1348 2534 1536 2575 varietas
1568 2537 1610 2574 et

101 2604 225 2656 copia
256 2603 567 2656 exceptionum.
629 2608 674 2645 at
703 2604 884 2644 Romani
916 2603 970 2644 ab
1006 2603 1304 2656 antiquissimo
1337 2616 1441 2643 aevo
1473 2602 1539 2642 vel
1567 2602 1608 2642 in

100 2671 182 2712 hac
211 2675 336 2724 parte
369 2675 590 2713 servantes
611 2672 766 2713 indolis
789 2672 1100 2726 proprietatem
1123 2671 1239 2712 haud
1261 2671 1323 2712 ita
1346 2670 1610 2716 dissimiliter

101 2753 246 2780 omnes
278 2739 482 2780 studuere
514 2740 753 2793 elegantiae
787 2744 830 2781 et
862 2740 1154 2781 concinnitati.

217 2807 292 2848 His
342 2808 622 2860 praemonitis
662 2822 745 2849 non
790 2812 931 2862 potest
970 2808 1064 2849 fieri
1109 2808 1212 2861 quin
1258 2807 1490 2861 pleraeque
1536 2820 1611 2847 seu

101 2876 217 2928 leges
249 2877 335 2917 sive
367 2876 639 2930 exceptiones
671 2880 904 2918 metrorum
940 2880 1056 2917 recte
1087 2876 1393 2930 percipiantur.
1455 2889 1551 2916 nam
1587 2889 1611 2915 a

104 2957 205 2985 casu
246 2948 288 2984 et
328 2944 520 2985 arbitriis
562 2945 788 2998 pauciores
835 2946 964 2985 etiam
1009 2948 1051 2985 et
1091 2945 1308 2985 tenuiores
1352 2943 1611 2997 repetendae

170 3023 202 3048 L.
221 3023 409 3054 Muelleri;
433 3025 477 3049 De
496 3032 517 3049 r.
537 3032 575 3049 m.
596 3032 623 3055 p.
642 3025 673 3049 L.
1297 3013 1338 3045 10
