1898 3292
754 174 874 199 ΜΒΕΒ
893 174 1102 200 sncvxnvs.
1597 168 1612 204 1
1624 167 1674 204 73

167 278 314 319 metris
357 277 413 319 sit
453 276 610 317 factum
657 291 787 330 supra
829 277 1018 331 exposui.
1079 277 1191 318 unde
1229 277 1323 330 quis
1354 277 1438 317 iam
1470 276 1675 330 probabit

168 346 282 399 quod
307 347 504 400 Meyerus
526 346 569 386 in
592 347 767 398 priapeo
800 359 883 386 uno
918 346 1002 399 [S4,
1030 345 1099 399 14]
1133 345 1232 386 solis
1265 345 1418 386 iambis
1452 349 1674 386 constante

166 428 332 474 versum
357 413 476 455 dedit
497 413 626 454 talem
666 412 908 463 ‘teneraque
929 420 1058 454 matre
1079 416 1281 464 muyoenle
1303 411 1521 454 vacculas
1565 427 1675 466 quae

167 496 262 523 cum
289 482 352 523 ita
392 482 495 533 sint,
535 495 619 522 non
650 495 717 522 me
750 485 912 531 movet,
957 481 1072 534 quod
1112 485 1263 522 auctor
1304 481 1513 532 incertus,
1556 483 1675 523 cuius

167 564 339 591 carmen
371 549 506 591 habes
529 550 644 604 apud
667 550 863 591 Caesium
886 549 1066 590 Bassum
1091 549 1252 604 [2672]‚
1284 549 1518 591 identidem
1549 551 1675 592 metri

164 618 433 673 ithyphallici
461 619 645 672 primam
677 622 719 659 et
751 617 983 659 secundam
1015 618 1130 659 arsin
1167 618 1360 668 resolvit,
1405 632 1499 659 cum
1542 633 1562 659 e
1597 619 1674 659 La-

164 687 265 728 tinis
297 690 412 728 certe
446 687 517 741 [de
549 687 727 728 Graecis
759 685 809 727 cf.
842 686 866 727 l.
901 686 953 740 c.]
995 686 1150 727 nobilis
1190 690 1320 739 poeta
1356 686 1497 727 nullus
1526 701 1673 740 parem

165 759 240 796 aut
273 755 452 796 similem
482 755 699 796 licentiam
733 755 966 796 admiserit.
1019 758 1248 808 praeterea
1282 754 1530 796 abstinuere
1563 756 1674 796 solu-

163 825 278 864 tione
309 824 418 865 arsis
448 823 708 864 Prudentius
750 823 792 864 in
834 823 1028 864 dimetris
1058 823 1123 864 vel
1154 823 1360 864 trimetris
1395 823 1676 874 catalecticis,

162 892 265 933 item
308 891 527 943 Sedulius,
569 892 841 942 Ambrosius,
885 891 1104 943 Sidonius,
1144 891 1413 946 Drepanius,
1450 892 1675 942 Damasus,

163 960 395 1011 Ennodius,
426 960 655 1014 Eugenius.
706 973 835 1014 porro
869 959 983 1013 quod
1006 958 1326 1001 observavimus
1350 960 1672 1013 anapaesticum

163 1028 317 1082 pedem
350 1043 375 1070 a
405 1029 640 1082 primorum
665 1032 795 1082 atque
818 1028 1064 1070 ultimorum
1087 1032 1326 1082 temporum
1349 1029 1488 1082 poetis
1512 1028 1675 1069 Latinis

163 1096 428 1139 fastidiosius
450 1111 542 1139 esse
572 1097 813 1138 adhibitum
846 1110 974 1150 quam
1007 1110 1032 1137 a
1062 1097 1227 1147 mediis,
1260 1098 1387 1150 plane
1417 1097 1546 1138 etiam
1577 1111 1672 1150 per-

163 1166 270 1206 tinet
312 1165 369 1207 ad
415 1165 600 1210 solutam
647 1165 761 1206 arsin
806 1165 1048 1206 iamborum
1095 1179 1145 1206 ac
1191 1165 1517 1215 trochaeorum,
1564 1165 1675 1206 sicut

163 1237 392 1288 utrumque
451 1233 706 1275 observatur
759 1233 874 1287 apud
927 1233 1115 1274 Graecos
1168 1233 1400 1274 earundem
1451 1234 1672 1275 aetatium.

161 1302 310 1356 itaque
332 1302 524 1344 Catullus
546 1306 624 1353 ter,
657 1315 741 1343 non
765 1302 948 1355 saepius,
981 1315 1074 1342 eam
1098 1301 1299 1343 distraxit
1331 1303 1416 1357 [22,
1444 1306 1516 1354 19;
1541 1305 1606 1353 37,
1631 1306 1674 1353 53

163 1374 228 1421 59,
252 1374 298 1423 33
327 1374 515 1424 corrupt.
534 1374 600 1421 25,
625 1371 680 1425 5],
713 1370 779 1411 bis
802 1374 1001 1412 auctores
1023 1371 1303 1424 Priapeorum
1327 1371 1412 1425 [5],
1439 1374 1506 1422 18;
1534 1374 1598 1421 58,
1616 1370 1674 1424 4],

160 1438 226 1480 bis
263 1439 476 1492 Vergilius
519 1439 578 1494 [5,
613 1442 683 1491 133
717 1439 811 1493 36],
855 1452 952 1479 mox
993 1438 1252 1480 Prudentius
1293 1442 1474 1492 excepto
1518 1439 1673 1493 epyllio

162 1507 273 1561 [peri
304 1507 440 1561 steph.
478 1508 546 1562 10]
578 1508 621 1548 in
648 1511 714 1548 tot
744 1507 960 1557 versibus,
991 1508 1074 1548 nisi
1111 1507 1213 1560 quid
1245 1520 1311 1548 me
1343 1507 1472 1560 fugit,
1507 1508 1674 1548 sexiens

161 1575 313 1630 [praef.
347 1576 489 1629 apoth.
521 1579 595 1627 393
637 1575 818 1617 cathem.
854 1579 921 1626 12,
957 1579 1057 1627 1413
1100 1575 1193 1629 peri
1225 1579 1274 1616 st.
1309 1579 1350 1626 2,
1379 1579 1455 1627 83;
1490 1576 1669 1617 cathem.

161 1647 198 1695 9,
231 1647 309 1696 403
344 1647 446 1696 1033
476 1644 570 1698 peri
601 1647 651 1684 st.
687 1647 721 1694 1,
756 1644 840 1698 72],
872 1644 1003 1685 semel
1035 1644 1272 1685 Venantius
1302 1644 1373 1698 [Il,
1405 1647 1442 1694 2,
1472 1644 1558 1698 28].

277 1711 467 1754 Transeo
499 1712 554 1754 ad
584 1725 785 1753 numeros
815 1713 994 1763 ionicos,
1039 1726 1221 1766 quorum
1262 1711 1420 1765 duplex
1452 1716 1517 1753 est
1548 1713 1669 1762 arsis,

159 1781 344 1833 primum
380 1794 452 1822 eos
482 1781 554 1834 qui
592 1780 810 1835 pyrrichio
851 1794 902 1821 ac
945 1780 1135 1834 spondeo
1177 1784 1393 1831 constant,
1434 1795 1532 1822 mox
1573 1795 1671 1822 con-

160 1849 319 1890 trarios
350 1853 668 1903 persecuturus.

272 1917 410 1971 Igitur
440 1918 578 1971 primo
606 1918 701 1959 loco
732 1917 999 1958 memorandi
1030 1918 1327 1968 anacreontei,
1359 1917 1669 1959 nobilissimum

160 1988 203 2026 et
227 1985 622 2039 frequentissimum
648 1999 780 2039 genus
804 1986 1042 2027 ionicorum
1066 1999 1091 2027 a
1115 1986 1280 2027 minori.
1324 2000 1505 2038 quorum
1527 1987 1671 2040 prisca

161 2067 256 2094 cum
288 2054 344 2095 sit
375 2055 541 2108 species
572 2054 702 2096 haec:

642 2158 688 2175 υυ
702 2139 733 2172 -’
748 2139 778 2172 L
793 2160 841 2178 uu
856 2143 886 2173 J.
901 2143 931 2173 ,ί

640 2203 717 2236 sitis
743 2202 904 2236 ardescit
927 2202 1097 2247 habendi,

159 2289 236 2329 per
266 2275 486 2317 anaclasin
516 2290 653 2331 paene
684 2290 852 2330 semper
885 2276 1082 2318 effectast
1109 2277 1230 2318 talis:

640 2365 941 2400 uuLuLw-'L

638 2436 748 2469 super
772 2424 846 2458 alta
870 2427 998 2458 vectus
1021 2410 1133 2459 Attis.

274 2497 442 2539 Primus
473 2502 616 2540 autem
647 2498 891 2554 pyrrichius
922 2499 1082 2553 partim
1104 2499 1307 2541 libertate
1328 2500 1457 2540 ionici
1489 2499 1669 2551 numeri,

157 2565 315 2618 partim
346 2567 473 2620 primi
501 2566 623 2620 pedis
654 2566 829 2608 licentia
856 2571 1000 2621 potest
1031 2568 1126 2621 cogi
1156 2568 1241 2609 ita:

637 2635 709 2691 iam
734 2635 805 2692 iam
833 2627 937 2692 dolgt
959 2637 1058 2702 quod
1083 2642 1160 2703 {gs

158 2750 287 2789 quam
318 2736 507 2778 vitavere
544 2737 762 2778 licentiam
795 2737 996 2779 Sidonius
1027 2742 1069 2779 et
1098 2738 1285 2792 Prosper
1326 2737 1537 2792 [Wernsd.
1570 2751 1609 2790 p.
1640 2737 1666 2778 l.

156 2818 210 2845 m.
249 2805 335 2856 III,
375 2805 488 2859 413]
563 2805 648 2846 iam
700 2806 891 2847 anaclasi
940 2809 1065 2847 natos
1114 2806 1342 2847 trochaeos
1390 2809 1478 2846 tam
1529 2805 1666 2858 rigide

158 2872 455 2913 custodierunt
497 2872 715 2926 plerique,
755 2877 804 2914 ut
844 2873 1007 2915 nollent
1045 2875 1179 2927 recipi
1219 2874 1403 2914 alienum
1442 2887 1665 2914 numerum
