1898 3292
752 210 989 237 opvscvnvn
1008 210 1057 236 1v.
1573 198 1651 239 591

151 330 262 358 mam
293 315 475 356 laterum
517 313 787 355 relicuorum.
849 315 979 364 atque
1011 311 1076 351 his
1111 310 1194 351 duo
1227 309 1493 363 complentur
1524 309 1653 350 hexa-

150 384 275 426 metri
318 382 509 434 ‘Augsusli
537 387 675 433 florem
700 384 838 431 pielas
861 383 982 427 iuvat,
1011 393 1138 426 arma,
1162 375 1353 428 tropaea'
1402 376 1539 418 ‘Aonie'
1562 383 1655 428 fru-

151 456 267 501 tices,
303 455 440 502 pietas
480 454 590 491 iuva!
629 452 754 490 ubere
795 446 979 500 qlaeba'.
1051 447 1224 500 dignum
1267 450 1409 486 autem
1451 447 1657 486 memoria

151 520 293 562 omnia
324 518 567 560 acrosticha
600 521 642 558 et
672 517 855 571 primam
889 520 932 557 et
962 515 1145 556 mediam
1184 518 1226 555 et
1268 514 1461 555 ultimam
1496 514 1656 555 habere

150 589 339 630 litteram
372 602 408 628 a.
449 612 504 617 -—
554 589 742 627 ceterum
783 584 997 627 simillimo
1040 582 1222 624 artificio
1259 597 1361 624 usus
1395 582 1656 623 Fortunatus

154 655 345 711 [miscell.
369 656 416 706 V,
441 657 482 710 7]
519 668 689 696 carmen
722 653 906 694 XXXIII
936 666 1148 701 versuum,
1181 651 1252 705 qui
1282 654 1480 692 constant
1503 651 1657 702 singuli

151 725 306 766 litteris
341 724 536 773 XXXIII,
572 722 735 763 octonis
766 721 915 762 stichis
946 720 1156 762 linearum
1190 719 1391 773 quadrati
1413 719 1657 760 lateralium

152 797 195 834 et
237 792 528 846 diagonalium
575 790 843 831 instauravit.
887 815 940 819 —
988 793 1032 830 at
1074 788 1294 843 Porfyrius
1341 787 1423 828 alio
1471 788 1659 828 carmine

155 862 268 916 [22],
308 860 424 914 quod
465 863 507 901 et
538 873 686 900 versus
728 862 770 899 et
802 858 1065 911 singulorum
1098 871 1296 898 versuum
1330 856 1496 896 litteras
1529 856 1659 896 habet

153 942 329 970 numero
361 928 581 977 XXXVII,
621 927 804 981 primum
846 925 1146 979 diagonalibus
1188 924 1372 977 obliquis
1401 924 1481 977 ‘hos
1513 938 1660 965 versus

156 997 297 1039 effecit
339 996 485 1038 ‘mixta
523 1010 601 1047 per
643 1000 868 1047 must-aetus
914 998 1110 1035 diducam
1142 997 1324 1034 carmina
1360 990 1522 1033 illusae'
1571 990 1661 1032 ‘seu

153 1070 398 1108 cancellatos
430 1069 565 1116 spatia
597 1068 635 1105 in
670 1067 881 1106 contraria
910 1061 1084 1114 flexus,
1126 1066 1215 1102 tum
1251 1061 1374 1102 lineis
1402 1060 1660 1114 quadratum

154 1134 354 1185 alterum,
396 1133 510 1187 quod
553 1132 875 1182 inculcatumst,
919 1130 1188 1184 cingentibus
1227 1129 1362 1170 habes
1404 1129 1481 1169 hos
1513 1142 1660 1169 versus

147 1201 266 1244 ‘bene
310 1206 426 1253 picta
469 1204 589 1242 Musa
631 1198 791 1242 metris'
849 1199 1054 1250 ‘speciosa
1095 1205 1239 1239 sancta
1285 1195 1414 1238 cullu'
1467 1196 1663 1238 ‘breviter

152 1276 259 1323 fluas
301 1278 347 1311 ut
386 1267 482 1311 λῆθ’
536 1268 655 1320 ‘opus
693 1276 752 1310 est
784 1283 866 1319 per
905 1275 998 1309 arta
1029 1264 1183 1308 coetu’.
1254 1279 1384 1320 porro
1426 1266 1664 1317 tetragonis

159 1339 284 1389 binis,
317 1351 498 1392 quorum
531 1338 686 1391 prioris
718 1337 857 1378 latera
888 1336 1084 1377 oriuntur
1114 1349 1140 1376 a
1170 1334 1326 1376 litteris
1349 1334 1499 1387 prima,
1531 1333 1663 1374 unde-

160 1408 288 1458 cima,
334 1407 536 1448 vicesima
577 1407 776 1460 septima,
816 1405 967 1446 ultima
1010 1417 1208 1445 versuum
1251 1402 1482 1451 undecimi,
1525 1402 1664 1455 primi,

157 1475 310 1526 ultimi,
345 1475 534 1516 vicesimi
561 1475 742 1528 septimi,
776 1473 953 1515 alterius
975 1487 1001 1514 a
1022 1473 1172 1526 prima,
1203 1471 1440 1519 undecima,
1463 1471 1665 1511 vicesima

156 1545 351 1599 septima,
379 1544 531 1585 ultima
552 1543 739 1585 vicesimi
763 1542 944 1596 septimi,
978 1541 1127 1591 ultimi,
1160 1540 1299 1594 primi,
1332 1539 1556 1587 undecimi,
1586 1539 1665 1587 his,

157 1614 345 1667 inquam,
377 1613 616 1666 tetragonis
647 1611 847 1653 eveniunt
876 1610 1060 1651 trimetri
1092 1613 1135 1650 et
1166 1609 1309 1650 adonii
1338 1608 1470 1649 tales:

568 1702 670 1725 amor
695 1691 816 1735 poesis
842 1690 957 1734 spissa
983 1689 1120 1734 gaudet
1145 1689 1253 1732 exigi.

569 1749 700 1783 seriem
727 1759 896 1792 paramus
923 1746 1091 1780 ordinare
1118 1745 1248 1779 acrius.

568 1806 686 1849 possit
711 1805 809 1839 coire
835 1804 946 1838 docta
972 1814 1094 1837 rerum
1119 1802 1245 1836 limite.

570 1874 662 1907 opus
688 1865 813 1897 tuetur
839 1873 958 1895 nonne
986 1863 1068 1895 cata
1093 1860 1278 1904 parcitas?

743 1919 858 1953 audeo
885 1919 1010 1962 plenas

744 1976 852 2010 edere
881 1975 1025 2009 formas.

743 2034 842 2077 picta
867 2033 1003 2067 notabo

743 2090 822 2124 iura
847 2089 1026 2124 Camenis.

160 2161 203 2203 in
239 2161 305 2202 his
338 2160 549 2214 quaedam
580 2159 707 2201 aliter
739 2159 974 2200 constituta
1017 2161 1147 2210 atque
1180 2157 1222 2197 in
1254 2154 1440 2197 editione
1473 2154 1671 2209 Porfyrii.

162 2244 214 2272 ex
246 2229 401 2283 quibus
432 2229 514 2270 hoc
544 2228 638 2269 loco
673 2227 717 2268 id
748 2227 932 2268 maxime
976 2225 1230 2275 notandum,
1275 2224 1389 2278 qnod
1430 2224 1472 2264 in
1515 2226 1670 2276 quarto

164 2312 290 2339 versu
322 2298 571 2351 scripsimus
615 2309 748 2338 nonne
780 2302 872 2337 cala
910 2308 988 2348 pro
1020 2308 1096 2335 mm
1131 2300 1288 2335 necata.
1350 2292 1424 2333 ubi
1454 2306 1539 2332 non
1570 2291 1671 2332 hae-

165 2366 345 2408 rendum
386 2366 429 2406 in
468 2365 689 2406 trochaico
733 2371 844 2412 cata,
892 2376 1153 2416 quamquam
1197 2361 1300 2403 alibi
1341 2361 1403 2415 [3‚
1437 2361 1509 2415 30]
1556 2363 1672 2400 recte

165 2434 372 2488 corripuit
409 2433 596 2488 priorem
640 2436 782 2487 poeta.
844 2432 918 2472 sed
948 2431 1089 2485 potuit
1120 2430 1287 2471 variare
1316 2433 1407 2470 tum
1440 2428 1673 2482 quantitas,

165 2503 324 2556 quippe
346 2502 388 2542 in
410 2501 619 2542 vocabulo
651 2514 750 2541 raro
783 2504 824 2541 et
857 2499 1064 2550 obsoleto,
1098 2500 1208 2540 sicut
1239 2497 1368 2539 semel
1400 2497 1509 2537 dixit
1540 2503 1671 2537 mlum

164 2570 376 2625 producta
407 2584 444 2617 a,
477 2569 631 2610 ceteris
661 2568 766 2609 locis
797 2568 1033 2609 imminuta.
1092 2570 1321 2621 praeterea
1353 2568 1395 2605 et
1426 2564 1529 2605 alibi
1560 2564 1672 2605 idem

165 2652 249 2680 non
279 2639 341 2679 ita
373 2638 525 2679 anxius
559 2637 673 2678 circa
704 2650 948 2678 mensuram
980 2635 1260 2690 syllabarum,
1305 2633 1435 2675 veluti
1467 2637 1675 2674 deaurare

164 2707 305 2760 longa,
337 2709 537 2747 nationem
566 2705 687 2747 brevi
714 2705 854 2758 prima
884 2704 1040 2758 posuit.

282 2773 426 2815 Habet
456 2774 585 2814 etiam
619 2772 725 2813 alios
756 2772 894 2823 lusus,
925 2771 991 2813 vel
1025 2770 1287 2812 difficiliores
1318 2768 1567 2823 aliquando,
1599 2768 1675 2809 sed

167 2856 252 2884 non
282 2841 460 2895 perinde
504 2841 743 2882 concinnos.
805 2841 877 2893 qui
919 2840 1121 2893 quoniam
1162 2838 1331 2880 facilius
1374 2837 1508 2878 oculis
1547 2850 1673 2890 quam

168 2910 310 2951 verbis
344 2915 523 2963 possunt
554 2909 737 2963 concipi,
781 2909 905 2949 simul
946 2922 996 2949 ne
1035 2908 1242 2949 lectorum
1285 2906 1408 2947 nimis
1444 2905 1674 2946 illudamus
