1898 3292
202 197 281 236 302
791 196 910 228 LTBER
929 201 1110 234 QVARTVS

316 307 467 346 Restat
498 319 628 345 unum
661 318 713 345 ex
742 303 1043 352 Parentalibus
1078 303 1159 359 [17‚
1195 302 1261 358 16]
1295 303 1558 357 exemplum:

613 395 703 428 cape
730 395 883 418 munera
908 384 1027 417 tristia
1054 387 1258 428 parentum.

201 454 316 507 quod
350 457 494 494 tamen
523 466 548 493 a
569 452 742 493 relicuis
766 452 941 493 Ausonii
964 452 1146 493 modulis
1169 452 1354 493 alienum
1378 454 1421 492 et
1441 450 1558 492 haud
1580 449 1708 490 dubie

200 523 413 564 vitiosum.
474 521 658 562 fortasse
693 520 988 562 scribendum:
1021 534 1124 570 cape
1153 534 1323 561 munera
1356 523 1489 560 tre'ste'a
1520 522 1611 560 rite.

315 590 411 631 Non
454 593 597 631 autem
645 592 814 630 constat
854 589 958 630 satis
1000 588 1052 629 de
1094 589 1291 643 synizesi,
1339 601 1467 641 quam
1515 586 1709 641 plerique

201 663 357 714 putant
401 658 633 699 admissam
676 658 718 698 in
761 658 820 698 eis
862 671 972 711 quae
1013 661 1113 699 sunt
1154 661 1330 708 pituita,
1371 658 1708 707 pronmntmizmz.

200 743 299 770 nam
342 731 528 779 pituitam
562 740 657 767 cum
691 726 774 766 dici
806 726 1063 767 existimarit
1094 725 1238 767 Aelius
1272 725 1378 766 Stilo
1421 724 1577 781 [Quint.
1610 723 1640 775 I,
1674 727 1710 772 G,

202 796 286 853 36],
317 800 411 847 quia
436 802 554 846 petat
585 799 715 841 vitam,
748 794 1016 848 probabilest
1048 808 1072 835 a
1094 794 1308 835 nonnullis
1331 794 1487 835 elatam
1511 797 1710 847 correpta

200 866 352 919 prima.
413 864 552 918 possis
582 863 711 904 etiam
744 863 955 917 suspicari
987 866 999 903 i
1029 862 1321 917 paenultimae
1355 861 1586 915 aliquando
1619 875 1710 902 cor-

201 937 391 988 reptam,
432 932 543 973 sicut
573 932 617 972 in
647 932 733 973 illis
769 934 981 983 fortuilns,
1014 935 1233 982 aramenus,
1295 931 1442 984 itaque
1484 930 1588 971 satis
1631 930 1713 971 erit

201 1003 343 1043 notari
384 1001 499 1055 apud
531 1000 745 1042 Catullum
788 999 870 1056 [23‚
905 999 971 1056 17]
1015 1000 1058 1041 1(1
1099 999 1214 1054 quod
1256 1003 1321 1040 est
1352 1003 1506 1050 pituita
1534 998 1712 1052 implere

202 1070 511 1112 ditrochaeum.
575 1073 726 1111 contra
756 1069 963 1110 Horatius
1007 1069 1056 1124 [s.
1090 1069 1147 1118 ΙΙ,
1177 1072 1213 1119 2,
1253 1071 1328 1120 76;
1370 1081 1433 1121 ep.
1462 1068 1500 1117 I,
1534 1071 1569 1118 1,
1613 1067 1712 1121 108]

201 1139 315 1180 idem
355 1138 611 1181 vocabulum
656 1142 799 1179 utrum
840 1137 1111 1192 trisyllabum
1142 1136 1326 1178 voluerit
1368 1135 1461 1177 fieri
1491 1149 1570 1190 per
1601 1136 1712 1190 syni-

201 1208 343 1259 zesim,
374 1220 504 1261 quam
526 1207 634 1248 alias
666 1220 750 1247 non
784 1206 958 1247 admisit
988 1206 1069 1246 nisi
1098 1206 1141 1247 in
1173 1209 1186 1246 e·
1215 1205 1373 1256 littera,
1404 1218 1537 1245 necne
1558 1218 1711 1259 parum

203 1279 384 1326 constat,
406 1289 485 1317 nec
510 1275 647 1329 magis
671 1275 841 1316 Persius
865 1275 920 1329 [2,
941 1275 1012 1329 57]
1034 1278 1180 1315 1111·11111
1203 1272 1498 1314 choriambum
1519 1274 1713 1327 posuerit

204 1359 258 1386 an
289 1344 532 1386 molossum.
585 1357 686 1385 saue
719 1343 836 1385 aliud
867 1342 982 1396 apud
1014 1356 1110 1383 eum
1143 1341 1343 1397 synizesis
1367 1341 1608 1395 exemplum
1630 1355 1713 1382 non

202 1413 428 1455 invenitur.
461 1438 518 1443 -—
554 1426 683 1466 porro
714 1414 1045 1462 promunture‘wn
1078 1425 1173 1452 cum
1207 1410 1280 1451 alii
1312 1410 1527 1452 deducant
1559 1423 1584 1451 a
1618 1424 1713 1460 pro-

203 1485 410 1529 minendo,
451 1481 524 1523 alii
565 1495 590 1522 a
628 1488 759 1522 monte
796 1483 911 1534 (nam
944 1483 986 1521 et
1013 1482 1334 1530 promzmtorimn
1368 1478 1455 1520 sive
1482 1486 1714 1529 promonto-

203 1554 308 1591 rium
331 1550 565 1604 scribitur),
598 1551 773 1591 tertiam
796 1563 821 1590 a
842 1549 925 1590 fine
947 1548 1133 1599 brevem,
1171 1551 1219 1589 ut
1239 1548 1282 1589 in
1307 1551 1484 1599 {aym-io,
1517 1546 1715 1588 videntur

205 1620 290 1661 tria
332 1633 443 1673 quae
489 1622 638 1661 extant
679 1619 721 1659 in
766 1632 892 1659 versu
933 1617 1125 1659 indicare
1163 1616 1371 1671 exempla.
1433 1619 1532 1657 sunt
1571 1619 1713 1656 autem

204 1688 312 1729 haec
353 1689 526 1743 [Pacuv.
559 1701 625 1741 ap.
660 1687 766 1728 Gell.
799 1687 868 1732 IV,
904 1690 968 1737 17,
1005 1690 1080 1737 15;
1122 1685 1253 1727 Lucil.
1286 1685 1358 1735 III,
1394 1688 1466 1735 123
1509 1684 1580 1725 ΟΥ.
1616 1684 1714 1725 Met.

206 1756 295 1808 XV,
331 1757 453 1811 709]:

274 1836 364 1871 Idae
392 1837 445 1880 (id
469 1835 563 1880 cdd.)
591 1836 898 1880 promunturium,
924 1835 1027 1869 cuius
1052 1834 1178 1879 lingua
1202 1834 1238 1868 in
1264 1833 1378 1867 altum
1404 1832 1558 1877 proicit3

274 1914 306 1916 -
331 1894 629 1939 promunturium
654 1892 964 1937 (promontorium
990 1891 1083 1934 cdd.)
1110 1891 1219 1926 remis
1246 1886 1452 1935 superamu'
1480 1889 1680 1924 Minervae.
1697 1895 1704 1902 “·

274 1951 359 1986 inde
385 1951 476 1996 legit
501 1951 662 1995 Capreas
687 1950 1057 1995 promunturiumque
1083 1948 1281 1983 Minervae.

322 2021 491 2062 Semovi
522 2033 622 2062 vero
655 2018 886 2073 quaedam,
927 2031 1155 2072 perperam
1183 2017 1310 2071 vulgo
1343 2017 1544 2071 syuizesis
1577 2029 1717 2057 exem-

207 2090 289 2143 plis
324 2103 435 2143 quae
468 2089 777 2131 attribuuntur.
839 2101 890 2129 ac
919 2087 1105 2142 primum
1139 2086 1310 2140 quidem
1334 2089 1535 2137 fortuitus
1568 2098 1717 2138 quam-

208 2172 337 2212 quam
378 2158 496 2200 haud
537 2158 665 2200 dubie
707 2157 836 2211 longa
878 2160 892 2197 2'
933 2156 1108 2210 ponitur
1149 2169 1175 2197 a
1205 2155 1359 2196 Plauto
1393 2158 1436 2196 et
1464 2153 1645 2195 Horatio
1677 2156 1719 2194 ct

210 2226 426 2281 Phaedro,
469 2230 614 2268 tamen
658 2225 807 2268 eodem
837 2225 931 2267 iure
963 2238 1047 2278 quo
1087 2227 1295 2276 marullus
1334 2224 1460 2278 [Stat.
1497 2223 1586 2264 silv.
1618 2222 1648 2273 I,
1680 2225 1718 2273 G,

212 2296 282 2350 16]
324 2295 504 2337 eandem
551 2295 767 2348 corripiet.
836 2307 975 2347 neque
1021 2293 1147 2334 aliter
1188 2292 1322 2334 stabit
1363 2305 1511 2333 versus
1555 2290 1719 2332 Manilii

209 2364 258 2419 [I,
294 2364 393 2418 182]
437 2362 550 2405 ‘nam
583 2377 713 2414 neque
746 2366 944 2414 fortuitos
975 2368 1088 2403 ortus
1119 2363 1381 2413 sumentibus
1415 2356 1580 2408 astris',
1623 2372 1718 2400 cum

210 2432 429 2474 abstineat
458 2432 529 2474 ille
559 2432 673 2473 omni
705 2431 964 2486 synhaeresi.
1027 2444 1161 2484 quare
1191 2430 1236 2470 111
1266 2443 1392 2470 versu
1422 2432 1470 2470 ut
1499 2431 1608 2481 puta
1637 2427 1718 2468 hoc

209 2501 421 2542 Iuvenalis
456 2501 542 2556 [13,
575 2501 676 2555 225]
719 2497 817 2541 ‘non
851 2503 968 2551 quasi
993 2502 1192 2551 fortuitus
1229 2512 1304 2539 nec
1344 2504 1552 2538 ventorum
1592 2498 1719 2541 rabie,

210 2574 285 2611 sed
295 2567 304 2582 ⁷
348 2583 433 2611 non
463 2569 654 2611 dicemus
686 2568 792 2610 illud
825 2568 939 2622 quod
971 2572 1035 2610 est
1069 2570 1269 2619 fortuitus
1299 2580 1377 2620 per
1408 2564 1616 2620 synizesin
1649 2578 1718 2605 ex-

210 2638 328 2692 plere
361 2637 604 2689 molossum,
637 2636 713 2678 sed
744 2637 888 2691 potius
918 2636 1097 2690 integris
1129 2634 1304 2689 syllabis
1327 2633 1634 2676 choriambum.

327 2707 412 2748 Sed
442 2706 629 2761 plurima
673 2705 979 2746 contractionis
1021 2704 1218 2757 exempla
1256 2702 1505 2744 sustulimus
1547 2701 1719 2755 dempto

211 2775 422 2817 vocabulo
454 2777 628 2824 conubii,
663 2773 790 2827 quod,
825 2772 940 2826 vulgi
962 2773 1206 2827 opinionem
1229 2776 1271 2813 et
1293 2774 1508 2813 vetustum
1531 2783 1719 2812 errorem

212 2845 247 2884 si
281 2843 571 2897 amplecteris,
610 2856 778 2897 semper
809 2841 943 2883 habet
982 2841 1152 2895 longam
1191 2839 1618 2894 antepaenultimam,
1661 2841 1720 2887 ut,

213 2912 472 2965 ubicumque
498 2913 539 2952 in
573 2911 784 2965 dactylico
818 2913 954 2951 metro
986 2911 1120 2963 prima
1157 2910 1212 2950 sit
1243 2910 1284 2949 in
1318 2909 1404 2949 arsi
1435 2907 1612 2962 syllaba.
1646 2920 1721 2960 ap-
