1898 3292
276 232 324 270 41
335 234 359 271 8
877 239 996 264 LIBER
1016 239 1194 270 varvs.

277 343 511 385 stianorum
557 341 625 397 [cf.
660 342 816 383 Auson.
848 341 962 395 idyll.
1000 345 1063 390 10,
1097 344 1201 391 3033
1234 341 1469 381 Venantius
1501 341 1595 390 VII,
1631 343 1700 389 12,
1733 344 1785 382 25

270 410 490 462 ‘Archyla,
524 414 801 462 Pythaqorao‘,
832 414 997 458 Aratus,
1037 411 1145 454 Cato,
1180 413 1308 451 Plato.
1347 407 1654 462 clm-y.s-2·ppuss’].
1716 409 1786 449 de-

276 479 406 532 nique
446 478 573 529 talia,
619 478 766 531 qualia
805 481 904 519 sunt
942 480 1125 528 Sappho,
1165 481 1281 522 echo,
1326 481 1479 526 Alecto,
1527 480 1726 530 correpta
1767 492 1787 517 ο

276 548 419 601 legere
451 561 518 589 me
547 560 632 588 non
663 547 854 597 memini,
887 549 1067 599 excepto
1099 545 1213 599 quod
1246 545 1360 599 apud
1392 545 1671 587 Dracontium
1704 546 1786 586 fer-

276 619 348 658 tur
371 617 427 671 [8,
453 615 551 670 203]
586 629 699 667 quem
724 618 872 664 Clotho,
905 628 1019 665 quem
1043 617 1249 659 Lachesis,
1284 628 1398 665 quem
1421 618 1600 655 vindicat
1617 618 1789 664 Atropos

276 688 434 736 ive-(sens.
497 697 595 725 nam
627 697 795 725 versum
828 682 1025 724 monachi
1068 683 1211 724 nescio
1256 683 1377 724 cuius
1420 683 1597 738 [anthol.
1632 686 1731 733 792,
1764 686 1787 723 2

278 752 342 794 ed.
374 753 441 807 R]
491 755 626 794 Clotho
669 756 796 793 colum
841 754 1012 797 bajulat,
1052 754 1245 792 Lachesis
1285 754 1431 799 trahis,
1465 756 1637 802 Atropos
1677 758 1791 792 occat

278 835 360 863 non
392 835 547 863 moror.

393 889 677 931 Grammatici
710 893 854 930 autem
877 893 1043 930 veteres
1077 888 1247 930 diversa
1279 887 1509 930 admodum
1538 888 1716 930 tradunt
1738 889 1790 930 de

277 959 419 1001 finalis
451 973 472 999 0
504 958 761 1012 quantitate.
824 957 897 1011 qui
940 961 1084 998 tamen
1117 961 1325 1010 quantum
1357 971 1383 998 a
1415 970 1514 998 vero
1546 957 1792 998 aberrarint

278 1028 344 1069 vel
374 1026 480 1068 illud
512 1027 649 1078 docet,
684 1026 799 1080 quod
828 1025 948 1068 suere
981 1026 1054 1079 qui
1086 1027 1128 1066 in
1151 1025 1408 1079 Vergilianis
1440 1039 1548 1067 mmo
1578 1029 1662 1067 scio
1694 1029 1794 1076 quid

277 1100 328 1137 sit
357 1110 470 1137 amor
481 1112 493 1145 ;
533 1098 616 1137 selo
647 1109 708 1136 me
741 1098 896 1136 Danais
928 1109 949 1135 e
981 1097 1178 1136 classibus
1209 1109 1330 1136 mmm
1370 1097 1575 1148 putarent
1603 1108 1789 1148 pronun-

277 1164 473 1206 tiandum
503 1177 571 1205 sco
606 1163 763 1218 [Diom.
797 1167 903 1215 4303
936 1163 1060 1205 Char.
1095 1163 1150 1217 5]

393 1232 478 1274 Sed
509 1232 564 1273 ad
596 1246 617 1273 e
648 1232 819 1274 finalem
851 1236 899 1273 ut
940 1236 1229 1282 transeamus,
1272 1231 1381 1272 mira
1421 1245 1598 1285 prorsus
1638 1245 1706 1272 res
1750 1235 1792 1272 ct

279 1315 408 1355 quam
441 1301 657 1355 explicare
690 1314 772 1342 non
803 1301 975 1354 possim,
1008 1300 1123 1354 quod
1153 1300 1358 1341 adverbia
1400 1304 1581 1351 [ufey-ne,
1613 1313 1792 1350 superne

278 1370 376 1411 inde
410 1384 435 1411 a
458 1369 659 1411 Lucretio
692 1383 827 1422 usque
863 1368 919 1410 ad
951 1369 1077 1410 finem
1110 1368 1354 1410 litterarum
1377 1368 1609 1410 latinarum
1630 1368 1793 1409 habent

280 1453 301 1480 e
345 1441 589 1492 correptam
631 1441 674 1479 et
714 1437 887 1491 quidem
927 1451 1107 1491 semper.
1179 1441 1295 1478 certe
1343 1436 1582 1490 productae
1629 1437 1790 1478 nullum

278 1507 381 1560 mihi
414 1507 600 1549 innotuit
630 1506 884 1560 exemplum.
934 1510 977 1547 et
1010 1506 1236 1547 Lucretius
1268 1505 1440 1559 quidem
1471 1520 1574 1547 usus
1607 1510 1792 1558 utroque

280 1576 512 1627 vocabulo;
554 1575 671 1629 apud
701 1575 928 1616 Horatium
973 1576 1014 1616 in
1058 1574 1239 1628 stropha
1279 1575 1445 1628 spuria,
1486 1578 1533 1615 ut
1563 1578 1685 1628 puto,
1718 1574 1792 1615 sed

278 1645 474 1698 proximo
506 1647 604 1697 post
634 1643 754 1685 illum
787 1643 960 1685 saeculo
983 1642 1271 1685 adscribenda
1291 1643 1506 1684 invenitur
1539 1643 1607 1697 [IL
1631 1646 1696 1694 20,
1724 1643 1790 1696 11]

278 1713 469 1764 superne.
532 1726 677 1753 verum
723 1712 872 1754 eadem
905 1712 1148 1765 quantitate
1180 1712 1324 1765 posuit
1356 1714 1398 1752 et
1430 1711 1650 1766 Porfyrius
1682 1725 1791 1752 saec.

278 1782 333 1823 IV
368 1782 452 1835 [13‚
485 1781 548 1834 sslt

588 1838 683 1871 votis
711 1837 855 1872 favente
882 1837 1020 1871 domini
1047 1836 1205 1882 superne
1231 1837 1381 1879 dextra3

589 1894 720 1929 dextra
747 1890 906 1939 superne
935 1893 1069 1929 domini
1102 1894 1246 1928 favente
1271 1895 1386 1937 votis;

281 1979 413 2029 atque
446 1976 548 2018 item
583 1975 731 2017 eodem
766 1979 960 2028 tempore
994 1974 1249 2016 Tiberianus
1286 1975 1343 2029 [p.
1366 1974 1439 2015 lat.
1467 1988 1519 2015 m.
1547 1974 1619 2024 ΙΙΙ,
1649 1976 1732 2015 264
1755 1988 1789 2015 v.

280 2045 322 2099 3]
367 2048 410 2086 et
450 2058 549 2086 mox
591 2043 851 2086 Prudentius
894 2043 1094 2098 [cathem.
1129 2047 1165 2095 3,
1198 2046 1273 2095 203
1304 2044 1397 2097 peri
1429 2043 1565 2097 steph.
1604 2046 1672 2094 12,
1707 2044 1792 2097 39}-

394 2113 528 2154 Porro
561 2127 587 2155 a
618 2112 810 2154 classicis
841 2112 1063 2154 breviatur
1094 2125 1223 2165 saepe
1255 2111 1485 2154 admodum
1514 2112 1794 2165 imperativus

279 2195 395 2231 eave,
442 2182 647 2232 maxime,
692 2181 864 2234 quando
906 2181 1102 2234 sequitur
1134 2181 1430 2222 coniunctivus
1460 2180 1615 2222 omisso
1648 2194 1715 2228 ne,
1747 2184 1794 2221 ut

280 2250 396 2304 apud
428 2250 656 2292 Horatium
687 2250 785 2291 εαυῦ
815 2256 852 2290 te
884 2257 1012 2301 νομεῖ.
1073 2250 1136 2290 ita
1165 2252 1258 2290 vide
1289 2263 1315 2290 a
1346 2249 1509 2290 Lucilio
1550 2249 1704 2303 [XVIL
1741 2249 1793 2302 1],

279 2318 476 2360 Phaedro
511 2318 603 2373 [ΙΙΙ,
630 2322 667 2369 6,
703 2321 749 2369 33
782 2317 868 2359 fab.
895 2317 1054 2359 Perott.
1086 2322 1149 2369 10,
1179 2318 1263 2372 14],
1298 2317 1444 2358 Persio
1478 2319 1533 2372 [l,
1574 2318 1684 2371 108}
1716 2318 1793 2358 (la-

278 2391 379 2428 tone
419 2386 701 2428 distichorum
742 2386 969 2428 moralium
1009 2389 1186 2427 auctore
1230 2386 1317 2440 [1V‚
1351 2389 1416 2437 25,
1448 2386 1490 2440 2]
1533 2386 1726 2438 adeoque
1769 2399 1794 2426 a

280 2455 454 2496 Valerio
485 2455 606 2508 epico
639 2455 705 2510 [V,
730 2455 831 2509 594]
863 2455 1038 2508 ponitur
1068 2468 1147 2508 pro
1175 2454 1405 2509 pyrrichio.
1458 2467 1719 2507 quamquam
1751 2454 1793 2494 in

279 2523 524 2565 Luciliano:

589 2582 669 2614 tute
697 2579 780 2614 vide
806 2582 915 2623 atque
941 2579 1145 2624 disyllabon
1172 2579 1267 2624 elige
1296 2580 1450 2623 quodvis

278 2663 423 2714 potest
452 2659 594 2701 locum
626 2659 788 2701 habere
819 2661 967 2701 tmesis
1000 2660 1183 2701 alterum
1217 2673 1366 2713 genuS,
1400 2659 1452 2699 de
1481 2673 1567 2712 qua
1598 2659 1793 2712 proximo

278 2727 390 2769 libro
432 2731 683 2782 exponetur.
724 2752 778 2757 -—-
817 2728 947 2769 etiam
981 2741 1053 2769 (we
1089 2727 1352 2782 pyrrichium
1386 2727 1579 2781 explesse
1621 2727 1793 2768 saeculo

279 2810 317 2850 p.
347 2796 443 2837 Chr.
476 2811 514 2837 n.
552 2796 690 2850 primo
729 2796 999 2837 demonstrat
1032 2796 1254 2837 Phaedrus
1286 2796 1390 2836 eliso
1421 2797 1465 2836 in
1497 2799 1625 2837 acuta
1656 2795 1793 2836 vocali

280 2878 300 2904 e
332 2864 434 2918 [fab.
471 2864 561 2905 Per.
596 2868 661 2915 21,
697 2864 789 2918 10]:

588 2966 653 2989 ave
682 2966 796 2998 usque
823 2956 985 2999 ingessit
