1898 3292
754 263 870 286 LIBER
892 262 1047 288 SEXTVS.
1571 255 1652 293 453

150 365 419 419 positionem,
458 380 586 418 quam
619 378 883 406 communem
914 364 1017 405 facit
1050 368 1230 415 propino
1261 364 1326 420 [cf.
1362 364 1546 406 Martial.
1580 365 1652 416 ΙΙΙ,

149 437 215 484 82,
244 437 319 485 253
350 433 430 490 31].
489 433 591 475 item
627 436 842 484 probosce's
876 433 919 474 in
952 432 1261 487 epigrammate
1291 433 1446 475 aetatis
1476 433 1652 475 ultimae

147 501 348 555 producit
388 517 409 543 o
457 501 632 559 [anthol.
670 505 766 552 195,
798 504 844 552 33
891 504 989 551 196,
1024 505 1041 541 1
1079 501 1142 542 ed.
1174 500 1249 557 R.].
1319 514 1448 555 porro
1485 505 1652 553 prologi

146 569 287 623 prima
320 584 415 611 cum
447 583 615 624 semper
645 568 894 610 intendatur
932 582 958 610 a
998 569 1226 619 scaenicis,
1268 572 1317 610 ut
1353 572 1585 621 proloqium
1627 583 1653 610 a

148 637 332 679 Pacuvio
365 638 497 694 [Paul.
528 651 596 692 pg.
621 637 738 694 226],
771 637 896 679 aliter
927 650 951 678 a
982 637 1135 679 Rufino
1167 636 1397 679 adhibetur
1429 636 1593 693 [2709]:

398 729 481 751 nam
506 717 680 762 prologos
706 717 872 751 trimetro
901 716 1030 751 didicit
1055 727 1278 761 componere
1305 728 1423 751 versu.

147 785 331 839 denique
373 789 614 836 Procope'zcm
656 786 867 827 incertum
910 785 1112 826 carminis
1153 784 1354 840 dactylici
1393 785 1650 827 necessitate

146 868 200 895 an
231 853 372 895 Latini
407 854 613 895 sermonis
650 857 822 895 secutus
863 853 1174 907 proprietatem
1215 854 1392 907 paeonis
1430 853 1557 909 primi
1587 854 1650 896 in-

146 926 236 963 star
264 922 410 976 posuit
442 921 642 964 Sidonius
679 923 794 977 [pan.
826 921 1020 963 Anthem.
1055 921 1136 978 68].

260 990 492 1031 Praeterea
538 1004 633 1031 cum
675 990 841 1044 pridem
888 1004 940 1031 ex
985 989 1192 1031 memoria
1231 989 1393 1031 abisset
1431 989 1649 1032 hominum

144 1062 333 1110 coperire
365 1061 505 1099 ortum
537 1072 588 1100 ex
620 1061 833 1109 cooperire
871 1058 973 1111 (iam
1007 1057 1144 1099 Gellio
1173 1057 1217 1099 id
1247 1058 1491 1111 ignoratum
1524 1058 1651 1100 dccet

143 1127 200 1176 ΙΙ,
242 1127 309 1179 17)
351 1130 393 1167 et
433 1133 645 1167 conectere
675 1125 836 1167 dictum
866 1140 944 1179 pro
977 1133 1218 1178 coqneclere
1259 1129 1301 1167 et
1339 1131 1534 1177 copulare
1571 1142 1649 1181 pro

147 1198 381 1245 ooapzclare,
423 1194 532 1236 haec
560 1194 693 1236 verba
732 1208 817 1236 non
856 1194 1010 1235 mirum
1051 1194 1171 1236 brevi
1211 1194 1351 1248 prima
1389 1194 1586 1237 adhibita
1624 1210 1650 1237 a

145 1263 355 1304 Venantio
386 1263 458 1318 [IL
492 1266 527 1313 3,
568 1266 637 1314 143
669 1267 706 1313 4,
738 1266 784 1314 83
816 1262 884 1313 VI,
921 1267 953 1313 1,
990 1261 1105 1318 119];

394 1342 480 1376 dum
507 1342 620 1386 pallas
646 1342 790 1386 coperit
814 1342 917 1386 signa
943 1341 1104 1386 gerendo
1132 1342 1261 1375 crucis.

395 1410 504 1433 carne
530 1402 652 1433 creata
676 1399 744 1432 viri
770 1398 903 1433 dehinc
929 1398 1125 1442 copulatur
1151 1397 1280 1432 eidem.

394 1467 487 1500 quae
514 1455 586 1490 duo
618 1467 731 1500 regna
754 1456 840 1500 iugo
867 1456 1028 1500 pretiosa
1053 1455 1228 1489 conexuit
1252 1467 1335 1489 uno.

143 1524 368 1566 dubitatur
404 1527 549 1566 tamen
591 1537 617 1565 a
656 1523 801 1565 multis
842 1523 894 1565 de
925 1537 1050 1565 versu
1086 1523 1236 1577 primo.
1298 1523 1373 1566 sed
1402 1525 1512 1565 enim
1543 1525 1648 1567 illud

142 1597 359 1644 copulatur
402 1592 498 1647 ipsa
544 1596 637 1634 arte
684 1592 902 1643 carminis,
949 1592 1070 1634 cuius
1117 1605 1263 1634 omnes
1304 1606 1453 1635 versus
1499 1593 1648 1635 eodem

143 1663 342 1702 constant
371 1674 548 1702 numero
582 1660 843 1712 litterarum,
885 1660 1094 1702 firmatur.
1155 1674 1239 1714 quo
1282 1660 1421 1703 minus
1462 1661 1648 1716 proban-

142 1729 260 1781 dum,
303 1729 418 1783 quod
449 1729 613 1771 Dunius
646 1728 761 1783 apud
792 1728 1073 1770 Dracontium
1106 1732 1143 1780 7,
1177 1732 1228 1770 36
1263 1729 1436 1783 scripsit
1466 1734 1649 1781 coplelur

140 1812 219 1852 pro
260 1802 483 1849 copuletur.
543 1798 691 1850 itaque
722 1810 869 1849 coqere
904 1796 1130 1838 imminuta
1161 1811 1182 1837 o
1215 1795 1373 1838 dicitur
1405 1811 1430 1839 a
1461 1797 1648 1840 Luxorio

142 1870 428 1908 anacreonteo
472 1865 548 1907 tali
591 1866 705 1921 [309,
737 1866 779 1920 7]
825 1864 979 1916 ‘posuit
1025 1872 1192 1917 coyente
1229 1863 1376 1907 nullo’.
1438 1880 1522 1907 non
1563 1866 1648 1909 dis-

142 1934 268 1976 simili
299 1948 430 1976 causa
459 1935 599 1976 evenit
626 1937 674 1975 111
706 1934 998 1988 corriperetur
1027 1933 1168 1987 prima
1198 1933 1241 1974 in
1275 1933 1358 1984 his,
1401 1948 1512 1987 quae
1551 1939 1649 1977 sunt

142 2009 272 2045 denuo
318 2002 464 2058 [Prud.
496 2017 534 2056 p.
568 2006 616 2043 st.
654 2006 716 2053 10,
750 2002 871 2056 797],
919 2005 1054 2043 ebrius
1104 2002 1228 2056 [Eug.
1262 2005 1304 2052 ὃ,
1342 2003 1433 2057 11],
1481 2007 1647 2055 eleqans

141 2071 331 2126 [Damas.
365 2084 430 2124 ap.
465 2070 569 2112 Dan.
601 2071 638 2122 Ι,
673 2074 710 2122 9,
746 2070 812 2125 13],
852 2083 1051 2111 enervare
1092 2069 1313 2125 [Prudent.
1347 2069 1458 2111 cath.
1490 2075 1532 2122 8,
1566 2071 1646 2127 64],

143 2142 317 2180 enormis
368 2138 486 2195 [Sed.
525 2153 558 2180 0.
595 2139 748 2193 p.111,
783 2138 911 2195 265],
963 2138 1044 2180 11131
1091 2138 1166 2180 illa
1212 2152 1431 2188 enervare,
1474 2144 1647 2181 enormis

141 2210 391 2259 statuemus,
423 2206 467 2248 id
499 2207 614 2261 quod
644 2207 808 2261 placuit
840 2207 1050 2249 Salmasio
1085 2206 1156 2263 [ad
1190 2206 1330 2261 Spart.
1362 2222 1401 2261 p.
1438 2207 1528 2263 61],
1570 2222 1648 2262 per

140 2276 334 2318 ultimam
380 2275 550 2330 imperii
581 2276 763 2317 Romani
806 2279 993 2317 aetatem
1036 2275 1229 2317 sonuisse
1275 2274 1397 2316 initio
1446 2279 1458 2316 ι’
1504 2276 1648 2329 potius

141 2358 270 2398 quam
311 2358 351 2393 e,
393 2348 442 2385 ut
481 2343 591 2385 falso
622 2343 858 2398 veriloquio
899 2344 1098 2386 inductos
1136 2356 1339 2398 peccasse
1381 2343 1648 2386 existimetur

141 2412 411 2454 christianos.
471 2415 698 2465 praeterea
739 2412 972 2466 aliquando
1014 2412 1253 2454 breviatast
1295 2424 1321 2451 a
1356 2412 1495 2465 poetis
1537 2411 1647 2453 chri-

141 2480 292 2522 stianis
321 2479 624 2533 inseparabilis
655 2480 730 2521 illa
760 2494 817 2529 se,
858 2480 978 2521 cuius
1014 2484 1135 2521 recta
1173 2494 1387 2531 mensura,
1430 2494 1525 2522 cum
1564 2494 1648 2522 non

142 2551 278 2589 staret
306 2548 458 2589 vocula
490 2562 567 2601 per
597 2561 641 2590 se
672 2548 783 2601 ipsa,
826 2548 952 2589 facile
990 2548 1133 2602 potuit
1163 2548 1402 2603 depravari.
1462 2562 1648 2602 namque

142 2620 184 2657 01
214 2619 423 2657 socordem
455 2615 521 2656 vel
556 2619 797 2665 socordiam,
839 2630 950 2669 quae
978 2615 1187 2658 vocabula
1227 2616 1341 2671 apud
1382 2616 1647 2670 antiquiores

140 2687 292 2737 poetas
323 2697 476 2737 parum
505 2683 622 2725 fuere
653 2684 696 2724 in
737 2698 830 2734 usu,
872 2687 1097 2726 attenuata
1137 2685 1277 2738 prima
1318 2684 1427 2726 dixit
1456 2685 1647 2726 Pruden-

141 2752 226 2793 tius
264 2751 316 2807 [p.
350 2755 399 2793 st.
438 2756 498 2802 10,
531 2756 633 2804 8103
667 2752 810 2806 apoth.
846 2752 939 2808 126]
981 2756 1023 2794 01
1053 2755 1228 2794 sobrium
1259 2752 1312 2808 [3,
1345 2752 1384 2807 6]
1419 2753 1647 2807 Eugenius,

142 2823 293 2861 contra
320 2833 404 2861 non
433 2834 634 2870 separare
667 2819 739 2876 [IL
777 2823 866 2872 126,
903 2820 966 2876 19]
998 2820 1250 2862 Martianus.

254 2887 344 2928 Iam
374 2888 622 2941 composita,
652 2902 762 2941 quac
794 2888 1058 2930 descendunt
1089 2902 1115 2928 a
1148 2892 1276 2939 s'ace'o,
1315 2902 1496 2941 quorum
1528 2889 1648 2942 prior

141 2969 244 3010 pars
275 2959 340 2997 est
370 2955 569 3007 verbum,
613 2955 823 3011 syllabam
864 2970 889 2998 a
931 2956 1015 2999 fine
1059 2959 1282 3011 quartam,
1319 2956 1354 2998 si
1383 2956 1648 3012 praecedens
