1898 3292
199 206 280 245 394
794 216 913 241 [21an
933 216 1113 247 QVINTVS.

198 318 412 372 exempla,
455 334 565 372 quac
598 319 695 359 olim
730 318 999 369 serebantur,
1039 319 1121 360 iam
1153 319 1342 373 sublata)
1383 320 1469 360 sive
1512 319 1619 361 duas
1660 320 1703 360 in

196 387 405 442 principio
438 401 645 428 consonas
676 401 753 441 pro
786 401 882 428 una.
934 387 986 429 de
1016 402 1098 441 quo
1132 388 1240 429 dixit
1264 388 1532 430 Herm-annus
1565 387 1700 445 [elem.

196 455 306 497 doct.
338 459 460 497 metr.
496 469 560 509 pg.
585 455 674 512 48],
708 455 930 497 Hartelius
965 455 1091 513 [stud.
1114 456 1324 513 Homer.],
1358 457 1568 499 Christius
1602 456 1703 513 [me-

195 524 331 565 tricae
363 524 556 566 Graecae
588 524 854 577 Latinaeque
890 528 968 566 195
1000 524 1092 581 sq.],
1126 524 1273 566 dixere
1303 525 1375 566 alii
1404 525 1538 566 multi.
1600 525 1705 566 nihil

196 597 338 634 tamen
381 592 463 633 hoc
506 592 561 633 ad
604 592 939 646 disputationem
977 596 1181 634 nostram.
1243 608 1320 634 nec
1353 594 1465 634 enim
1497 594 1703 647 antiquis-

195 661 302 702 sima
330 661 476 702 Iliadis
509 664 552 702 et
584 661 800 716 Odysseae
834 660 973 702 fornia
1005 661 1290 715 respicienda,
1325 661 1399 703 sed
1429 676 1490 713 ea,
1524 676 1645 715 quae,
1678 675 1704 703 a

196 730 411 771 Pisistrati
442 733 585 771 aetate
618 729 774 771 litteris
812 733 1072 784 propagata,
1114 730 1430 784 insequentium
1464 734 1704 784 temporum

195 798 327 852 epicis
369 798 564 849 Graecis,
613 797 797 852 denique
848 799 1142 852 grammaticis
1184 798 1485 840 Alexandrinis
1530 813 1703 840 causam

194 866 397 920 praebuit
428 880 500 908 eas
529 866 833 920 producendae
864 867 1003 909 finalis
1034 867 1150 921 leges
1191 868 1330 921 sequi,
1371 881 1479 920 quas
1509 868 1552 908 in
1582 867 1705 909 libris

195 949 342 977 eorum
373 935 566 989 legimus.
619 935 672 977 ab
697 935 1085 977 Alexandrinorum
1108 939 1251 977 autem
1278 936 1545 990 potissimum
1579 936 1704 978 disci-

196 1003 313 1057 plina
350 1003 605 1058 pependisse
634 1005 816 1046 Ennium
845 1004 888 1044 in
920 1004 1096 1046 Homeri
1127 1007 1221 1045 arte
1251 1004 1579 1059 interpretanda
1610 1005 1705 1059 quis

197 1071 398 1114 dubitat?

313 1153 413 1194 Sed
445 1157 502 1194 ut
532 1157 682 1195 recte
719 1154 990 1208 pleneque
1028 1152 1308 1194 iudicetur
1346 1154 1488 1195 arsis
1521 1153 1582 1195 de
1613 1168 1704 1208 po-

197 1225 409 1262 testate
453 1222 504 1263 in
535 1236 693 1264 versu
721 1222 938 1273 Latino,
983 1222 1207 1275 primum
1251 1222 1478 1263 omniun]
1520 1222 1705 1263 hiatus

196 1290 446 1332 rationes
478 1291 725 1344 proximo
756 1291 900 1333 libro
933 1290 1223 1344 expeditas
1256 1291 1704 1344 comparabimus.

196 1359 384 1412 itaque
428 1373 540 1400 cum
584 1359 786 1414 duplex
830 1359 1065 1401 licentia
1105 1359 1217 1400 sive
1257 1359 1467 1400 hiantis
1513 1359 1705 1401 finalis

197 1441 288 1468 seu
332 1427 638 1481 productae
683 1428 899 1470 oriatur
943 1428 1009 1470 ab
1052 1428 1195 1478 arsi,
1244 1432 1497 1482 apparet
1541 1428 1703 1470 illam

197 1497 473 1539 duriorem
515 1497 980 1551 audacioremque
1022 1510 1140 1538 esse
1182 1497 1512 1551 posteriore.
1583 1511 1704 1538 nam

197 1565 438 1608 admissa
479 1566 761 1608 dihaeresi
794 1565 1004 1607 vocalis
1038 1566 1252 1607 omnino
1285 1565 1569 1607 eximenda
1601 1579 1704 1607 me-

198 1638 282 1675 tro
322 1639 579 1677 servatur
616 1635 936 1689 plerumque
974 1635 1146 1688 plena.
1210 1638 1264 1676 at
1298 1634 1341 1676 si
1375 1634 1706 1676 extendetur

198 1707 501 1758 correpta,
546 1718 653 1745 una
694 1706 919 1745 tantum
958 1717 1104 1745 mora
1145 1703 1392 1745 adicitur
1433 1703 1704 1758 syllabae,

197 1786 296 1813 non
335 1772 547 1826 quidem
590 1771 907 1814 sufficienti
953 1772 1016 1813 ad
1057 1772 1223 1813 ictum
1265 1773 1570 1823 metricum,
1612 1771 1703 1814 sed

195 1841 467 1895 integram
509 1855 706 1883 moram
748 1840 1005 1895 explenti.
1075 1840 1222 1882 unde
1269 1845 1323 1882 et
1364 1842 1549 1883 minus
1589 1841 1705 1883 fre-

198 1914 431 1964 quenter
460 1911 542 1952 usi
580 1910 767 1951 hiatus
802 1909 1016 1951 modulo
1055 1913 1251 1963 poetae
1284 1923 1439 1963 quam
1470 1910 1705 1964 produc-

197 1979 387 2030 tionis,
435 1983 485 2021 et
526 1979 854 2032 ubicumque
895 1978 991 2019 ille
1035 1977 1354 2020 admittitur
1393 1982 1532 2029 tuto,
1574 1979 1707 2021 haec

198 2048 415 2102 poterit
461 2047 746 2097 adhiberi,
795 2060 898 2088 non
944 2051 1128 2088 tamen
1174 2050 1231 2088 ut
1274 2047 1486 2089 inverti
1530 2047 1707 2089 liceat

198 2116 487 2158 rationem.
539 2129 708 2169 porro
739 2116 885 2157 sicut
915 2115 1070 2157 hiare
1104 2115 1320 2157 brevem
1351 2129 1522 2170 paene
1555 2119 1707 2157 caret

198 2184 449 2238 exemplo
482 2184 625 2238 apud
658 2185 950 2234 Romanos,
983 2184 1126 2225 haud
1159 2198 1289 2226 sane
1320 2185 1509 2238 potuit
1539 2185 1591 2225 in
1621 2198 1706 2225 vo-

199 2253 371 2294 calem
415 2254 608 2294 exiens
648 2252 850 2294 finalis
892 2253 1149 2306 perinde,
1199 2267 1355 2307 quam
1398 2267 1538 2306 quae
1580 2267 1706 2294 con-

199 2335 385 2363 sonam
432 2321 671 2363 haberet
718 2321 1001 2372 additam,
1053 2321 1283 2363 extendi
1339 2321 1420 2378 [cf.
1461 2322 1601 2362 Serv.
1644 2321 1707 2362 ad

198 2389 595 2446 aen.111,4ss4],
637 2390 869 2443 primum
914 2389 1057 2443 quod
1096 2390 1220 2443 plus
1264 2390 1488 2431 accedit
1527 2389 1706 2431 firmi-

199 2458 341 2500 tatis
383 2458 642 2513 syllabae
683 2458 1080 2512 producendae
1124 2458 1318 2500 eodem
1360 2458 1532 2500 verbo
1574 2472 1706 2500 con-

199 2527 425 2569 tinuata
469 2541 626 2581 quam
670 2540 858 2568 vocum
901 2526 1213 2568 intervallo
1256 2527 1538 2581 dirempta
1580 2541 1707 2568 con-

199 2610 362 2647 sona,
413 2595 624 2637 deinde
673 2595 817 2649 quod
863 2595 1057 2649 paullo
1108 2595 1332 2637 tardius
1382 2596 1708 2650 percipitur

200 2666 380 2706 animo
416 2664 656 2706 lectoris
694 2664 937 2705 admissa
975 2664 1226 2705 licentia.

314 2745 425 2786 Hinc
456 2744 571 2797 apud
603 2744 804 2785 classicos
835 2743 1048 2797 producta
1078 2745 1121 2784 in
1160 2744 1247 2785 arsi
1276 2743 1435 2785 vocalis
1466 2743 1608 2785 brevis
1639 2744 1707 2784 vix

199 2813 424 2853 invenitur.
491 2826 601 2865 quae
644 2811 872 2854 toleranda
913 2812 1084 2853 videtur
1130 2812 1171 2853 in
1221 2812 1415 2865 exemplo
1459 2812 1583 2854 Ennii
1630 2811 1705 2853 tali

200 2881 335 2943 3'1491:

477 2943 513 2972 et
538 2938 659 2972 densis
685 2937 815 2981 aquila
840 2937 960 2982 pinnis
986 2937 1121 2973 obnixa
1146 2937 1302 2972 volabat.
