1898 3292
753 233 1029 260 Pnonomffvm.
1590 225 1612 263 3
1622 225 1637 263 1

136 338 226 393 [XL
261 340 324 388 12,
358 337 422 391 2]:

272 406 359 439 dum
382 408 537 439 matrem
564 415 670 438 nemo
698 404 760 438 det
785 404 862 447 tibi,
890 414 996 438 nemo
1022 406 1175 447 patrem.

134 475 197 515 ita
218 474 478 516 Claudianus
499 474 541 514 in
575 473 722 514 eodem
755 487 881 514 versu
912 476 1024 514 ambo
1056 476 1098 514 et
1129 475 1329 526 correpta
1361 486 1381 513 ο
1413 473 1568 526 posuit,
1599 472 1642 513 id

136 542 251 596 quod
291 556 343 583 ex
390 542 576 583 elisionis
618 541 860 583 rationibus
902 541 957 582 ab
999 554 1048 582 eo
1089 540 1328 582 observatis
1361 544 1563 595 apparet,
1601 545 1644 582 et

134 607 347 665 producta
378 611 463 665 [26,
496 610 618 664 338]:

273 680 381 714 ambo
407 678 547 713 habiles
576 678 697 721 remis,
723 678 830 711 ambo
856 677 1025 721 glacialia
1051 678 1153 711 secti.

249 748 446 789 Ceterum
478 751 526 789 ut
556 748 599 788 in
631 747 741 789 viam
773 746 966 797 redeam,
1007 759 1090 786 non
1132 746 1346 786 immerito
1390 744 1642 786 dubitavere

136 815 250 858 docti
291 816 342 857 de
380 816 454 856 illo
495 819 598 856 m'lzz‘l
634 815 818 856 iambice
861 814 1002 868 posito
1044 814 1159 868 apud
1188 814 1408 864 Plautum,
1449 813 1642 867 adeoque

135 889 234 926 ante
257 898 432 925 auream
461 884 704 925 litterarum
728 883 977 924 Latinarum
1007 886 1193 923 aetatem
1226 882 1299 922 illa
1330 885 1442 930 nihil,
1477 885 1643 922 nihilum

133 966 367 1007 numquam
400 952 515 994 elata
549 952 630 993 nisi
668 965 745 1006 per
790 952 1152 1001 contractionem,
1197 964 1247 991 ac
1287 940 1410 1003 siqua
1451 949 1643 990 videren-

133 1025 205 1063 tur
243 1021 429 1072 diversa,
469 1034 520 1062 ea
557 1024 761 1074 corrupta
800 1020 867 1061 vel
897 1020 1159 1073 interpolata
1190 1020 1360 1073 saepius
1392 1018 1640 1071 significavi.

250 1091 340 1132 Iam
385 1089 437 1130 de
483 1088 624 1131 dubiis
670 1088 904 1130 Heroidum
950 1088 1050 1129 libri
1098 1087 1360 1129 carminibus
1411 1091 1459 1128 ut
1505 1087 1643 1128 denuo

135 1173 333 1213 agamus,
372 1157 492 1199 fuere
533 1157 606 1210 qui
637 1156 862 1198 crederent
892 1157 935 1197 in
968 1156 1096 1198 exilio
1129 1157 1184 1198 ab
1217 1156 1380 1207 Ovidio,
1414 1168 1498 1209 quo
1529 1155 1643 1196 vitae

134 1228 386 1269 Tomitanae
416 1225 563 1267 taedia
588 1225 773 1276 tolleret,
796 1224 1004 1278 quasdam
1029 1239 1080 1266 ex
1103 1226 1163 1266 eis
1186 1224 1457 1279 compositas,
1481 1223 1645 1265 scilicet

132 1298 176 1338 in
217 1295 372 1350 quibus
413 1294 707 1335 invenirentur
750 1294 940 1335 rationes
989 1294 1194 1334 metricae
1238 1307 1263 1334 a
1304 1292 1497 1334 distichis
1543 1295 1643 1333 ante

136 1365 309 1406 exilium
341 1363 513 1417 scriptis
546 1362 731 1413 alienae,
771 1362 846 1403 sed
884 1375 1098 1415 congruae
1137 1362 1239 1413 illis,
1281 1374 1391 1415 quae
1432 1360 1476 1401 in
1507 1360 1643 1401 Ponto

137 1432 396 1487 composuit,
438 1431 481 1471 in
528 1430 684 1484 quibus
729 1430 799 1471 hic
845 1429 932 1471 illic
976 1429 1139 1483 aliquid
1184 1430 1409 1471 remissum
1457 1442 1509 1469 ex
1550 1432 1643 1469 arte

134 1502 288 1555 prisca.
350 1499 426 1541 sed
455 1499 566 1540 hanc
598 1499 839 1553 opinionem
871 1499 1030 1553 optime
1063 1498 1301 1540 confutavit
1331 1497 1642 1539 Lachmannus.

136 1584 247 1624 quae
293 1568 348 1610 ab
396 1568 509 1609 omni
555 1567 809 1609 abhorrebit
852 1567 936 1609 fide
980 1567 1308 1621 reputantibus,
1356 1579 1484 1620 quam
1526 1565 1642 1607 tristi

135 1650 350 1693 quamque
382 1635 551 1678 abiecto
581 1639 624 1677 et
654 1649 680 1677 a
710 1636 807 1677 lusu
845 1637 959 1677 omni
988 1635 1128 1677 alieno
1159 1638 1251 1676 tum
1274 1635 1478 1689 temporis
1502 1634 1642 1675 animo

135 1707 266 1748 fuerit
312 1708 454 1760 poeta.
524 1704 597 1758 qui
645 1717 741 1746 cum
783 1705 957 1746 insitum
1012 1704 1249 1745 carminum
1295 1703 1481 1744 studium
1528 1703 1644 1744 nullo

133 1778 262 1829 pacto
290 1776 437 1828 posset
466 1786 641 1824 exuere,
680 1771 735 1814 ad
773 1772 972 1814 scabrum
1008 1773 1152 1827 potius
1186 1776 1228 1814 et
1261 1771 1485 1814 rancidum
1517 1785 1644 1825 argu-

135 1846 324 1885 mentum
354 1841 628 1883 Halieuticon
659 1854 704 1883 se
736 1841 928 1882 contulit.
989 1840 1100 1882 adde
1132 1840 1247 1894 quod
1288 1854 1340 1881 ne
1383 1840 1515 1882 semel
1552 1840 1644 1894 qui-

137 1911 233 1953 dem
272 1911 316 1951 in
358 1909 481 1951 libris
521 1913 620 1963 post
665 1909 838 1950 exilium
870 1909 996 1951 editis
1028 1909 1322 1963 Epistularum
1360 1908 1414 1950 ab
1447 1922 1496 1950 eo
1527 1921 1643 1950 men-

137 1980 295 2021 tionem
326 1978 527 2020 iniectam
560 1977 784 2019 adnotavit
814 1977 1126 2019 Lachmannus.

249 2047 402 2100 Itaque
447 2046 507 2088 eis
549 2047 693 2100 potius
731 2046 968 2097 adsentior,
1021 2046 1094 2099 qui
1133 2045 1286 2087 ultima
1323 2045 1380 2087 VI
1423 2044 1643 2099 opuscula,

135 2119 185 2158 ut
218 2114 272 2157 ab
305 2114 445 2157 Ovidii
476 2114 717 2156 rationibus
749 2128 800 2156 ex
824 2115 1027 2156 Amorum
1056 2114 1108 2165 II,
1133 2118 1184 2156 18
1216 2113 1456 2168 perspicuis
1489 2113 1642 2165 aliena,

134 2184 260 2226 huius
294 2197 385 2225 esse
421 2186 598 2237 negant,
631 2183 706 2224 sed
736 2187 784 2224 ut
815 2183 940 2224 unius
972 2183 1145 2224 credam
1177 2183 1377 2224 auctoris.
1440 2181 1641 2236 Sapphus

135 2251 365 2306 epistulam
405 2251 504 2293 olim
547 2251 591 2291 in
633 2251 779 2292 codice
818 2251 1005 2304 quodam
1038 2251 1177 2292 Ovidii
1210 2251 1447 2292 carminum
1479 2253 1642 2291 amato-

135 2321 295 2361 riorum
328 2323 371 2361 et
401 2319 574 2373 quidem
609 2333 658 2360 eo
687 2319 802 2370 loco,
843 2319 916 2360 ubi
948 2333 1061 2360 nunc
1090 2319 1266 2373 legitur,
1296 2318 1481 2372 positam
1513 2331 1644 2371 supra

135 2389 379 2429 memoravi.
427 2391 470 2429 et
491 2391 555 2429 est
575 2387 691 2429 haud
714 2387 843 2429 dubie
866 2387 1055 2429 eiusdem
1078 2387 1285 2441 temporis
1307 2390 1437 2440 atque
1459 2390 1641 2427 ceterae..

135 2455 253 2497 nulla
293 2456 452 2510 quippe
493 2459 668 2497 causast
708 2469 784 2497 cur
816 2455 1046 2497 Erichthus
1078 2455 1336 2497 mentionem
1371 2455 1424 2509 [v.
1461 2454 1559 2508 139]
1591 2467 1643 2494 ex

136 2524 298 2565 Lucani
328 2524 473 2578 potius
503 2523 626 2565 libris
658 2524 747 2578 [VL
772 2528 852 2566 508
880 2524 952 2579 al.]
983 2537 1112 2578 quam
1142 2523 1209 2566 vel
1240 2537 1265 2564 a
1295 2523 1482 2573 Lucano,
1515 2536 1641 2576 quem

136 2595 179 2633 et
221 2591 328 2633 alias
360 2591 500 2633 Ovidii
540 2595 889 2646 sectatorumque
930 2593 1019 2633 eius
1059 2592 1177 2633 haud
1216 2591 1478 2633 incuriosum
1509 2590 1641 2631 fuisse

137 2663 317 2711 constat,
347 2673 399 2701 ex
431 2661 637 2714 opusculo
669 2660 743 2701 illo
780 2660 846 2702 vel
891 2674 916 2701 a
948 2663 1079 2714 poeta
1110 2663 1293 2713 utroque
1326 2673 1377 2701 ex
1409 2658 1493 2700 alio
1524 2658 1641 2698 fonte

135 2727 308 2768 ductam
348 2731 565 2781 putemus,
614 2741 710 2769 oum
753 2728 1009 2782 praesertim
1051 2728 1095 2769 in
1125 2727 1352 2769 Pharsalia
1390 2740 1474 2767 non
1511 2726 1642 2767 Furia

136 2795 346 2848 quaedam
382 2795 437 2837 sit
463 2795 684 2846 Erichtho,
716 2796 791 2837 sed
822 2810 960 2850 maga.

250 2862 332 2904 Sed
364 2864 576 2916 integrum
608 2876 660 2904 ne
693 2863 857 2904 feratur
888 2864 941 2905 de
972 2863 1172 2917 Sapphus
1204 2862 1391 2905 carmine
1422 2861 1640 2913 iudicium,

137 2931 331 2972 codicum
354 2930 563 2972 bonorum
585 2931 820 2984 impeditur
851 2933 1043 2985 penuria.
1098 2932 1246 2984 itaque
1273 2931 1334 2971 sic
1356 2934 1512 2981 statuo,
1535 2930 1641 2971 nihil
