1898 3292
775 175 1013 203 OPVSGVLVM
1033 176 1055 200 1.
1588 163 1663 201 541

278 280 509 320 Praeterea
555 283 672 320 certo
719 281 887 320 constat
932 276 1046 331 apud
1073 275 1152 316 hos
1183 273 1360 328 perinde
1393 277 1521 326 atque
1554 273 1669 326 apud

164 348 348 390 comicos
380 347 597 397 creticum,
640 348 712 401 qui
743 347 936 400 sequitur
967 343 1353 399 penthemimerim,
1395 341 1561 394 impleri
1594 341 1670 381 ali-

163 416 334 469 quando
377 415 441 456 vel
483 415 707 456 molossico
739 414 946 455 vocabulo
986 412 1052 453 vel
1093 409 1382 452 choriambico
1425 410 1511 450 sive
1542 410 1668 461 longa

163 484 329 538 syllaba
369 485 498 536 (quae
541 487 582 524 et
623 483 727 525 solvi
758 483 919 537 potest)
963 495 1058 522 cum
1100 478 1345 532 spondiaco,
1404 478 1589 518 Lucilius
1628 477 1669 517 in

163 552 304 593 XXIX
338 552 451 607 [20]:

370 631 544 665 Chremes
570 632 605 665 in
631 631 802 673 medium,
830 631 865 663 in
892 638 1069 663 smmnaum
1097 627 1190 660 eirat
1217 625 1478 659 Demaenetus.

163 710 237 752 ubi
269 715 374 751 eir-ac
403 711 589 764 positum
621 724 699 764 pro
732 714 848 751 [erat.
914 710 1047 750 Varro
1079 708 1121 747 in
1154 706 1409 747 Prometheo
1438 706 1522 759 [511

368 790 456 823 levis
482 801 584 823 mens
612 801 809 833 numquam
837 797 1059 822 sommarium
1085 787 1272 829 imagines.

163 859 275 899 idem
306 859 348 898 in
381 858 605 911 Agathone
638 858 722 912 [6]:

369 948 488 981 neque
513 949 601 971 auro
631 941 691 971 aut
717 948 850 981 genere
877 940 939 969 aut
967 935 1161 978 nmltiplici
1186 934 1348 967 scientia.
1386 976 1389 977 ⁷

164 1013 263 1054 item
298 1012 399 1053 alibi
429 1012 554 1067 [Non.
589 1016 682 1063 399,
717 1015 791 1064 343
824 1015 918 1061 263,
958 1013 1026 1062 123
1059 1013 1123 1058 27,
1157 1009 1251 1062 21]:

370 1093 602 1136 antiquorum
629 1092 817 1125 hominum
842 1089 1031 1123 subducti-s·
1057 1088 1267 1132 super-cilis:

370 1149 617 1184 semustilatus
641 1149 823 1192 inrumpit
848 1159 884 1181 se
911 1148 946 1180 in
973 1146 1130 1188 curiamg

373 1233 380 1240 .
407 1233 413 1240 .
438 1218 517 1241 mea
541 1207 654 1250 igitur
680 1204 882 1239 hecatombe
909 1216 1001 1248 pura
1025 1214 1065 1236 ac
1092 1205 1190 1246 puta.

168 1285 298 1335 atque
318 1281 430 1322 idem
451 1280 500 1320 fit
530 1280 573 1320 in
605 1280 826 1320 octonario
849 1282 946 1332 post
973 1290 1207 1318 caesuram.
1270 1275 1408 1315 Varro
1440 1275 1480 1314 in
1514 1278 1674 1323 satura,

167 1364 277 1404 quae
307 1348 557 1390 inscribitur
594 1346 752 1403 Ἄμμον
781 1353 950 1402 μετρεῖς
983 1346 1071 1399 [l]:

372 1439 438 1462 nos
465 1428 621 1470 barbari,
648 1426 746 1471 quod
774 1427 990 1460 innocentes
1014 1426 1052 1458 iu
1078 1424 1250 1468 {sabulum
1279 1422 1505 1467 suffigimus?

168 1503 242 1546 ubi
284 1503 428 1544 nescio
470 1516 524 1544 an
566 1502 622 1543 sit
651 1502 787 1555 magis
830 1500 1083 1542 conveniens
1125 1498 1325 1552 scriptori
1368 1501 1455 1538 tani
1498 1498 1675 1551 antiquo

166 1572 273 1613 illud
304 1575 343 1612 in
370 1573 529 1623 yabaZo.

283 1646 443 1687 Contra
483 1645 568 1686 iam
610 1643 841 1685 arcendum
888 1647 1089 1696 putamus
1130 1655 1155 1682 a
1196 1640 1403 1690 secundo,
1454 1639 1608 1681 nedum
1651 1654 1677 1681 a

168 1714 297 1756 tertio
329 1715 437 1768 pede
469 1712 679 1754 vocabula
708 1712 751 1752 in
783 1711 1017 1765 spondeum
1050 1709 1117 1750 vel
1149 1712 1430 1762 anapaestum
1465 1709 1676 1749 exeuntia.

169 1788 300 1836 atque
329 1783 372 1823 in
402 1785 526 1822 tanta
556 1781 763 1822 librorum
798 1779 1072 1832 corruptione
1104 1778 1327 1830 utriusque
1359 1777 1447 1818 vitii
1482 1776 1678 1830 exempla

171 1854 405 1906 suppetunt
434 1863 665 1904 perpauca,
698 1848 828 1889 veluti
861 1847 976 1901 apud
1009 1847 1190 1887 Ennium
1222 1846 1246 1886 l.
1280 1846 1296 1886 I
1329 1845 1392 1900 [4]
1424 1846 1600 1898 legitur:

377 1930 471 1963 malo
496 1929 620 1963 hercle
646 1938 711 1962 suo
739 1938 870 1971 ›na-qno
896 1927 1065 1961 convivat
1090 1927 1167 1959 sine
1193 1925 1323 1968 modog

172 2011 246 2052 ubi
291 2015 408 2052 recte
450 2008 631 2050 Bothius
674 2022 819 2060 φηαρηο
860 2022 943 2048 suo.
1015 2019 1153 2059 neque
1191 2006 1233 2046 in
1287 2005 1340 2046 Vl
1387 2008 1529 2058 potest
1578 2004 1680 2045 ferri

171 2079 328 2121 senarii
358 2079 526 2120 initium
556 2077 663 2118 tale:
694 2081 847 2125 alacer,
879 2079 1024 2123 celsam,
1057 2078 1206 2125 lupino.
1264 2086 1342 2114 nec
1375 2074 1511 2125 magis
1533 2073 1676 2125 placet

171 2148 438 2189 Lucilianum
469 2145 575 2187 illud
606 2145 630 2186 l.
663 2145 805 2186 XXIX
837 2145 952 2199 [14]:

376 2226 584 2269 habeasque
610 2225 733 2258 (mimo
759 2224 847 2257 mihi
873 2222 1070 2257 admodum
1096 2233 1241 2256 causam
1269 2232 1438 2266 gravem:

172 2296 247 2337 ubi
277 2295 496 2336 lenissima
524 2293 763 2334 mutatione
791 2292 1038 2333 restitutum
1071 2291 1193 2332 olim:

378 2374 512 2408 habeas
540 2384 684 2417 quoque
711 2372 831 2405 animo
857 2371 905 2404 mi
931 2371 1127 2404 admodum
1154 2380 1300 2403 causam
1327 2380 1484 2413 gravem.

174 2457 363 2496 attamen
395 2452 656 2494 servavimus
686 2450 801 2504 quod
831 2450 988 2504 legitur
1016 2450 1042 2490 l.
1076 2449 1256 2490 XXVIII
1286 2447 1373 2503 [3]:

379 2532 491 2566 habes
517 2542 662 2565 omnem
688 2541 775 2563 rem.
825 2529 937 2563 timeo
965 2540 1008 2563 ne
1037 2540 1188 2563 accuser
1216 2554 1221 2561 .
1248 2555 1254 2561 .

175 2602 333 2656 quippe
366 2600 576 2642 formulae
607 2600 744 2640 instar
786 2602 829 2638 et
868 2598 993 2639 unius
1034 2596 1154 2638 verbi
1196 2595 1364 2637 videtur
1404 2595 1536 2636 fuisse
1577 2594 1682 2636 illud

176 2684 327 2711 omnem
368 2683 463 2710 rem..
526 2667 637 2708 unde
669 2667 796 2720 plane
827 2666 962 2707 isdem
996 2665 1184 2707 numeris
1211 2664 1333 2705 initio
1364 2664 1548 2704 trimetri
1580 2678 1682 2704 usus

177 2741 242 2778 est
271 2737 496 2778 Terentius
532 2735 687 2791 [hecyr.
721 2735 758 2786 Ι,
789 2738 826 2785 2,
862 2734 981 2790 119]:
1014 2738 1137 2776 habes
1169 2747 1317 2774 omnem
1350 2746 1445 2773 rem.
1509 2731 1683 2785 pessimi

177 2810 321 2846 autem
348 2819 509 2855 versus,
542 2817 648 2857 quos
679 2803 862 2844 Varroni
893 2803 1046 2844 tribuit
1078 2803 1246 2843 Iunium
1279 2805 1451 2841 secutus
1473 2800 1682 2840 Oehlerus

176 2873 348 2929 [Agath.
383 2873 447 2927 7]:
