1898 3292
779 254 898 281 LIBER
916 254 1073 280 PRIMVS.
1627 244 1672 282 6]

172 359 362 402 buuntur
393 358 518 412 vulgo
552 358 612 399 sic
632 358 875 412 perscripta
906 372 935 398 s.
960 372 994 398 v.
1028 354 1280 410 ‘cupiditas’
1328 357 1442 411 [436‚
1466 357 1537 411 31]
1569 360 1680 408 cupi-

175 432 280 470 ditas
312 442 364 469 ex
398 430 556 469 homine
594 430 741 478 cupido
786 440 837 467 eo:
880 430 999 467 stallo
1040 439 1254 476 numquam
1295 428 1466 473 ῖοῖῖῖίῑιν,
1508 428 1550 466 et
1587 425 1681 478 ipsa

173 496 282 538 falso
314 496 510 550 insigniri
541 509 718 537 numero
752 498 988 546 cupiditatis
1026 494 1183 535 iniecto
1214 493 1424 535 vocabulo
1459 494 1680 535 evincitur.

173 579 320 607 verum
342 565 394 606 de
415 565 481 606 his
502 565 670 619 plenius
702 567 845 605 actum
873 564 916 604 in
938 562 1260 605 recensionibus
1281 562 1433 603 Lucilii
1456 561 1681 615 Noniique.

173 634 247 676 ubi
280 634 449 676 etiamsi
478 632 828 688 improbavimus,
867 632 981 686 quod
1013 632 1113 673 olim
1142 632 1462 673 conieceramus
1494 631 1683 673 scriben-

173 703 274 745 dum
304 704 346 745 in
380 703 566 745 editione
596 702 739 756 priore
760 701 860 743 libri
881 701 1007 742 huius
1038 700 1226 742 nondum
1257 700 1428 755 penitus
1455 703 1683 754 perspecta

173 772 371 814 socordia
401 771 548 813 Nonii:

935 827 1062 871 quovis
1089 826 1272 872 cupiditas

311 898 356 921 ex
384 887 531 920 homine
557 885 763 930 aliquando,
794 885 928 930 cupido
955 896 1000 919 ex
1025 884 1136 918 stulto
1163 896 1361 928 numquam
1387 884 1539 927 tollitur,

172 959 316 997 tamen
360 956 426 997 usi
466 955 689 996 occasione
735 954 872 995 simile
921 954 976 1005 ei,
1024 953 1138 1007 quod
1185 957 1276 995 tum
1317 944 1432 1007 apud
1474 952 1684 994 Lucilium

175 1025 451 1079 deprendisse
483 1024 607 1065 nobis
640 1023 893 1065 videbamur
933 1023 1100 1073 vitium,
1143 1022 1343 1064 tollemus
1387 1035 1437 1063 ex
1477 1022 1686 1063 trimetris

176 1094 455 1148 quibusdam,
497 1107 604 1148 quos
646 1092 761 1146 apud
803 1092 1045 1133 Charisium
1088 1105 1156 1146 pg.
1188 1095 1271 1133 250
1312 1092 1478 1146 positos
1522 1091 1687 1144 primus

174 1163 338 1205 detexit
368 1163 596 1217 Hauptius.
649 1161 710 1203 ibi
742 1161 852 1203 enim
876 1161 954 1202 sub
978 1160 1213 1214 zeugmatis
1236 1160 1430 1214 exemplo
1455 1174 1550 1201 cum
1578 1159 1686 1200 haec

174 1231 390 1274 ferantur:
420 1235 524 1273 nihil
550 1234 750 1272 hominum
782 1238 819 1271 te
840 1235 1052 1281 fortunae,
1085 1233 1188 1270 nihil
1207 1233 1517 1270 comme'seresce'l
1547 1232 1686 1269 meae?

169 1306 281 1353 single
324 1305 520 1342 advenam
562 1313 667 1349 esse,
710 1302 813 1340 nihil
846 1302 1035 1350 fraterni
1067 1302 1238 1339 nominis
1269 1302 1457 1339 sollemne
1489 1301 1686 1340 auxilium

175 1376 213 1411 et
243 1383 385 1411 nomen
413 1372 579 1420 metatis
610 1372 763 1409 movet?
823 1381 907 1408 non
938 1370 1072 1418 recte,
1106 1367 1275 1421 opinor,
1308 1367 1416 1417 eius,
1449 1367 1522 1420 qui
1554 1365 1687 1408 verba

175 1438 297 1490 facit,
341 1437 515 1479 fortuna
554 1437 753 1478 fortunae
784 1436 1004 1477 hominum
1037 1436 1287 1490 opponitur,
1329 1435 1453 1489 quasi
1483 1449 1562 1476 nec
1592 1436 1684 1489 ipse

175 1508 231 1549 sit
270 1507 408 1549 homo.
479 1507 627 1559 itaque
670 1504 943 1547 scribendum
985 1505 1183 1546 existimo
1224 1508 1416 1553 omnium,
1458 1518 1558 1545 mox
1595 1511 1685 1551 sele,

176 1579 367 1618 ceterum
389 1575 568 1629 Hauptii
592 1574 843 1617 commentis
865 1574 1084 1625 utendum,
1116 1578 1164 1615 ut
1195 1574 1255 1615 sic
1277 1574 1363 1615 sint
1385 1572 1687 1615 constituenda

175 1645 338 1686 omnia:

909 1700 959 1733 nil
986 1700 1148 1734 omnium

451 1760 527 1793 tete
552 1758 732 1801 fortunae,
759 1757 808 1792 nil
834 1757 1126 1792 commiserescit
1150 1756 1279 1791 meae?

448 1814 546 1861 finge
572 1815 748 1850 advenam
774 1826 862 1858 esse,
890 1815 940 1848 nil
966 1815 1118 1849 fraterni
1144 1815 1301 1849 nominis

450 1874 625 1908 sollemne
651 1873 826 1907 auxilium
854 1875 890 1907 et
916 1884 1050 1906 numen
1072 1872 1222 1917 pietatis
1246 1872 1395 1906 movet?

291 1943 376 1985 Sed
421 1943 536 1997 quod
577 1942 878 1984 Lachmannus
923 1942 966 1982 in
1011 1941 1134 1983 libris
1176 1940 1329 1982 Lucilii
1375 1954 1400 1981 a
1445 1939 1586 1982 XXVI
1632 1939 1687 1981 ad

176 2011 319 2054 XXIX
351 2011 550 2054 subtilius
583 2011 778 2053 distinxit
808 2010 974 2052 iambos
1006 2024 1056 2052 ac
1085 2009 1326 2061 trochaeos,
1357 2009 1402 2050 id
1434 2023 1459 2050 a
1489 2008 1613 2050 nobis
1644 2009 1687 2049 in

177 2081 363 2122 editione
405 2080 468 2121 ita
511 2083 861 2134 temperatumst,
902 2082 950 2121 ut
992 2078 1133 2121 XXVI
1174 2082 1216 2120 et
1256 2078 1416 2120 XXVII
1453 2077 1554 2119 solis
1588 2090 1686 2118 con-

177 2149 373 2191 cederem
412 2147 648 2200 trochaeis,
692 2151 842 2190 contra
882 2148 926 2189 in
969 2147 1248 2202 sequentibus
1289 2146 1457 2189 duobus
1498 2159 1581 2189 non
1610 2145 1686 2187 tri-

176 2218 325 2260 metris
355 2217 481 2260 modo
519 2218 716 2260 iambicis
759 2221 802 2259 et
840 2217 1105 2259 tetrametris
1147 2216 1398 2268 trochaicis,
1441 2215 1516 2257 sed
1557 2215 1686 2257 etiam

175 2286 438 2329 hexametris
477 2286 700 2342 dactylicis
744 2286 892 2328 darem
931 2286 1086 2328 locum.
1146 2299 1332 2339 namque
1369 2284 1481 2326 hanc
1517 2283 1687 2325 videtur

177 2356 366 2398 Lucilius
395 2356 584 2398 tenuisse
614 2356 739 2407 viam,
771 2358 820 2397 ut
848 2355 1035 2410 primum
1062 2354 1337 2409 Protreptica
1367 2356 1540 2395 secutus
1561 2351 1688 2393 Ennii

178 2438 273 2466 cum
306 2424 565 2479 Epicharmo
596 2437 745 2466 versus
783 2423 1012 2466 adhiberet
1054 2423 1308 2477 quadratos,
1348 2426 1441 2464 tum
1482 2421 1687 2472 senarios,

176 2497 394 2547 postremo
425 2493 621 2535 heroicos
652 2506 866 2535 numeros.
928 2506 1034 2546 quos
1073 2491 1246 2546 quidem
1276 2491 1398 2533 libris
1429 2489 1613 2532 XXVIII
1645 2491 1687 2529 et

177 2560 321 2603 XXIX
352 2561 611 2615 aliquotiens
644 2575 738 2603 cum
770 2564 1042 2615 usurpasset,
1073 2574 1172 2602 mox
1202 2557 1325 2601 XXX
1356 2559 1530 2601 admisit
1560 2557 1685 2598 solos.

178 2631 310 2684 atque
359 2630 647 2672 invalescente
692 2631 829 2684 magis
878 2630 1102 2684 magisque
1148 2629 1408 2670 auctoritate
1457 2624 1685 2668 Annalium

178 2698 303 2739 Ennii
331 2699 457 2753 (quos
487 2701 680 2752 tempore
701 2699 786 2740 -illo
819 2699 866 2750 Q.
888 2698 1178 2752 Vargunteius
1208 2697 1253 2738 in
1282 2710 1439 2750 magna
1467 2694 1685 2736 hominum

177 2765 422 2820 frequentia
442 2765 769 2821 pronuntiabat)
799 2768 886 2809 iam
907 2767 1031 2808 unice
1052 2765 1253 2821 probavit
1274 2779 1421 2807 versus
1439 2763 1685 2819 dactylicos,

177 2835 259 2877 hoc
290 2839 355 2877 est
380 2835 655 2877 hexametros
688 2839 731 2877 et
758 2836 1065 2890 pentametros.

294 2903 423 2946 Vides
453 2904 585 2957 igitur
616 2904 655 2945 ei
689 2907 829 2946 metra
859 2903 1074 2958 placuisse
1107 2903 1274 2952 eadem,
1312 2914 1422 2955 quae
1453 2901 1495 2942 in
1518 2901 1686 2942 Saturis

179 2972 298 3014 fuere
330 2972 553 3024 Ennianis,
595 2976 769 3027 praeter
809 2986 937 3026 quam
969 2972 1083 3026 quod
1116 2985 1141 3013 a·
1172 2970 1361 3013 sotadeis
1392 2969 1550 3012 iudicio
1582 2983 1684 3011 usus
