1898 3292
820 201 939 226 LIBER
957 198 1112 226 PRmvs.
1641 191 1656 229 l
1667 188 1689 229 2
1698 190 1719 228 7

328 304 418 345 Iam
458 304 751 358 dignissimum
793 304 1020 350 memoria,
1064 316 1173 356 quae
1209 302 1483 356 reperiantur
1522 316 1718 344 versuum

215 387 384 427 genera,
416 387 554 427 paene
585 373 726 413 omnia
749 371 803 413 ab
827 372 1010 413 Horatio
1042 386 1134 413 esse
1166 375 1349 425 sumpta,
1382 372 1468 412 sive
1501 372 1613 425 pleni
1646 385 1721 412 seu

213 441 337 482 divisi
368 441 458 482 eius
490 445 537 481 ut
569 440 879 482 adhiberentur
910 440 1089 481 numeri.
1151 453 1262 493 quae
1296 443 1524 492 praeterea
1557 442 1717 484 extant,

210 510 345 563 ipsius
377 510 563 551 Senecae
606 510 649 550 in
688 509 838 550 alienis
880 509 1154 550 inveniuntur
1193 509 1382 549 canticis.
1445 508 1519 549 sed
1549 507 1719 548 illorum

210 578 253 618 in
295 591 472 619 numero
518 578 704 631 plurima
753 592 951 619 versuum
996 576 1189 631 sapphici
1228 580 1270 618 et
1312 576 1463 617 alcaici
1508 576 1720 617 hendeca-

212 646 485 701 syllaborum,
518 660 646 700 porro
669 646 929 700 asclepiadei
951 646 1126 686 minoris
1149 649 1347 686 constant
1368 645 1576 699 partibus7
1610 658 1720 698 quae

211 716 467 769 proveniunt
500 729 691 757 caesura.
754 729 936 769 quarum
966 715 1183 768 legitimae
1215 714 1378 768 species
1415 718 1513 754 sunt
1544 713 1647 754 hae:

759 805 911 841 floribus
936 807 1067 841 vernis.

760 863 934 898 cohibere
959 864 1078 898 mitra.

759 932 905 955 sensere
931 924 1061 956 terrae.

758 977 894 1012 Lesbia
923 991 1007 1013 cum
1032 979 1170 1024 thymo.

758 1036 830 1070 huc
857 1036 1005 1071 adverte
1034 1036 1168 1071 favens.

209 1111 291 1153 hae
335 1115 479 1153 tamen
519 1111 683 1153 formae
721 1112 931 1165 quasdam
959 1111 1275 1153 vicissitudines
1308 1111 1489 1152 subiere.
1552 1125 1602 1152 ac
1631 1111 1719 1165 pri—

212 1195 326 1222 mum
361 1180 532 1234 quidem
566 1181 716 1233 evenit,
750 1184 798 1222 ut
819 1181 1012 1235 sapphici
1037 1181 1117 1222 coli
1140 1180 1353 1235 spondeus
1377 1179 1547 1234 dactylo
1579 1183 1719 1221 muta-

209 1253 341 1300 retur,
373 1249 489 1291 velut
519 1250 600 1291 ita:

758 1311 795 1342 te
822 1310 933 1352 caput
961 1306 1081 1352 Tyria.

760 1364 912 1399 tradidit
936 1364 1115 1399 thalamis.

209 1447 438 1498 praeterea
468 1444 562 1495 fuit,
593 1444 668 1487 ubi
698 1459 900 1487 numerus
930 1446 1011 1487 iste
1042 1446 1211 1486 inverso
1241 1444 1389 1486 ordine
1422 1443 1719 1494 collocaretur,

209 1513 271 1554 ita
301 1517 349 1554 ut
379 1513 660 1567 praecederet
691 1514 904 1568 spondeus
935 1518 1189 1568 sequeretur
1221 1514 1404 1555 creticus
1435 1513 1515 1553 sic:

668 1606 776 1639 quam
801 1606 874 1629 non
898 1594 1061 1629 flexerat.

667 1663 741 1686 non
765 1653 882 1687 tristis
907 1652 1018 1686 videt.

210 1722 255 1760 at
282 1720 324 1760 in
357 1719 509 1761 alcaici
541 1720 684 1774 priore
706 1725 830 1775 parte
852 1721 1022 1763 videtur
1043 1733 1362 1773 nonnumquam
1387 1719 1577 1760 admissa
1597 1719 1720 1759 initio

209 1787 350 1830 brevis
379 1789 556 1844 syllaba.
596 1797 801 1843 *namque
833 1789 1057 1832 observavi
1090 1790 1285 1844 exempla
1314 1789 1444 1830 haec:

665 1870 904 1915 inauspicata.

668 1939 735 1963 nec
760 1928 974 1973 inpotentis.

209 2009 339 2050 porro
363 1996 623 2050 asclepiadei
646 2011 794 2039 versus
815 1997 1055 2038 membrum
1086 1996 1192 2038 illud
1231 1994 1329 2037 ‘huc
1351 1998 1519 2036 adverte
1542 1992 1714 2047 favens’

211 2064 351 2105 soluto
388 2065 577 2119 spondeo
618 2069 693 2107 aut
733 2066 904 2121 dactylo
945 2069 1096 2107 coacto
1136 2065 1216 2106 has
1259 2064 1518 2118 aliquotiens
1557 2064 1720 2117 recepit

210 2132 370 2175 formas
383 2148 391 2175 ι

669 2192 842 2238 effugium
869 2195 906 2227 et
929 2192 1093 2227 miseros.

667 2253 708 2284 ut
731 2251 891 2295 primum
916 2250 1050 2295 magni.

667 2307 794 2342 fraude
820 2320 885 2342 sua
909 2308 1019 2352 capti.

211 2378 252 2415 et
268 2374 334 2415 his
354 2374 527 2428 quidem
544 2390 819 2419 numerorum
842 2376 1083 2418 rationibus
1104 2375 1230 2429 longe
1252 2374 1425 2429 plurimi
1448 2374 1720 2414 continentur

211 2456 369 2485 versus.
433 2448 533 2486 sunt
566 2448 608 2485 et
639 2444 749 2487 aliae
784 2445 1008 2499 quaedam,
1049 2444 1124 2486 sed
1158 2457 1294 2496 aeque
1321 2443 1422 2483 illae
1453 2457 1478 2483 a
1513 2442 1720 2495 sapphico

209 2516 346 2553 metro
376 2514 647 2567 repetendae.
709 2514 829 2556 cuius
859 2514 998 2568 primo
1030 2513 1199 2555 abiecto
1231 2512 1436 2553 trochaeo
1468 2510 1603 2551 habes
1634 2510 1719 2550 vel-

208 2585 257 2623 ut
286 2581 393 2623 talia
406 2596 414 2622 z

668 2638 1024 2674 Thermodontiacae
1052 2643 1231 2674 catervae.

671 2697 731 2740 qui
756 2697 878 2731 vultus
903 2697 1130 2732 Acherontis
1155 2696 1236 2730 atri.

211 2775 366 2830 quibus
399 2775 568 2819 accedit
596 2774 667 2817 hic
698 2790 868 2819 versus:

666 2856 822 2891 vidimus
847 2857 1017 2891 simulata
1041 2856 1137 2890 dona

211 2927 298 2967 sive
330 2926 485 2967 omisso
518 2939 665 2967 versus
697 2926 892 2979 sapphici
924 2925 1064 2966 medio
1109 2923 1298 2979 spondeo
1339 2924 1426 2964 sive
1467 2924 1560 2964 iure
1603 2921 1719 2963 basis
