1898 3292
234 236 318 276 400
833 242 952 268 LIBER
973 235 1150 274 QVINTVS.

233 348 333 388 huic
371 346 557 400 proferri
602 346 712 387 male
756 347 1004 399 perceptam
1037 345 1320 386 vetustiorum
1363 344 1742 397 grammaticorum

235 416 498 463 doctrinam,
546 414 618 467 qui
666 414 884 455 contraria
930 414 1009 467 ipsi
1051 413 1344 454 tradidissent.
1416 412 1600 466 denique
1644 416 1746 453 nihil

234 483 449 538 producta
496 482 735 536 posteriore
785 497 895 523 unus
944 482 1057 523 inter
1110 481 1344 535 dactylicos
1389 481 1522 522 ternis
1571 480 1741 534 quidem

235 552 440 606 exemplis
482 551 590 592 dixit
630 550 805 592 Ovidius
851 549 964 606 [met.
998 550 1092 600 VII,
1125 553 1229 601 6443
1262 550 1370 591 trist.
1404 549 1451 600 V,
1487 552 1550 599 14,
1582 552 1659 600 413
1692 562 1743 589 ex

235 621 354 662 Pont.
377 620 450 672 III,
477 623 511 671 1,
544 618 653 675 113}
716 618 895 660 eandem
926 619 1138 660 rationem
1169 631 1396 660 mensurae
1428 618 1502 671 qui
1532 617 1744 659 servarint

233 690 276 730 in
316 689 400 730 illis
441 691 574 737 nihili,
608 691 797 736 nihilum,
830 691 973 732 nihilo,
1018 701 1101 728 non
1133 687 1318 737 invenio,
1360 701 1455 727 cum
1486 686 1602 728 haud
1643 699 1743 727 raro

234 757 384 799 eadem
414 760 631 811 ponantur
670 756 867 797 breviata
907 760 1056 809 aperte
1097 755 1286 797 secunda
1332 754 1437 811 [Cat.
1470 758 1536 806 28,
1572 759 1644 807 123
1678 758 1743 805 (31,

238 829 336 877 1933
375 826 469 867 Ter.
503 825 638 866 Maur.
672 828 775 875 2093
811 826 966 866 Auson.
998 824 1111 879 idyll.
1141 828 1176 875 3,
1216 828 1284 876 123
1321 827 1384 874 12,
1419 825 1500 879 16].
1562 824 1744 878 denique

233 894 349 948 quod
380 893 499 935 Beda
544 892 686 949 [2359]
729 893 885 934 asserit
917 908 966 934 (m-
996 893 1150 935 tertiae
1192 892 1490 934 declinationis
1529 906 1607 946 per
1643 906 1744 947 apo·

234 977 369 1018 copen
406 966 548 1004 ortum
589 961 788 1016 produci,
829 962 999 1016 egregie
1043 961 1220 1003 fallitur.
1281 975 1380 1003 nam
1412 965 1455 1003 et
1483 962 1744 1003 auctoritate

234 1036 458 1085 poetarum
491 1035 533 1073 et
565 1030 946 1084 grammaticorum
971 1030 1182 1072 refellitur
1205 1031 1462 1072 testimoniis
1497 1029 1564 1086 [cf.
1588 1044 1646 1083 gr.
1670 1029 1743 1071 lat.

234 1101 302 1151 VI,
336 1099 448 1156 2:2¹2}

349 1169 440 1210 Iam
478 1176 536 1218 at,
571 1176 626 1215 et,
661 1172 690 1209 il
726 1168 876 1210 finales
916 1172 1094 1222 propter
1133 1168 1415 1223 principalem
1458 1168 1743 1221 quantitatem

237 1237 351 1279 haud
377 1237 504 1279 dubie
526 1236 731 1291 produxit
755 1237 915 1278 Ennius
937 1236 1131 1279 versibus
1153 1237 1219 1278 his
1251 1237 1367 1293 [2873
1395 1241 1466 1288 813
1494 1240 1594 1287 4173
1622 1235 1744 1292 484]:

464 1328 623 1351 noenum
648 1328 815 1351 rumores
842 1318 1004 1361 ponebat
1029 1320 1113 1351 ante
1139 1317 1304 1351 salutem.

465 1374 624 1409 omnibu·
651 1385 739 1408 cura
763 1374 859 1417 viris,
884 1377 966 1408 uter
994 1378 1089 1409 esset
1115 1374 1364 1419 induperator.

465 1431 563 1465 infit:
592 1443 611 1466 o
637 1431 744 1475 cives⁷
774 1443 865 1475 quae
891 1443 948 1465 me
975 1432 1123 1465 fortuna
1148 1432 1321 1466 ferocem.

464 1490 494 1523 it
519 1500 629 1532 eques
657 1492 693 1523 et
718 1489 848 1533 plausu
875 1500 961 1522 cava
987 1490 1155 1523 concutit
1179 1490 1315 1534 ungula
1340 1491 1487 1524 terram,

236 1561 465 1613 praeterea
494 1572 572 1599 nec
604 1557 709 1599 illud
743 1557 973 1609 dubiumst,
1006 1558 1135 1599 etiam
1166 1558 1457 1612 perfectorum
1489 1558 1745 1599 coniunctivi

235 1627 582 1668 terminationem
617 1630 645 1666 il
676 1627 868 1680 potuisse
901 1626 1079 1680 produci
1105 1627 1159 1668 ab
1183 1627 1331 1668 eodem
1364 1640 1441 1668 nec
1473 1627 1621 1680 magis,
1652 1627 1745 1668 ubi-

237 1709 418 1749 cumque
459 1695 608 1737 finales
651 1695 826 1736 eaedem
870 1696 913 1736 in
957 1696 1042 1737 arsi
1082 1696 1355 1737 inveniantur
1391 1696 1499 1737 sitae
1541 1699 1746 1749 sequente

236 1764 391 1815 vocali,
433 1777 516 1805 non
558 1763 733 1805 licentia
775 1763 962 1817 quadam
994 1764 1038 1805 id
1071 1765 1272 1805 evenisse.
1333 1765 1407 1805 sed
1440 1765 1588 1805 eodem
1620 1764 1746 1805 modo

236 1832 471 1874 formarum
498 1832 648 1886 quales
680 1836 780 1874 sunt
810 1835 920 1881 dicit,
952 1836 1098 1874 (meavit
1128 1832 1306 1887 produci
1340 1833 1394 1873 ab
1418 1833 1554 1874 Ennio
1585 1833 1745 1874 exitum

236 1915 317 1942 non
350 1904 493 1955 potest
524 1900 702 1955 probari
734 1902 950 1957 exemplis.
1002 1915 1101 1943 nam
1135 1916 1245 1955 quae
1276 1902 1477 1955 leguntur
1499 1902 1613 1955 apud
1646 1916 1747 1942 eun-

236 1970 331 2011 dem
364 1973 590 2024 porrectae
625 1969 745 2026 [5673
778 1974 881 2022 3743
915 1969 1034 2026 501]:

465 2061 580 2096 multa
606 2061 683 2095 foro
710 2062 816 2106 ponit
841 2065 877 2096 et
903 2073 1016 2106 agoea
1041 2061 1150 2106 longa
1178 2062 1351 2107 repletur.

466 2145 494 2152 -
512 2137 558 2154 υυ
574 2147 603 2152 -
627 2118 656 2152 si
683 2119 777 2153 forte
804 2119 898 2153 feras
925 2131 967 2154 ea
992 2131 1077 2154 nare
1103 2120 1224 2164 sagaci

465 2176 589 2219 sensit,
615 2187 705 2210 voce
733 2188 796 2211 sua
821 2177 929 2211 nictit
954 2177 1142 2221 ululatque
1167 2177 1217 2212 ibi
1244 2180 1361 2212 acute.

467 2245 538 2277 qua
562 2244 706 2267 murum
732 2233 810 2268 fieri
836 2234 960 2277 voluit,
989 2238 1193 2279 urguentur
1217 2236 1252 2268 in
1280 2246 1402 2279 unum,

238 2326 314 2354 eae
355 2326 455 2354 vero
498 2327 677 2355 caesura
720 2314 913 2367 legitima
958 2318 1138 2368 potuere
1186 2315 1370 2357 extendi.
1441 2315 1574 2356 multo
1618 2315 1747 2356 etiam

237 2382 377 2422 minus
408 2381 557 2422 finales
597 2382 638 2422 in
683 2397 732 2423 (ιν
773 2383 840 2424 vel
876 2396 923 2424 or
967 2383 1032 2424 vel
1076 2399 1121 2425 us
1162 2387 1367 2425 exeuntes
1409 2383 1523 2437 apud
1567 2383 1746 2424 eundem

237 2450 415 2504 propria
465 2453 621 2491 natura
672 2450 972 2504 producuntur
1017 2452 1212 2494 versibus
1262 2452 1328 2493 his
1380 2452 1747 2508 [17039434893

241 2523 342 2570 1173
373 2522 446 2570 343
479 2522 557 2570 853
593 2517 715 2575 254]:

469 2620 552 2644 cum
578 2610 626 2643 nil
654 2609 838 2645 horridius
864 2623 1035 2656 umquam
1061 2613 1120 2647 lex
1145 2613 1217 2647 ulla
1243 2612 1398 2650 iuberet.

468 2667 610 2701 interea
636 2667 730 2711 fugit
754 2667 850 2702 albu'
876 2660 983 2704 iussai·
1008 2670 1227 2715 Hyperioni*
1255 2681 1413 2704 currum.

469 2724 675 2758 imbricitor
700 2725 895 2770 aquiloque
921 2738 986 2761 suo
1014 2739 1095 2761 cum
1123 2727 1266 2761 flamine
1295 2731 1434 2761 contra.

470 2793 490 2816 o
516 2784 631 2825 pater,
659 2793 678 2816 o
703 2783 858 2826 genitor,
886 2795 906 2817 O
932 2795 1094 2829 sanguen
1120 2784 1174 2818 dis
1201 2784 1405 2819 oriundum.

469 2839 626 2883 postilla,
652 2850 827 2883 germana
851 2852 965 2884 soror,
991 2852 1113 2876 errare
1140 2841 1300 2876 videbar.

469 2896 519 2929 sic
547 2897 769 2940 expectabat
792 2897 949 2941 populus
974 2902 1083 2942 atque
1111 2911 1173 2933 ora
1199 2900 1358 2933 tenebat.

470 2972 600 2987 ..υυ-
629 2957 754 2998 tergus
782 2955 894 2998 igitur
919 2956 1019 2999 sagu'
1048 2957 1193 3001 pinguis
1220 2959 1376 3000 opertat.
