1898 3292
257 204 339 241 204
852 211 972 234 LIBER
991 209 1164 234 TERTrvs.

372 313 455 354 Sed
495 317 543 354 ut
584 313 756 354 redeam
801 313 855 353 ad
889 313 1121 363 Romanos,
1164 312 1289 352 facile
1332 313 1615 365 perspicietur
1653 312 1765 352 hanc

255 381 636 436 hephthemimeris
668 381 870 432 formam,
904 395 1031 434 quam
1064 381 1189 422 modo
1222 381 1447 434 descripsi,
1481 380 1577 422 ideo
1609 381 1764 421 ducen-

257 450 354 491 dam
387 450 606 504 optimam,
639 449 754 503 quod
786 449 848 490 ita
880 449 1021 490 effecti
1054 449 1224 490 ordines
1248 449 1415 490 metrici
1438 452 1525 490 tres
1548 448 1767 502 aequabili

257 522 469 572 augentur
498 518 775 559 incremento.
826 532 925 558 nam
959 517 1255 559 choriambum
1288 518 1482 571 sequitur
1505 521 1766 571 anapaestus

256 587 427 641 dupleX,
458 587 572 628 hunc
604 587 787 640 semipes
820 600 915 628 cum
949 586 1116 628 adonio.

374 658 572 697 Attamen
605 655 757 696 abesse
789 658 932 708 potest
961 655 1301 705 trithemimeris,
1344 654 1516 708 quando
1556 655 1598 695 in
1636 655 1767 696 tertia

257 724 343 765 arsi
376 724 582 765 orationis
613 738 715 778 pars
746 724 828 765 erit
857 723 991 774 finita,
1023 723 1065 763 in
1098 726 1254 777 quarta
1288 723 1416 764 etiam
1449 738 1597 764 sensus
1621 723 1767 764 termi-

256 796 395 833 natus.
455 796 546 833 tum
579 792 689 834 enim
723 792 805 833 nisi
837 792 1026 833 elisionis
1061 791 1309 833 obstiterint
1339 792 1494 841 tricae,
1528 791 1637 833 solet
1665 792 1767 846 poni

255 860 658 915 hephthemimeris,
689 864 738 902 ut
768 861 812 902 in
838 860 942 902 hoc:

531 941 657 975 oscula
681 941 810 975 libavit
840 941 842 984 Ι
871 943 988 975 natae.
1019 941 1021 984 l
1053 940 1185 974 dehinc
1212 940 1298 974 talia
1323 940 1429 974 fatur.

256 1024 517 1064 quamquam
547 1010 614 1052 vel
644 1010 706 1051 sic
738 1023 866 1064 saepe
901 1009 1075 1050 additur
1105 1008 1441 1059 trithemimeris,
1473 1012 1540 1050 ut:

531 1091 682 1125 arcebat
709 1090 711 1133 l
740 1090 850 1134 longe
876 1089 997 1132 Latio,
1028 1106 1029 1133 ;
1057 1089 1266 1133 multosque
1296 1101 1362 1133 per
1386 1101 1509 1123 annos.

371 1159 427 1200 At
467 1172 606 1212 neque
645 1162 745 1212 post
787 1158 1018 1200 secundam
1063 1159 1179 1199 arsin
1220 1172 1298 1198 nec
1338 1162 1437 1211 post
1477 1158 1652 1198 tertiam
1695 1157 1769 1198 ubi

259 1227 505 1269 conclusum
549 1228 631 1269 erit
672 1226 866 1277 verbum,
911 1241 995 1268 non
1041 1227 1126 1268 iam
1170 1226 1361 1280 placebit
1401 1226 1767 1280 semiseptenaria,

257 1297 396 1338 minus
426 1299 474 1337 ut
506 1296 728 1337 arrideant
758 1295 885 1337 talia:

462 1387 642 1422 Lentulus
669 1387 853 1430 uertique
880 1397 1012 1420 manus
1039 1398 1171 1420 vesana
1197 1386 1363 1430 Cethegi.

463 1444 759 1488 horrendumque
787 1444 965 1489 Dryanta
991 1446 1124 1487 movet,
1151 1444 1208 1477 cui
1235 1444 1420 1488 sanguinis
1445 1447 1585 1478 auctor.

463 1502 553 1537 haec
581 1501 667 1535 dum
695 1501 897 1535 Dardanio
924 1500 1068 1535 Aeneae
1093 1501 1259 1535 miranda
1286 1501 1467 1535 videntur.

464 1559 672 1603 delectique
695 1558 899 1592 sacerdotes
924 1559 961 1592 in
986 1558 1134 1603 publica
1158 1561 1254 1593 vota.

257 1640 336 1681 has
369 1643 511 1681 autem
543 1654 697 1694 parum
726 1642 844 1680 recte
872 1639 1034 1680 habere
1073 1638 1233 1680 formas
1265 1639 1461 1692 Vergilii,
1502 1638 1770 1692 suptilissimi
1824 1691 1831 1695 .

260 1713 495 1750 metrorum
528 1707 725 1758 artificis,
766 1708 963 1762 plurimis
1000 1707 1281 1749 confirmatur
1317 1707 1541 1761 exemplis,
1584 1707 1656 1760 qui
1686 1706 1768 1747 illis

255 1778 511 1832 plerumque
542 1778 680 1818 utitur
711 1777 753 1817 in
786 1777 979 1818 oratione
1022 1780 1096 1817 aut
1137 1776 1327 1830 graviter
1359 1776 1576 1817 concitata
1609 1781 1679 1817 aut
1715 1775 1769 1816 ad

255 1847 383 1888 finem
419 1849 679 1900 properante
712 1846 798 1887 sive
828 1845 903 1887 ubi
935 1845 1214 1899 asperitatem
1248 1845 1593 1899 cruditatemque
1625 1859 1769 1886 rerum

256 1929 404 1957 versus
450 1929 641 1968 congrua
680 1915 866 1968 imagine
910 1915 1033 1968 quasi
1082 1913 1286 1968 depingit.
1360 1914 1507 1968 qualia
1547 1914 1681 1956 habes
1727 1914 1770 1955 in

257 1984 323 2025 his
362 1984 472 2040 [aen.
505 1983 552 2035 V,
584 1987 688 2035 4813
720 1983 751 2035 I,
785 1987 859 2035 853
892 1996 1034 2037 georg.
1066 1983 1097 2034 Ι,
1132 1983 1254 2037 319]:

463 2063 640 2098 sternitur
665 2063 913 2107 exanimisque
938 2065 1099 2097 tremens
1124 2063 1336 2108 procumbit
1361 2062 1461 2096 humi
1486 2064 1564 2097 bos.

464 2133 536 2155 una
561 2121 758 2164 Eurusque
784 2119 978 2164 Notusque
1004 2123 1116 2154 ruunt
1142 2120 1344 2163 creberque
1368 2120 1541 2164 procellis

463 2177 625 2212 Africus.

465 2247 557 2279 quae
582 2234 771 2279 gravidam
795 2235 869 2269 late
895 2237 1061 2279 segetem
1087 2235 1131 2269 ab
1158 2234 1344 2269 radicibus
1369 2235 1450 2268 imis

465 2292 659 2327 sublimem
685 2292 875 2336 expulsam
902 2294 1073 2326 eruerent

258 2361 329 2416 [cf.
364 2375 455 2402 aen.
490 2361 520 2411 Ι,
553 2364 656 2412 259;
687 2361 757 2411 IV,
790 2364 890 2412 5823
920 2360 971 2409 X,
1006 2364 1106 2412 7113
1140 2360 1211 2411 XI,
1248 2364 1330 2402 900
1363 2360 1440 2413 al,
1472 2375 1564 2402 aen.
1593 2360 1646 2411 II,
1669 2364 1770 2412 4523

260 2433 339 2471 579
370 2429 445 2481 al.;
491 2442 633 2483 georg.
666 2429 736 2479 IV,
770 2432 872 2481 3013
912 2442 1004 2471 aen.
1037 2429 1068 2480 Ι,
1101 2431 1206 2481 251;
1241 2433 1342 2481 5943
1385 2429 1441 2480 ΙΙ,
1475 2432 1550 2481 843
1581 2429 1660 2479 ΙΙΙ,
1694 2433 1769 2480 61;

259 2498 309 2550 x,
344 2501 447 2549 8773
480 2497 573 2548 XII,
608 2500 684 2538 721
721 2497 806 2552 a1.].

375 2566 470 2606 Alia
490 2565 539 2606 fit
561 2579 741 2607 caesura
762 2566 805 2606 in
827 2566 955 2607 tertio
978 2565 1198 2616 trochan,
1221 2566 1340 2607 cuius
1363 2566 1648 2620 exemplumst
1663 2566 1767 2608 tale:

465 2657 641 2690 spargens
666 2645 816 2679 humida
840 2646 947 2680 mella
973 2646 1292 2689 soporiferumque
1319 2657 1489 2690 papaver.

258 2715 366 2756 haec
397 2714 512 2768 apud
545 2714 735 2756 Graecos
768 2728 863 2755 cum
897 2715 983 2754 iam
1014 2714 1233 2767 prioribus
1275 2714 1459 2755 saeculis
1501 2714 1653 2756 crebro
1695 2715 1769 2755 ad-

259 2783 432 2824 modum
472 2783 730 2836 optinuisset
774 2796 874 2832 usu,
921 2795 1020 2823 mox
1061 2782 1215 2823 Nonno
1265 2783 1440 2835 eiusque
1484 2782 1659 2824 asseclis
1708 2784 1770 2824 ita

258 2851 433 2905 placuit,
466 2855 513 2892 ut
543 2865 627 2892 non
660 2850 749 2892 sine
782 2864 934 2903 magno
956 2864 1105 2891 versus
1135 2850 1404 2892 incommodo
1438 2850 1770 2904 semiquinariae

258 2919 422 2962 11011010
464 2922 639 2974 arrepto
683 2918 966 2973 principalem
1007 2918 1149 2960 locum
1192 2919 1417 2973 optineret.
1479 2923 1524 2961 at
1554 2919 1695 2960 Latini
1726 2920 1770 2960 in
