1898 3292
676 234 795 260 numa
814 233 970 260 anvs.
1497 229 1512 266 l
1526 223 1574 266 13

320 339 358 370 at
382 336 480 371 celer
504 336 609 371 hasta
632 336 757 370 volans
784 337 992 381 perrumpit
1017 341 1170 382 pectora
1196 337 1304 372 ferro.

319 405 402 428 cum
426 394 546 427 socios
574 396 720 428 nostros
744 393 945 428 mandisset
968 393 1093 438 impiu’
1121 394 1290 439 Cyclops.

318 450 455 485 inferus
480 462 525 484 an
552 462 705 495 superus
729 451 799 486 tibi
824 450 895 485 fert
922 450 1004 486 deu'
1030 451 1157 486 funera
1184 451 1337 486 Vlixes?

66 525 110 566 in
151 524 218 566 his
257 525 390 578 igitur
433 525 630 566 omnibus
668 528 848 579 propter
891 525 1180 578 ignorantiam
1216 527 1306 567 veri
1336 527 1502 568 numeri
1534 532 1576 569 et

66 593 264 634 fallacem
305 592 521 646 quandam
570 593 756 647 speciem
796 593 1155 647 interpolatorum
1196 596 1575 648 grammaticorum

66 661 244 703 libidine
288 662 508 703 saevitum.
571 661 622 703 de
665 676 751 716 qua
792 676 837 703 re
878 661 1075 716 pluribus
1114 662 1275 705 dictum
1306 664 1350 705 in
1381 664 1492 706 libro
1524 665 1576 706 de

67 745 102 771 v.
135 730 328 772 saturnio
361 730 608 785 [ΙΙΙ-15].

182 799 327 840 Simile
367 803 510 840 autem
557 799 718 852 poterit
758 798 913 850 videri,
956 802 1005 840 ut
1048 814 1180 854 supra
1219 800 1400 852 dictum,
1438 803 1577 856 myuri

66 881 214 909 versus
254 871 438 909 metrum
481 867 752 918 Calabrium,
793 867 908 921 quod
951 872 1077 909 vocat
1123 868 1286 910 Marius
1330 870 1576 911 Victorinus

69 937 147 991 [gr.
178 936 204 978 l.
239 937 306 987 VI,
340 936 456 992 122]‚
489 936 652 977 dictum
681 950 706 977 a
736 935 985 990 pastoribus
1018 936 1234 978 Calabris:

320 1023 382 1067 qui
407 1033 528 1057 serere
553 1022 753 1067 ingenuum
777 1022 877 1056 volet
902 1033 1041 1067 agrum.

68 1117 152 1157 quo
181 1117 285 1145 usus
318 1107 384 1144 est
414 1102 655 1152 Annianus,
696 1116 780 1143 non
811 1102 1015 1155 Serenus,
1049 1107 1255 1157 quantum
1290 1109 1475 1155 constat,
1509 1106 1577 1146 cui

65 1172 189 1213 multi
218 1171 410 1213 tribuere
441 1170 511 1225 [cf.
542 1171 671 1212 Rutil.
703 1170 824 1212 Nam.
859 1171 922 1212 ed.
955 1185 1023 1225 pg.
1048 1175 1099 1213 35
1124 1172 1254 1227 sqq.],
1300 1177 1343 1214 et
1386 1174 1575 1215 aemula-

66 1241 182 1281 tione
218 1240 346 1281 huius
374 1239 656 1281 Terentianus
688 1239 818 1294 [1922
847 1240 958 1294 sqq.]
992 1254 1043 1281 ac
1075 1240 1282 1282 Boethius
1316 1241 1408 1295 [111,
1435 1242 1487 1297 l].

183 1309 326 1361 Longe
357 1308 494 1361 magis
527 1308 624 1349 sciti
656 1307 950 1350 claudicantes
972 1308 1104 1350 iambi
1136 1309 1203 1351 vel
1233 1310 1440 1361 trochaei,
1474 1324 1578 1364 quo-

67 1378 181 1418 niam
217 1376 373 1431 pedum
413 1377 457 1418 in
497 1376 563 1418 his
602 1380 965 1430 permutatorum,
1009 1377 1049 1418 h.
1085 1392 1118 1419 e.
1150 1378 1329 1432 spondei
1360 1383 1403 1420 et
1432 1379 1577 1430 iambi,

66 1445 201 1487 multo
233 1446 371 1487 maior
408 1450 474 1487 est
514 1445 748 1487 similitudo
790 1460 921 1499 quam
962 1445 1122 1501 dactyli
1166 1451 1209 1488 et
1248 1447 1399 1499 iambi,
1440 1462 1578 1502 neque

68 1515 176 1556 arsis
208 1518 251 1556 et
278 1514 412 1556 thesis
444 1515 556 1556 vices
592 1514 876 1556 invertuntur.
937 1529 1035 1556 nam
1080 1515 1300 1558 falsissimi
1345 1521 1459 1567 sunt,
1505 1517 1579 1570 qui

67 1587 277 1637 putarunt
317 1583 399 1624 hoc
439 1583 611 1624 saeculo
654 1584 794 1625 ultimi
837 1583 1015 1638 spondei
1056 1584 1123 1626 vel
1164 1584 1360 1626 trochaei
1391 1586 1579 1639 priorem

67 1651 277 1706 syllabam
309 1652 543 1693 notandam
573 1653 680 1702 ictu,
714 1666 801 1705 qua
828 1666 874 1693 re
907 1653 1043 1694 omnis
1067 1653 1235 1694 tollitur
1257 1655 1578 1707 compositionis

69 1720 345 1762 concinnitas.
419 1721 578 1775 quippe
631 1720 860 1762 ridiculum
912 1721 1250 1763 claudicantium
1301 1737 1577 1764 numerorum

67 1792 206 1830 totum
229 1789 472 1831 continetur
495 1803 557 1840 eo,
590 1789 705 1843 quod
728 1803 823 1830 cum
844 1790 888 1830 in
911 1790 1186 1832 archilochiis
1210 1792 1358 1833 metris
1379 1791 1578 1833 ultimum

68 1857 208 1899 locum
259 1872 428 1911 semper
475 1858 669 1912 optineat
716 1858 906 1910 iambus,
959 1859 1273 1913 paenultimum
1323 1860 1577 1914 plerumque

68 1926 294 1980 spondeus,
325 1927 411 1967 iam
440 1927 670 1968 invertitur
697 1927 824 1968 modo
856 1927 983 1981 plane
1016 1941 1123 1969 novo
1156 1932 1198 1969 et
1227 1928 1435 1970 inusitato
1466 1930 1579 1970 auri-

68 1994 148 2036 bus
171 1995 394 2048 castigatis
415 1995 484 2036 lex
505 1995 673 2049 podica.
718 1996 779 2037 sic
799 1996 931 2049 igitur
954 1996 1224 2038 scandendus
1246 1997 1578 2052 hipponacteus:

502 2081 614 2115 miser
639 2080 783 2116 Catulle
807 2081 951 2117 desinas
976 2082 1145 2127 ineptire.

69 2159 112 2197 et
148 2155 374 2197 confirmat
409 2169 499 2197 rem
531 2155 696 2197 Plotius
727 2156 939 2197 Sacerdos
981 2157 1060 2212 [gr.
1094 2157 1119 2198 l.
1153 2157 1227 2208 VI,
1261 2158 1373 2213 519}
1434 2158 1580 2210 itaque

69 2224 111 2264 hi
134 2224 301 2265 numeri
323 2227 371 2265 ut
391 2225 607 2278 pravitate
637 2238 715 2265 sua
743 2228 915 2266 movent
945 2226 1091 2277 risum,
1120 2226 1183 2267 ita
1213 2226 1360 2280 lepore
1393 2226 1579 2280 quodam

68 2292 253 2333 iucunde
291 2296 476 2346 tangunt
520 2293 695 2334 animos.
770 2293 842 2347 qui
891 2293 1076 2347 primum
1123 2294 1177 2335 ab
1223 2293 1496 2348 Hipponacte
1539 2298 1582 2334 et

70 2361 235 2401 Ananio
266 2361 412 2402 novati
440 2374 535 2402 cum
570 2361 960 2403 Alexandrinorum
1000 2366 1042 2404 et
1081 2363 1399 2417 insequentium
1437 2365 1580 2403 aetate

69 2432 294 2483 poetarum
333 2429 515 2471 multum
555 2429 731 2483 probati
775 2434 918 2472 essent
950 2431 1146 2482 Graecis,
1187 2431 1316 2473 etiam
1349 2431 1464 2485 apud
1499 2431 1581 2471 Ro-

71 2511 219 2538 manos
250 2497 350 2539 inde
381 2511 407 2538 a
437 2498 595 2540 Laevio
625 2502 669 2540 et
698 2498 866 2540 Catullo
905 2498 1021 2541 haud
1063 2513 1166 2541 sane
1211 2500 1366 2553 exiguo
1407 2499 1581 2552 viguere

71 2579 161 2606 usu.
222 2565 466 2608 trochaicos
507 2570 652 2608 tamen
682 2581 831 2609 versus
862 2567 1109 2609 huiusmodi
1138 2572 1315 2622 praeter
1344 2568 1580 2609 Varronem

73 2634 146 2687 qui
170 2634 432 2688 prompserit
459 2648 542 2676 non
575 2635 756 2677 invenio.
807 2640 854 2677 at
881 2635 1014 2678 iambi
1044 2650 1180 2690 usque
1213 2637 1268 2678 ad
1298 2636 1338 2677 Π
1364 2650 1404 2690 p.
1428 2635 1524 2677 Chr.
1542 2649 1581 2675 n.

72 2702 291 2744 saeculum
313 2702 544 2744 admodum
566 2703 741 2745 fuerunt
771 2704 1029 2758 frequentes.
1082 2709 1235 2746 contra
1265 2705 1405 2745 minus
1436 2704 1581 2745 viden-

71 2774 142 2812 tur
190 2770 405 2824 placuisse
454 2774 728 2825 posterorum
779 2776 1022 2827 temporum
1071 2773 1334 2824 hominibus,
1395 2786 1491 2813 cum
1540 2776 1583 2814 et

73 2843 228 2892 quarto
260 2839 496 2893 quintoque
528 2839 700 2881 saeculo
731 2854 831 2882 raro
864 2840 1095 2882 admodum
1126 2840 1401 2895 reperiantur
1438 2844 1481 2881 et
1520 2841 1582 2881 sic

73 2907 126 2948 de
157 2907 217 2949 eis
248 2907 396 2949 tradat
427 2907 711 2950 Terentianus
743 2909 915 2964 [2416]:

140 2987 172 3012 1..
190 2987 381 3019 Μυοιιοιις
403 2988 448 3014 ne
467 2988 641 3020 r.m.p.1..
1288 2978 1309 3009 8
