1898 3292
685 220 803 245 LrBER
822 219 1020 245 SEPvas
1522 214 1603 252 493

99 321 210 362 1(10111
232 325 376 362 tamen
400 321 502 362 alibi
525 321 713 363 ablativo
736 322 880 375 posuit
912 326 1163 373 cataplasma
1198 321 1371 376 [XXIX.
1396 324 1476 377 88].
1523 324 1604 364 1100

98 389 232 431 multo
262 391 399 443 magis
425 395 489 431 est
523 391 689 440 mirum,
723 391 837 444 quod
860 390 913 431 ab
937 404 998 440 eo,
1030 391 1102 444 qui
1125 390 1176 432 de
1198 391 1440 432 nominibus
1463 392 1604 433 dubiis

99 458 282 511 scripsit,
315 459 392 512 [gr.
425 458 498 499 lat.
532 459 578 509 V,
610 459 709 513 590]
744 458 939 500 Cornelio
973 459 1141 509 Severo,
1175 473 1259 512 quo
1291 463 1333 500 et
1363 460 1471 501 alias
1502 475 1603 501 113113

99 530 184 577 est,
232 527 413 578 Augusti
464 527 618 568 aetatis
668 528 857 578 auctori,
908 527 1114 568 tribuitur
1161 542 1297 579 syrma
1344 528 1603 569 femininum.

98 594 231 635 verba
261 598 360 636 sunt
390 594 520 636 haec:
551 609 688 648 syrma
718 599 882 646 ceneris
914 599 1062 636 neutri.
1118 599 1285 646 priores
1319 599 1530 646 feminine,
1563 604 1605 636 nl

106 665 337 704 Cornelias.-
371 667 532 714 lraylca
563 678 711 715 syrma.
771 677 821 704 ac
852 663 1104 717 plerumque
1128 664 1330 705 adducor.
1363 669 1407 704 ut
1431 664 1604 705 latitare

99 735 285 772 statuam
333 731 414 772 hoc
459 731 552 773 1000
595 732 883 785 fragmentum
926 731 1085 773 Valerii
1133 733 1303 779 00111101,
1356 732 1470 784 quod
1517 733 1604 772 l'ri-

99 800 269 841 scianus
290 805 500 841 memorat
533 801 653 855 [679]
697 800 816 851 ‘qnid
844 805 910 842 mc
942 815 1028 841 cnm
1061 804 1232 852 traylce‘s
1256 804 1382 841 versis
1405 809 1442 841 el
1469 816 1604 853 syrma

91 867 253 920 faci-95²²
309 882 407 910 cum
439 870 693 922 praesertim
730 869 847 910 haud
878 883 978 910 raro
1010 869 1180 910 libellus
1218 869 1299 910 iste
1340 869 1487 910 eadem
1530 884 1605 909 nos

98 937 286 978 vanitate
327 951 401 978 seu
446 951 587 978 rerum
629 938 715 978 sive
748 939 962 978 nominum
998 937 1154 978 eludat.
1215 942 1358 978 tamen
1387 938 1605 984 continen-

99 1005 446 1056 dumiudicium,
484 1006 685 1059 quoniam
719 1020 744 1046 a
773 1006 930 1046 Severo
963 1006 1195 1059 aliquando
1228 1006 1435 1047 audacius
1466 1020 1606 1059 gram-

98 1075 352 1115 maticorum
393 1075 556 1128 pariter
600 1078 836 1128 praecepta
881 1080 923 1115 et
968 1074 1206 1128 elegantiae
1250 1075 1365 1127 leges
1410 1074 1607 1115 videntur

99 1147 282 1196 spretae.
333 1157 432 1184 nam
459 1143 677 1184 Charisius
708 1143 732 1182 1.
762 1143 781 1183 I
813 1142 901 1198 [81]
934 1143 985 1184 (10
1015 1146 1212 1194 pampino
1244 1143 1444 1184 feminine
1464 1144 1606 1197 posito

98 1211 152 1252 ab
184 1211 333 1252 eodem
361 1212 491 1252 talem
522 1211 655 1252 refert
687 1212 944 1252 sententiani
975 1211 1122 1252 Plinii:
1155 1225 1404 1252 moveremur
1433 1213 1608 1252 Cornelii

98 1283 354 1328 anctoritate,
386 1283 422 1320 εἰ
443 1283 661 1330 quidquam
683 1293 728 1320 eo
751 1283 931 1321 carmine
954 1284 1159 1330 pnem'le'nts·
1192 1283 1374 1321 cll-risset.
1406 1304 1463 1310 —
1495 1284 1606 1321 cete-

99 1362 193 1388 rum
236 1348 365 1388 etiam
405 1348 535 1389 istum
570 1348 774 1401 loquendi
811 1363 935 1389 usum
967 1349 1179 1402 repetiere
1212 1348 1445 1389 christiani.
1507 1363 1604 1389 nam

102 1416 334 1457 Venantius
375 1416 564 1458 ablativo
615 1416 723 1458 dixit
768 1420 944 1458 celeuma
994 1431 1072 1470 pro
1117 1421 1335 1458 celeumate
1388 1418 1440 1471 [v.
1481 1417 1604 1458 Mart.

97 1485 166 1535 IV,
197 1484 311 1538 423]
342 1509 397 1514 ——
439 1485 621 1538 denique
663 1489 767 1526 nota
807 1490 907 1527 sunt
937 1485 1032 1526 illa:
1072 1490 1282 1536 placenta,
1316 1494 1494 1534 cralera,
1525 1491 1604 1527 cla-

96 1557 204 1594 mida
245 1557 532 1605 (elelanzycla),
573 1567 683 1607 quae
726 1554 780 1595 ab
825 1555 1072 1596 accusativo
1117 1555 1247 1596 ducta
1291 1555 1469 1596 Graeco.
1531 1555 1604 1596 sed

98 1622 208 1662 enim
253 1622 360 1663 talia
399 1622 532 1664 multo
576 1623 712 1676 magis
751 1623 1027 1676 frequentata
1067 1637 1147 1664 usu
1188 1627 1412 1664 auctorum
1451 1624 1606 1664 aetatis

98 1689 285 1741 ultimae,
316 1690 447 1732 veluti
479 1690 587 1732 dixit
617 1691 830 1732 Luxorius
871 1691 984 1745 [358‚
1019 1692 1083 1745 3]:
1133 1694 1285 1739 Chilon,
1319 1706 1431 1742 anem
1462 1695 1605 1742 patria

97 1761 306 1809 eyreffl'um
337 1761 644 1800 Lacedaemona
675 1763 791 1801 misit.

214 1841 269 1880 At
300 1839 489 1881 secunda
519 1840 561 1880 in
601 1840 886 1881 declinat-ione
927 1841 1111 1894 primum
1153 1840 1312 1882 notabo
1353 1854 1431 1894 per
1472 1845 1604 1882 meta-

96 1908 307 1962 plasmum
329 1909 482 1950 Latino
505 1909 569 1949 ori
600 1909 860 1950 adsimulata
888 1909 974 1960 illa,
1009 1923 1118 1962 quae
1151 1913 1249 1950 sunt
1272 1912 1430 1951 Arabas
1461 1910 1605 1964 [Verg.

98 1990 190 2018 aen.
222 1977 317 2027 VII,
351 1980 457 2029 6053
491 1977 542 2018 cf.
576 1977 675 2018 Luc.
709 1977 865 2028 XXVI,
899 1977 993 2034 78],
1035 1981 1256 2029 Aelln'ostns
1297 1979 1415 2032 [Luc.
1448 1978 1519 2028 ΙΙΙ,
1553 1978 1605 2033 ὃ]

98 2049 314 2096 delphinus
357 2044 505 2101 [Lucil.
538 2045 627 2095 VII,
662 2046 750 2100 10],
794 2050 1031 2097 elephantus
1073 2047 1196 2101 [Eun.
1227 2061 1320 2087 ann.
1358 2050 1459 2097 186,
1491 2047 1605 2100 249]

102 2116 268 2155 Titanus
299 2113 424 2168 [Enn.
460 2127 555 2155 ann.
589 2117 689 2165 3303
723 2114 937 2156 Commod.
960 2115 990 2165 Ι,
1015 2118 1080 2166 20,
1105 2116 1159 2169 3].
1221 2129 1242 2156 e
1274 2115 1429 2168 quibus
1462 2123 1605 2156 cetera

97 2196 192 2223 cum
225 2182 309 2223 sint
339 2196 441 2223 rara
471 2183 537 2224 vel
569 2196 594 2223 a
622 2182 745 2224 bonis
777 2183 1026 2225 auctoribus
1063 2184 1215 2235 aliena,
1257 2188 1495 2234 eleplzanlns
1529 2198 1605 2238 per

97 2251 241 2292 omnia
267 2255 463 2304 tempora
486 2251 705 2304 aequabili
728 2251 899 2293 duravit
920 2266 1010 2294 usu.
1061 2253 1181 2294 cuius
1202 2252 1402 2294 vocabuli
1423 2253 1605 2293 formam

98 2319 310 2360 Graecam
352 2333 447 2360 cum
489 2319 544 2360 ad
584 2320 771 2361 medium
811 2320 902 2362 fere
942 2335 980 2362 u.
1015 2335 1048 2362 0.
1081 2335 1191 2362 saec.
1223 2321 1321 2362 VIII
1359 2321 1514 2362 vitasse
1547 2322 1604 2361 vi-

97 2387 281 2428 deantur
312 2392 466 2441 poetae
508 2413 562 2417 —
604 2402 704 2429 nam
742 2388 786 2429 in
825 2388 1047 2430 Luciliano
1089 2390 1137 2444 [1,
1171 2388 1258 2445 33]‚
1302 2389 1428 2442 quale
1468 2389 1606 2430 fertur

97 2455 235 2508 vulgo,
277 2459 448 2497 miracla
479 2459 585 2497 clenl
614 2461 851 2507 eleplzantas
893 2457 1166 2499 scribendum
1207 2458 1404 2499 existimo
1432 2457 1497 2498 vol
1529 2462 1604 2498 ele-

26 2528 33 2533 ’
93 2527 284 2574 pleanleis
314 2524 379 2564 vel
401 2528 636 2575 elephantos
667 2525 785 2578 (libri
806 2525 1001 2579 plerique
1023 2530 1236 2577 {elefantes
1258 2527 1345 2567 sive
1368 2530 1604 2576 lelesanlas:

98 2591 323 2645 Bamberg.
356 2596 562 2645 elefanle's)
594 2618 661 2643 —‚
700 2594 863 2646 primus
894 2594 1093 2636 adhibuit
1124 2594 1329 2636 Horatius
1370 2596 1453 2648 [ep.
1486 2594 1537 2643 ΙΙ,
1571 2599 1604 2643 1,

101 2660 212 2714 196]
243 2660 344 2701 item
379 2660 581 2702 Rabirius
616 2661 697 2702 hoc
728 2675 854 2703 versu
886 2663 964 2717 [gr.
998 2664 1069 2704 lat.
1103 2663 1150 2713 V,
1181 2663 1303 2716 578];

371 2768 412 2790 ac
438 2757 551 2790 veluti
577 2756 745 2791 Numidis
772 2758 920 2802 elephas
946 2759 1196 2793 circumdatur
1224 2759 1328 2802 altus⁷

97 2846 187 2883 tum
216 2841 416 2884 Manilius
449 2843 514 2897 [V‚
548 2844 659 2897 706]
720 2848 904 2897 utraque
945 2849 1089 2887 autem
1131 2859 1234 2886 usus
1265 2849 1329 2886 est
1361 2845 1603 2887 Priscianus

98 2910 220 2964 [5963
246 2914 374 2962 10173
401 2911 539 2967 1028]
592 2912 729 2952 morbi
752 2918 894 2954 tamen
918 2927 1071 2954 nomen
1090 2916 1302 2954 Graecani
1326 2928 1494 2967 semper
1515 2928 1603 2954 ser-
