1898 3292
270 214 347 252 146
840 222 958 247 LIBER
978 222 1188 247 sncvsnvs.

265 339 333 367 res
363 326 407 366 in
439 325 632 366 versibus
664 325 828 365 Latinis
857 339 984 378 quam
1019 325 1060 365 in
1095 324 1284 366 Graecis.
1335 327 1485 365 contra
1510 323 1623 377 quod
1647 337 1775 377 saepe

266 393 537 435 insolentiam
589 393 715 434 metri
761 393 1052 447 compluribus
1099 393 1224 434 simul
1271 393 1485 434 rationum
1534 406 1680 434 earum
1724 393 1776 433 de

267 463 422 516 quibus
455 462 632 515 exposui
664 461 856 502 videmus
889 462 1103 513 excusari,
1143 475 1192 502 eo
1225 462 1366 502 acrior
1397 461 1563 502 eveniet
1592 461 1775 514 pruden-

266 531 383 572 tibus
415 530 644 571 admiratio
676 533 865 570 veterum
899 534 1137 583 poetarum,
1174 544 1220 570 re
1242 531 1336 583 ipsa
1359 530 1432 582 qui
1455 529 1776 583 comprobarint

266 599 447 652 ingeniis
479 598 614 652 probe
645 598 853 639 institutis
886 598 1027 651 legum
1059 597 1263 639 firmitate
1294 598 1418 639 inuiti
1451 598 1516 639 vel
1546 598 1774 639 licentiam.

266 671 496 721 praeterea
530 667 703 720 cognitu
734 666 849 707 haud
874 666 1088 708 absurdus
1111 681 1202 708 mos
1224 670 1450 720 poetarum
1474 666 1777 716 Romanorum,

268 737 487 789 epicorum
520 736 721 785 maxime,
753 735 1066 789 multiplicandi
1101 750 1184 776 uno
1217 749 1342 776 versu
1373 736 1659 788 exceptiones,
1693 736 1778 788 qui,

268 818 362 845 cum
396 804 537 858 specie
568 805 707 857 prima
738 805 874 857 possit
914 804 1049 845 videri
1088 804 1240 845 solitae
1281 804 1432 845 horum
1477 818 1652 845 normae
1686 818 1778 845 esse

269 873 498 923 dissimilis,
531 873 659 913 altius
690 873 1089 926 introspicientilms
1122 878 1303 926 apparet
1337 887 1576 925 congruens
1607 874 1778 913 omnino

269 945 311 982 et
340 945 477 995 aptus.
533 941 692 995 quippe
725 955 817 982 eam
850 941 965 982 haud
1005 941 1132 982 dubie
1167 941 1220 982 ob
1255 955 1428 982 causam
1464 941 1778 982 descenderunt

269 1010 323 1050 ad
366 1010 572 1064 placitum
619 1010 706 1051 tale
746 1014 864 1051 vates
908 1010 987 1061 illi,
1038 1010 1170 1063 quod,
1214 1010 1339 1051 unius
1380 1011 1504 1051 metri
1545 1010 1779 1063 exiguitate

270 1079 399 1132 spatii
442 1078 567 1119 facile
610 1078 840 1119 dilabentis
885 1093 906 1120 e
947 1079 1154 1120 memoria
1198 1079 1469 1120 insolentiam
1518 1078 1779 1120 cumulatam

268 1148 353 1188 iam
386 1147 667 1201 plurimorum
700 1161 898 1188 versuum
931 1148 1098 1201 integro
1132 1147 1285 1189 decore
1318 1161 1410 1188 cum
1441 1150 1779 1200 compensarent,

269 1216 438 1257 facilius
479 1216 621 1270 potuit
660 1216 822 1257 servari
865 1216 1105 1257 severitatis
1146 1216 1326 1257 Latinae
1368 1216 1612 1270 proprietas
1651 1230 1779 1269 quam

270 1284 464 1338 dispersa
493 1285 654 1337 passim
682 1284 868 1326 licentia..

384 1353 521 1406 Igitur
552 1352 657 1393 nihil
688 1353 772 1394 iam
807 1353 964 1403 obstat,
995 1354 1221 1406 quominus
1254 1353 1474 1407 propriam
1506 1352 1632 1394 huius
1663 1353 1780 1394 volu-

270 1422 394 1462 minis
434 1422 679 1472 materiam,
721 1421 761 1463 h.
796 1436 828 1462 e.
862 1423 1003 1463 varias
1036 1422 1301 1463 diversorum
1332 1421 1489 1475 pedum
1522 1421 1681 1462 formas
1714 1435 1780 1462 or-

274 1490 371 1531 dine
402 1489 698 1544 expediamus,
740 1490 854 1543 quod
887 1504 935 1531 eo
968 1490 1146 1531 laetiore
1181 1491 1322 1531 animo
1356 1503 1462 1543 opus
1494 1490 1780 1543 aggredimur,

272 1572 366 1599 cum
397 1572 481 1599 non
511 1558 596 1599 alia
626 1559 669 1599 in
701 1572 747 1600 re
779 1559 946 1612 plenius
980 1562 1191 1612 appareat
1231 1559 1409 1611 insignis
1442 1558 1706 1599 Graecorum
1739 1563 1782 1599 et

270 1628 407 1680 magis
439 1627 729 1668 Romanorum
761 1627 978 1681 suptilitas
1011 1632 1054 1668 et
1084 1627 1309 1681 elegantia.

386 1695 441 1736 Et
470 1695 653 1749 primum
688 1695 859 1748 quidem
897 1696 1083 1737 omnium
1118 1696 1307 1737 rationes
1331 1709 1544 1749 apponam
1566 1695 1780 1746 metricas,

272 1777 471 1816 quarum,
511 1778 605 1805 cum
636 1764 721 1805 sint
752 1769 896 1805 certae
927 1764 1181 1818 firmaeque,
1224 1764 1340 1805 velut
1380 1763 1658 1805 fundamento
1702 1764 1781 1804 niti

271 1832 490 1886 oportebit
521 1847 686 1874 omnem
719 1833 845 1874 huius
873 1833 971 1874 libri
1001 1833 1347 1887 disputationem.

387 1901 581 1954 Itaque
613 1902 786 1955 prima
816 1901 904 1943 lex
936 1905 1037 1952 est,
1077 1906 1136 1943 ut
1172 1902 1224 1942 in
1261 1905 1432 1943 metro
1464 1901 1659 1942 Latino
1693 1915 1779 1955 po-

271 1969 352 2010 dis
390 1969 664 2024 dactylici
703 1984 804 2011 non
844 1971 1024 2024 possit
1061 1971 1200 2011 solvi
1242 1971 1399 2011 arsis.

386 2037 642 2079 Dubitatum
675 2039 855 2080 multum
888 2053 913 2079 a
944 2039 1082 2080 doctis
1121 2039 1173 2080 de
1204 2039 1362 2091 Ennio,
1404 2039 1523 2079 cuius
1565 2038 1619 2079 ab
1651 2038 1781 2079 hexa-

270 2106 419 2147 metris
442 2106 714 2148 Hermannus
738 2107 876 2161 [elem.
893 2107 1026 2149 doctr.
1046 2112 1165 2149 metr.
1186 2108 1286 2162 347]
1310 2107 1467 2160 aliique
1490 2121 1573 2147 non
1596 2107 1780 2148 alienum

270 2178 480 2228 putarunt
509 2175 941 2228 proceleusmaticum
975 2176 1061 2217 sive
1094 2180 1388 2230 anapaestum.
1452 2189 1537 2229 qua
1569 2175 1621 2216 de
1653 2189 1699 2215 re
1732 2189 1780 2216 eo

272 2243 489 2284 difficilius
521 2247 586 2284 est
616 2244 840 2295 iudicium,
884 2258 978 2286 cum
1021 2258 1105 2285 non
1137 2244 1372 2286 abhorreat
1404 2258 1429 2285 a
1460 2257 1560 2284 vero
1590 2244 1780 2284 rationes

270 2311 366 2352 illas
412 2311 665 2353 falsissimas
715 2316 757 2353 et
804 2327 1008 2366 perversa
1054 2314 1412 2367 interpretatione
1455 2312 1779 2354 Homericorum

272 2380 541 2432 quorundam
574 2395 772 2422 versuum
807 2385 942 2432 ortas,
982 2382 1137 2435 quibus
1168 2382 1344 2422 adducti
1376 2381 1645 2435 grammatici
1677 2394 1780 2421 non-

271 2448 375 2488 nulli
417 2452 460 2489 et
502 2449 733 2502 acephalos
779 2464 979 2491 numeros
1021 2454 1064 2491 et
1111 2464 1282 2504 myuros
1327 2453 1370 2491 et
1415 2463 1520 2503 quos
1562 2449 1678 2490 non‘?
1737 2449 1780 2489 in

271 2516 405 2556 Iliade
441 2520 482 2557 et
515 2516 705 2571 Odyssea
737 2517 1060 2571 deprehendere
1092 2518 1172 2559 sibi
1213 2518 1293 2559 visi
1331 2522 1447 2569 sunt,
1489 2532 1573 2558 non
1610 2518 1780 2571 ignotas

271 2584 402 2625 fuisse
435 2584 589 2634 Ennio,
635 2585 950 2627 studiosissimo
984 2591 1026 2626 et
1057 2587 1156 2639 ipsi,
1198 2586 1332 2639 siquis
1367 2586 1448 2626 fuit
1478 2586 1604 2635 alius,
1636 2600 1779 2627 rerum

272 2653 652 2704 grammaticarum
711 2653 947 2707 eodemque
1005 2655 1177 2695 minime
1229 2654 1368 2695 alieno
1417 2668 1442 2695 a
1488 2654 1780 2707 grammaticis

271 2721 461 2761 minutiis
503 2722 782 2775 argutiisque.
844 2722 976 2775 igitur
1017 2723 1265 2763 retractatis
1307 2726 1406 2763 ante
1453 2736 1586 2763 annos
1632 2722 1779 2763 decem

273 2789 534 2830 carminibus
579 2790 669 2830 eius
712 2803 799 2830 rem
847 2790 890 2829 in
934 2790 1119 2831 medium
1168 2791 1339 2844 reliqui,
1383 2804 1477 2831 cum
1524 2790 1779 2843 praesertim

272 2857 468 2910 exempla
509 2858 882 2911 proceleusmatici
924 2858 989 2898 vel
1033 2860 1256 2912 anapaesti
1301 2862 1451 2899 contra
1483 2862 1619 2899 artem
1652 2858 1778 2911 positi

273 2926 415 2966 omnia
447 2926 489 2966 in
530 2927 668 2979 primo
711 2929 905 2967 constent
948 2926 1074 2979 pede,
1118 2927 1189 2979 qui
1229 2927 1434 2968 maiorem
1476 2941 1603 2980 quam
1648 2927 1779 2966 ceteri
