1898 3292
325 189 405 227 228
928 196 1047 222 mmm
1065 196 1240 223 TERTIVS.

437 299 528 340 Iam
561 302 608 339 ut
639 298 916 339 conferantur
946 313 1092 341 omnes
1114 300 1168 341 ab
1192 300 1378 340 Homero
1402 313 1536 352 usque
1559 298 1614 340 ad
1636 298 1671 339 N
1677 313 1832 340 onnum

324 371 366 409 et
397 367 578 408 Tzetzen
610 370 809 408 auctores
841 366 1015 418 Graeci,
1061 369 1345 421 quisquamne
1379 381 1525 409 eorum
1558 367 1627 408 vel
1656 367 1833 408 severis-

323 436 431 478 sima
459 435 620 489 alioqui
642 448 792 477 norma
813 435 1037 477 institutus
1059 440 1226 477 tantam
1249 436 1356 477 artis
1377 435 1510 477 habet
1533 435 1833 485 constantiam7

323 508 531 558 quantam
573 518 594 546 e
625 504 790 545 Latinis
832 503 1086 557 plerumque
1114 504 1427 546 versificatores
1458 506 1524 546 vel
1563 504 1833 545 mediocres?

322 586 406 626 quo
440 573 576 627 magis
600 575 665 614 est
688 571 961 626 culpandum,
994 572 1109 626 quod
1142 573 1280 614 critici
1311 573 1506 627 plerique
1528 573 1571 614 in
1593 572 1834 614 tractandis

320 641 460 695 poetis
491 641 602 683 hanc
633 641 696 682 rei
726 641 933 682 metricae
963 645 1132 695 partem
1164 641 1458 695 neglexerunt.
1510 641 1630 694 piget
1657 640 1833 681 hercule

322 723 598 760 enumerare,
641 714 746 764 quot
786 711 924 752 modis
965 710 1082 764 leges
1122 710 1377 751 incisionum
1417 710 1543 751 modo
1575 710 1832 764 propositas,

321 778 478 832 quibus
506 778 613 819 nihil
652 779 811 821 certius
851 778 1103 832 firmiusque
1146 779 1328 832 cogitari
1368 782 1531 832 potest,
1576 778 1833 819 coniecturis

321 848 555 888 everterint
586 847 780 889 homines
811 847 877 888 vel
908 847 1156 889 doctissimi.

434 915 599 957 Deinde
631 919 926 970 pentametros
959 930 1051 957 esse
1083 916 1272 966 vitiosos,
1301 916 1384 959 nisi
1414 915 1592 966 medius,
1623 918 1671 956 ut
1703 915 1833 966 Quin-

319 984 459 1026 tiliani
492 982 580 1041 [1X,
611 989 649 1037 4,
683 985 755 1040 98]
794 985 936 1026 verbis
968 988 1089 1035 utar,
1132 984 1347 1038 spondeus
1378 984 1557 1025 alterius
1588 983 1708 1025 verbi
1737 982 1832 1032 fine,

320 1053 500 1094 alterius
530 1053 653 1095 initio
686 1057 876 1106 constet,
917 1053 984 1095 vel
1025 1053 1172 1108 pueris
1214 1057 1374 1094 notum.
1436 1066 1570 1106 quare
1604 1066 1750 1094 versus
1777 1051 1831 1093 ab

320 1121 401 1163 hoc
442 1126 677 1176 praecepto
719 1122 881 1164 alienos
924 1123 1240 1164 neotericorum
1279 1121 1452 1175 quidem
1498 1121 1714 1175 plerique,
1758 1120 1832 1162 sed

320 1204 404 1232 non
436 1191 615 1245 perinde
655 1194 809 1245 poetae
843 1194 1008 1233 veteres
1049 1190 1398 1245 comprobarunt.
1461 1191 1564 1244 quin
1606 1203 1684 1231 nec
1728 1189 1833 1231 talia

319 1259 586 1302 admiserunt
616 1259 776 1311 Latini,
819 1259 947 1313 quale
988 1259 1123 1302 habes
1154 1264 1257 1301 noto
1289 1273 1414 1301 versu
1446 1258 1697 1301 Callimachi
1739 1257 1831 1313 ‘[9&

318 1333 404 1371 νῦν
434 1329 480 1372 δὲ
511 1330 841 1383 Διοςκουρίδεω
874 1326 1043 1384 γενεή’.

431 1397 480 1438 In
508 1400 763 1438 tetrametro
794 1411 879 1438 non
911 1396 1187 1447 catalectico,
1226 1397 1313 1438 sive
1343 1396 1458 1438 solus
1493 1399 1581 1437 stat
1612 1396 1699 1438 sive
1729 1410 1831 1450 pars

318 1465 581 1507 archilochei
614 1466 865 1521 asynarteti,
897 1465 1206 1519 semiquinaria
1239 1466 1405 1519 optinet
1426 1465 1572 1515 virilis,
1606 1479 1716 1518 quae
1740 1465 1830 1518 qui-

318 1533 413 1575 dem
454 1534 524 1576 lex
565 1534 798 1588 aliquando
839 1548 865 1576 a
896 1534 1131 1576 Prudentio
1163 1548 1247 1575 non
1281 1535 1370 1576 sine
1403 1534 1644 1588 elegantiae
1676 1534 1830 1575 damno

316 1603 541 1657 migratur.
604 1607 755 1644 contra
798 1602 1069 1645 brevioribus
1108 1603 1257 1644 metris
1289 1603 1405 1645 haud
1432 1602 1654 1657 perindest
1685 1616 1830 1644 neces-

317 1672 478 1714 sarium
510 1671 662 1713 adesse
693 1675 856 1713 certam
887 1671 1150 1713 incisionem.

430 1741 486 1782 At
516 1740 806 1794 anapaesticis
846 1754 867 1782 e
907 1740 1102 1782 versibus
1143 1744 1421 1782 tetrametros
1461 1744 1560 1794 post
1599 1739 1830 1781 secundam

316 1808 558 1863 dipodiam,
603 1812 702 1863 post
739 1810 927 1864 priorem
971 1809 1177 1851 dimetros
1220 1813 1268 1852 ut
1301 1809 1457 1851 Graeci
1494 1809 1555 1850 ita
1586 1808 1728 1850 Latini
1767 1809 1829 1849 in-

316 1877 533 1929 ciderunt,
575 1878 657 1919 etsi
690 1878 873 1920 Varroni
914 1881 957 1920 et
993 1878 1151 1920 Laevio
1194 1878 1425 1931 aliquando
1467 1878 1697 1931 migratam
1737 1891 1829 1919 esse

314 1946 427 1988 hanc
447 1960 643 1988 normam
675 1960 757 1988 non
792 1946 1000 1988 abhorret
1032 1961 1058 1988 a
1087 1946 1409 2001 probabilitate.
1462 1950 1507 1988 at
1540 1946 1670 1987 semel
1693 1947 1829 1988 Auso-

315 2015 411 2057 nius
438 2014 572 2057 habet
594 2014 823 2057 dimetrum
856 2029 1062 2057 caesurae
1095 2019 1317 2069 expertem
1340 2019 1506 2066 priscos
1538 2022 1581 2056 ut
1613 2023 1650 2056 et
1680 2019 1829 2056 heroas

315 2087 405 2125 olim
447 2084 575 2139 [prof.
609 2083 739 2126 Burd.
771 2087 838 2135 21,
874 2084 955 2139 16].
1018 2098 1281 2138 quamquam
1320 2084 1464 2126 nescio
1505 2098 1560 2125 an
1599 2083 1828 2125 mendosus

314 2152 370 2194 sit
401 2166 561 2194 versus.
622 2166 722 2194 nam
760 2152 1015 2194 traditumst
1054 2153 1311 2207 antiquitus,
1354 2156 1402 2194 ut
1444 2152 1630 2204 videtur,
1663 2156 1828 2203 priscos

314 2225 531 2263 ethereas
565 2225 668 2262 olim.
731 2222 879 2275 itaque
909 2221 1045 2263 tutius
1084 2222 1165 2263 erit
1206 2222 1267 2263 sic
1306 2222 1479 2275 reponi:
1521 2229 1563 2262 ut
1605 2228 1642 2262 et
1680 2225 1828 2262 heroas

306 2293 472 2341 priscos
504 2293 607 2339 olim,
642 2304 726 2344 quo
756 2290 915 2331 vitetur
947 2304 993 2332 as
1024 2290 1283 2344 productum
1315 2290 1359 2331 in
1389 2293 1549 2332 heroas.
1600 2304 1698 2331 mox
1720 2289 1827 2331 Boe-

313 2357 429 2400 thius
473 2362 629 2412 quater
672 2357 771 2400 ‘non
803 2364 908 2401 valet
944 2366 1015 2400 aut
1048 2362 1194 2411 pelam·
1231 2355 1464 2400 racliorum'
1513 2356 1693 2408 ‘infirma
1729 2372 1826 2409 per-

313 2441 505 2478 rumpere
527 2425 637 2469 luce’
691 2426 811 2479 ‘quae
835 2432 930 2477 sint,
964 2442 1068 2479 quae
1091 2432 1255 2480 suerint
1276 2424 1539 2479 venc'anlqzce'
1582 2425 1655 2468 ‘an
1678 2431 1828 2468 nullast

315 2499 526 2537 discordia
557 2499 664 2537 veris
704 2496 770 2551 [V‚
804 2499 841 2547 2,
870 2500 917 2548 43
952 2501 994 2549 ὃς
1031 2500 1101 2548 10;
1135 2499 1171 2547 3,
1207 2496 1261 2550 6].

429 2563 592 2605 Deinde
637 2564 680 2605 in
724 2564 922 2606 trimetro
969 2564 1154 2606 iambico
1201 2564 1307 2618 (sive
1350 2564 1424 2617 qui
1470 2563 1524 2605 ab
1569 2563 1825 2604 Archilocho

314 2633 401 2674 sive
433 2633 507 2686 qui
537 2632 592 2674 ab
625 2632 898 2686 Hipponacte
930 2633 1098 2687 accepit
1130 2633 1300 2686 nomen)
1343 2631 1583 2674 simillimae
1622 2635 1751 2685 atque
1782 2631 1825 2672 in

313 2700 566 2743 hexametro
620 2701 854 2756 dactylico,
909 2701 976 2742 cui
1027 2715 1111 2743 non
1162 2701 1289 2742 modo
1340 2715 1443 2742 usus
1494 2700 1738 2754 frequentia
1783 2703 1826 2740 et

312 2769 560 2821 nobilitate,
608 2769 684 2811 sed
729 2769 871 2823 legum
919 2769 1049 2810 etiam
1093 2769 1333 2811 rationibus
1376 2772 1419 2811 et
1459 2768 1642 2810 modulis
1682 2771 1826 2822 potest

314 2838 569 2892 comparari,
593 2851 869 2879 caesurarum
894 2839 1170 2892 reperiuntur
1190 2851 1377 2879 normae.
1421 2851 1520 2878 nam
1543 2836 1825 2878 celeberrima

312 2906 429 2948 haud
460 2907 590 2949 dubie
622 2907 771 2948 incisio
802 2906 918 2948 illius
951 2921 1013 2958 ea,
1047 2920 1157 2960 quae
1192 2910 1291 2960 post
1319 2907 1514 2961 quintum
1539 2906 1677 2947 evenit
1699 2905 1823 2947 semi-
