1898 3292
247 210 328 247 504
830 216 950 240 LIBER
969 215 1170 240 SEPTIMVS.

245 321 285 359 in
319 319 461 372 priore
493 318 678 358 editione
714 333 843 370 neque
874 317 1081 358 traditum
1111 318 1392 370 notaveram),
1426 331 1500 357 nec
1528 317 1752 370 usurpavit

247 387 452 441 exemplis
500 387 671 427 circiter
710 387 908 436 CCCXX,
950 401 1079 437 neque
1122 386 1220 426 XXI
1261 385 1306 441 [Ι,
1336 390 1410 437 53,
1443 389 1549 437 286,
1580 386 1637 435 II,
1669 390 1749 426 283

246 456 468 507 1)13;539,
509 456 585 497 ΙΙΙ.
620 460 694 507 50,
730 459 831 506 128,
865 459 966 506 389,
1009 455 1078 504 IV,
1109 458 1210 505 2553
1246 457 1349 505 4173
1383 457 1483 505 762,
1517 458 1619 505 772,
1664 454 1750 503 VII,

251 529 351 575 119,
380 528 481 575 739,
516 524 624 574 VIII,
659 528 761 575 206,
793 524 991 574 1Χ,305,
1026 526 1127 574 376,
1161 526 1264 574 333,
1296 526 1400 573 341,
1431 523 1481 571 Χ,
1505 525 1609 573 2253
1641 522 1750 578 4711.

247 607 375 646 porro
407 592 680 646 pyrrichiaca
711 591 925 645 particula
961 591 1133 631 noviens
1164 605 1266 631 usus
1300 589 1510 631 Martialis
1541 589 1589 645 [1,
1620 594 1686 639 64,
1709 594 1752 641 4,

248 665 417 712 92,11,
465 661 538 709 ΙΙΙ,
575 665 637 710 16,
671 665 717 711 3,
759 660 826 709 VI,
863 664 922 709 19,
957 664 998 710 1,
1032 659 1119 709 VII,
1152 662 1217 708 51,
1254 662 1327 709 11,
1361 658 1470 709 VIII,
1507 662 1572 709 40,
1608 662 1650 710 1,
1681 659 1753 708 XI,

249 734 313 778 58,
344 733 387 780 7,
423 729 513 779 XII,
547 732 611 778 24,
645 732 690 780 7,
720 728 829 777 XIV,
863 731 928 777 94,
962 727 1014 783 2],
1047 742 1128 768 11011
1162 727 1345 780 saepius.
1396 741 1493 767 nam
1526 730 1754 780 praeterea

248 797 359 850 apud
406 797 519 837 hunc
559 796 672 850 quod
714 796 850 836 fertur
891 795 1002 851 [VII,
1040 799 1101 845 14,
1136 795 1175 851 7]
1221 794 1312 836 ‘lus
1348 810 1436 836 mea„
1472 810 1547 835 non
1592 799 1754 846 capitur

247 869 367 916 uulsis
389 879 518 916 neque
540 868 716 906 moribus
739 862 866 912 efslis’,
901 865 1071 904 omnino
1103 867 1292 905 verumst
1313 864 1477 904 venisse
1510 878 1534 904 a
1555 864 1754 905 Martiale

248 947 323 973 nec
345 937 561 980 anmre’lms,
594 947 732 985 neque
763 932 938 973 hercule
972 932 1220 973 eredibilest
1248 932 1478 978 injucunde
1505 933 1646 973 soluta
1668 933 1753 972 arsi

248 1001 406 1041 dixisse
438 1001 617 1041 eundem
653 1000 759 1056 [VIL
784 1005 849 1050 20,
876 1000 913 1056 1]
958 999 1081 1041 ‘nillil
1109 1008 1168 1041 esc
1196 1004 1383 1041 miseriem
1415 1015 1543 1051 neque
1573 1004 1755 1051 (salesius

249 1067 440 1117 S'allll'lst,
472 1070 512 1109 in
548 1083 632 1122 quo
655 1084 779 1110 versu
804 1084 884 1109 non
909 1069 1228 1110 contemnendis
1251 1069 1507 1110 testimoniis
1529 1084 1605 1122 per
1627 1069 1754 1109 ditto-

249 1139 471 1191 graphiam
506 1138 733 1179 exhibetur
766 1152 850 1179 nec.
900 1138 983 1178 iam
1018 1137 1132 1191 apud
1165 1137 1447 1178 Claudianum
1478 1137 1520 1177 111
1552 1141 1616 1178 tot
1648 1137 1754 1177 mili-

249 1207 327 1247 bus
370 1222 568 1247 versuum
615 1207 778 1247 octiens
825 1206 995 1247 deciens
1042 1206 1254 1247 invenitur
1298 1220 1427 1257 neque
1477 1207 1639 1260 [1,11;
1681 1210 1755 1257 85,

250 1279 354 1326 2183
398 1281 439 1324 2³»,
473 1279 574 1326 294,
621 1281 662 1325 5,
697 1279 741 1326 7,
791 1279 857 1325 10,
893 1278 967 1326 52,
1014 1279 1079 1324 ls,
1114 1278 1187 1325 633
1233 1278 1404 1326 21,92,
1442 1279 1540 1326 100,
1583 1278 1648 1323 22,
1681 1278 1755 1325 67,

254 1348 353 1395 143,
392 1348 456 1392 36,
490 1347 592 1395 614,
626 1348 691 1393 33,
725 1347 828 1394 634,
862 1348 926 1393 29,
960 1346 1004 1395 6,
1039 1347 1103 1393 34,
1138 1347 1211 1395 33,
1246 1348 1309 1394 35,
1343 1347 1446 1395 2413
1478 1347 1544 1394 44,
1575 1347 1648 1394 233
1690 1347 1755 1391 49,

250 1413 307 1466 0]
369 1416 459 1452 tum
493 1412 543 1453 de
577 1412 909 1452 christianorum
942 1415 1165 1465 poetarum
1199 1426 1279 1453 usu
1309 1412 1477 1453 incuria
1507 1412 1755 1465 grammati-

250 1495 396 1521 corum
435 1496 529 1521 cum
573 1495 724 1534 parum
772 1484 955 1530 constet,
1001 1484 1145 1521 tamen
1188 1480 1404 1521 annotabo
1450 1480 1504 1521 ab
1545 1480 1636 1531 illo,
1683 1481 1756 1534 qui

250 1549 422 1602 scripsit
443 1549 705 1589 hexametris
728 1548 863 1589 Didus
886 1548 939 1589 ad
965 1549 1136 1589 Aenean
1159 1549 1385 1602 epistulam
1418 1548 1590 1604 [Meyer.
1618 1549 1756 1605 1610],

250 1617 349 1670 poni
393 1632 467 1657 nec
508 1618 550 1657 in
591 1617 701 1657 thesi
744 1617 975 1657 undeciens
1020 1616 1109 1673 [113
1147 1620 1219 1668 16,
1253 1621 1325 1669 28,
1359 1621 1431 1669 29,
1466 1621 1538 1669 51,
1573 1621 1647 1670 66,
1682 1622 1756 1669 70,

250 1690 324 1736 82,
358 1689 433 1736 63,
471 1689 572 1736 126,
611 1685 723 1741 132],
772 1686 901 1726 semel
944 1700 1074 1736 neque
1118 1684 1232 1741 [147]
1275 1684 1399 1726 ‘victa
1434 1691 1566 1737 feror.
1629 1700 1758 1736 neque

251 1757 353 1793 enlm,
386 1760 521 1793 {melles
555 1758 603 1794 de
627 1758 782 1804 funere
811 1751 963 1812 luqlzcs’
1001 1758 1132 1806 atque
1163 1754 1274 1794 idem
1309 1757 1457 1795 extare
1491 1754 1621 1795 semel
1644 1754 1758 1808 apud

252 1821 469 1862 Sedulium
503 1822 704 1862 carminis
743 1822 959 1875 paschalis
1000 1822 1148 1874 quinto
1188 1823 1299 1877 [47],
1342 1823 1468 1864 modo
1510 1823 1565 1863 sit
1598 1837 1757 1873 verum,

249 1891 291 1930 in
324 1890 441 1930 hisce
487 1889 632 1941 “neque
665 1894 766 1931 enim
799 1894 902 1931 hona
933 1894 1071 1932 necandi
1101 1889 1376 1942 sufficerent'.
1438 1905 1535 1932 nam
1579 1891 1681 1932 alibi
1715 1892 1758 1931 111

251 1958 400 1999 eodem
432 1958 644 1999 volumine
675 1959 765 2013 [41]
800 1962 928 2009 recte,
970 1963 1017 2000 ut
1046 1963 1163 2013 puto,
1207 1959 1412 2001 Arevalus
1445 1974 1519 2001 nec
1549 1963 1607 2001 illc·
1638 1964 1758 2010 culpa

252 2031 374 2067 (lalus
408 2030 559 2077 prelio,
600 2027 673 2068 ubi
714 2027 882 2068 codices
919 2027 1091 2080 plurimi
1124 2042 1265 2079 neque.
1328 2042 1435 2081 quos
1466 2042 1518 2069 ne
1548 2028 1591 2068 in
1629 2029 1757 2069 tertio

251 2095 440 2147 quidem,
483 2095 525 2135 in
565 2109 648 2148 quo
689 2096 846 2149 legitur
880 2096 971 2150 [58]
1017 2099 1085 2146 qui
1117 2100 1224 2147 reqit
1255 2100 1394 2137 Israel
1418 2110 1548 2147 neque
1580 2111 1758 2147 prorsus

252 2167 421 2203 dormiet
461 2178 669 2214 umquam,
715 2165 824 2205 tanti
857 2164 1076 2205 faciendos
1116 2165 1333 2215 existimo,
1381 2165 1482 2218 quin
1513 2164 1757 2218 praeferam

251 2231 431 2282 schedas
463 2231 704 2283 I'ulmanni,
749 2232 903 2285 quibus
948 2233 1153 2274 traditum
1187 2247 1366 2283 prorsus
1397 2247 1482 2274 nec.
1544 2233 1628 2274 iam
1660 2247 1757 2286 gra-

250 2299 421 2339 vissimo
464 2300 681 2340 tenebitur
712 2314 869 2351 errore,
912 2301 984 2353 qui
1017 2315 1084 2351 ea,
1127 2315 1237 2354 quae
1279 2301 1404 2342 modo
1446 2302 1756 2355 proposuimus,

250 2367 349 2407 hinc
382 2368 584 2408 statuerit
616 2382 741 2421 posse
774 2368 999 2422 explicari,
1046 2369 1160 2422 quod
1207 2369 1313 2410 illud
1355 2384 1429 2410 nec
1471 2384 1565 2410 cum
1596 2370 1638 2410 in
1671 2370 1758 2410 arsi

251 2435 384 2475 solum
409 2435 569 2476 habeat
590 2436 742 2486 locum,
774 2441 863 2477 tum
896 2438 937 2477 in
960 2437 1154 2479 formulis
1177 2437 1447 2490 quibusdam,
1480 2438 1628 2491 quales
1660 2442 1759 2479 sunt

243 2501 450 2552 mecam,
485 2518 659 2549 necnon,
693 2503 953 2555 necopinus-⁷.
1017 2520 1118 2546 sane
1161 2506 1234 2559 qui
1273 2510 1371 2559 post
1400 2506 1645 2547 Lucretium
1689 2506 1756 2560 [V,

252 2572 350 2625 774]
395 2586 524 2622 neque
567 2577 797 2623 opinantem
838 2573 994 2614 dixerit
1033 2574 1199 2616 invenio
1239 2576 1461 2616 neminem.
1522 2575 1565 2616 in
1607 2575 1757 2616 Lucilii

250 2639 503 2692 fragmento,
536 2641 649 2694 quod
682 2642 796 2695 apud
830 2642 1011 2683 Nonium
1045 2643 1110 2684 bis
1140 2643 1299 2696 legitur
1330 2644 1408 2685 sub
1440 2644 1582 2685 verbis
1627 2642 1755 2684 ‘mcm-

253 2707 448 2749 ducalzcr'
487 2713 529 2750 et
571 2708 961 2751 ‘conmmeclucalm*²
998 2712 1121 2765 [4773
1155 2713 1270 2766 47S],
1302 2711 1438 2752 altero
1470 2712 1564 2753 Ioco
1588 2712 1756 2753 codices

250 2777 412 2817 habent
455 2777 604 2829 ‘neque
646 2777 915 2829 opinantem',
960 2780 1096 2820 altero
1141 2779 1235 2820 ‘nec
1275 2779 1541 2830 OJJe'tzantenz’.
1610 2795 1755 2821 verum

250 2845 421 2886 minime
454 2847 698 2900 apparebit,
742 2862 817 2888 cur
849 2848 1005 2889 totiens
1036 2849 1078 2888 111
1110 2848 1221 2889 thesi
1251 2849 1390 2902 posito
1422 2848 1493 2889 illo
1526 2863 1599 2889 nec
1632 2863 1755 2902 spon-

251 2914 376 2955 deum
406 2930 533 2969 quam
567 2915 781 2970 dactylum
813 2917 1040 2957 admittere
1064 2917 1291 2959 maluerint
1322 2921 1489 2972 poetae,
1521 2932 1598 2957 nce
1621 2918 1756 2972 magis
