1898 3292
248 189 292 227 51
305 189 326 226 2
831 197 951 221 LIBER
970 196 1170 221 SEPTIMVS.

246 300 408 353 optimi.
454 324 504 328 —
549 302 596 340 ut
628 302 776 349 potior,
819 299 1074 352 coniugatur
1111 302 1234 340 ore'or.
1298 298 1578 352 compositum
1612 302 1755 338 tamen

245 371 427 416 (ιᾱονὶον,
469 367 549 408 nisi
587 370 841 420 sequeretur
883 371 1095 420 quartam,
1142 366 1354 420 dactylico
1384 370 1521 407 metro
1554 366 1754 419 adaptari

244 449 329 476 non
359 435 551 489 potuisse
585 435 712 476 facile
745 439 938 488 apparet.

361 505 450 545 lam
493 504 535 544 in
577 503 841 557 imperfectis
885 517 953 553 ea,
1000 517 1110 556 quae
1150 507 1249 544 sunt
1291 505 1394 544 Ibam
1437 506 1480 543 et
1522 505 1630 549 ibor,
1676 516 1754 556 pro

245 572 510 627 plenioribus
550 571 751 613 finalibus
795 571 991 613 adhiberi
1032 571 1148 613 nullo
1185 575 1378 625 tempore
1409 584 1583 624 prorsus
1616 584 1755 612 cessa-

247 645 411 691 verunt,
454 641 555 682 licet
592 641 714 682 mult-i
751 641 886 681 vitent
927 644 1093 694 poetae.
1155 644 1200 681 at
1238 640 1429 681 futurum
1470 640 1512 680 in
1553 642 1616 680 ibo
1661 654 1754 681 eum

248 710 363 751 solus
401 710 513 750 inter
554 712 705 763 poetas
739 710 933 762 Augusto
975 708 1177 761 aequales
1217 712 1470 762 usurpasset
1506 708 1756 761 Propertius

245 778 327 819 hoc
361 792 486 819 versu
522 778 611 832 [1V,
645 781 711 827 21,
746 778 817 831 32]
861 776 1061 818 ‘lembum
1095 780 1215 818 {acilo
1248 781 1416 817 vulnera
1451 783 1590 816 nostra
1622 775 1755 824 sinu',

246 872 300 876 —
332 846 580 887 abstinuere
613 845 761 886 eodem
795 845 1020 886 Lucretius
1052 849 1093 885 et
1125 844 1319 886 Catullus
1355 870 1432 894 ——,
1476 857 1573 884 mox
1615 845 1755 885 imita-

245 915 360 955 tione
388 914 773 956 vetustissimorum
806 918 904 967 post
934 927 1067 955 annos
1100 913 1232 954 CCCC
1265 916 1526 954 renovarunt
1557 916 1755 953 auctores

245 983 480 1024 christiani.
548 983 608 1023 sic
651 983 859 1023 Iuvencus
906 980 1014 1023 dixit
1059 984 1256 1033 largsibor‚
1299 978 1494 1022 redimibo
1538 981 1615 1035 [IL
1653 985 1754 1031 5623

242 1052 311 1102 IV,
347 1051 470 1104 189]‚
516 1051 730 1092 Ausonius
763 1053 939 1101 sepelibo
981 1051 1122 1105 [epist.
1157 1054 1221 1100 25),
1255 1050 1349 1104 61],
1394 1050 1627 1090 Venantius
1664 1050 1755 1104 [IX.

242 1123 279 1170 2,
314 1120 412 1174 124]
445 1122 604 1160 restilm.
643 1145 691 1149 —
731 1123 961 1173 praeterea
991 1119 1126 1160 habes
1158 1118 1273 1172 apud
1303 1119 1532 1159 Iuvencum
1573 1121 1615 1158 et
1645 1118 1753 1158 Dra-

242 1188 430 1228 contium
479 1188 561 1242 [IL
595 1191 673 1229 251
721 1188 785 1228 ed.
831 1187 1030 1238 Marold.;
1075 1190 1111 1237 2,
1148 1187 1251 1241 124]
1298 1190 1583 1234 leam-iturum,
1637 1186 1753 1239 apud

242 1256 548 1297 Maximianum
572 1256 628 1310 [5,
651 1256 723 1310 97]
748 1260 987 1307 feriturum,
1018 1255 1100 1296 hoc
1132 1255 1305 1308 quidem
1336 1258 1537 1308 correpta
1567 1258 1593 1302 τ’,
1626 1254 1755 1307 idque

245 1326 383 1378 ipsum
426 1338 452 1365 a
493 1324 637 1379 Ieepio
680 1324 895 1366 redditum
929 1324 1164 1366 Claudiano
1207 1323 1278 1378 [de
1310 1327 1420 1376 rapt.
1453 1322 1650 1376 Proserp.
1683 1323 1755 1373 III,

243 1393 356 1447 359]

356 1461 552 1515 Denique
583 1462 844 1515 deponentia
876 1476 971 1503 cum
1003 1461 1303 1514 antiquissimo
1344 1464 1537 1513 tempore
1569 1459 1754 1513 plerum-

240 1544 322 1583 que
363 1530 491 1571 activi
534 1530 716 1571 formam
754 1534 1095 1583 recuperassent,
1140 1530 1289 1571 eadem
1331 1529 1429 1570 inde
1475 1529 1529 1570 ab
1574 1529 1754 1582 Augusti

243 1602 387 1639 aetate
426 1602 601 1652 praeter
645 1598 777 1640 verba
819 1599 1030 1652 quaedam
1076 1598 1264 1652 primae,
1309 1611 1489 1651 quorum
1532 1611 1754 1638 numerum

242 1680 402 1708 auxere
435 1667 670 1718 christiani,
702 1671 870 1709 tantum
903 1681 986 1708 non
1019 1667 1189 1708 omnino
1220 1667 1403 1707 evanuit.
1453 1666 1583 1706 veluti
1605 1665 1755 1706 irride-

241 1739 313 1777 tur
334 1735 388 1776 ab
412 1736 600 1777 Ausonio
633 1736 782 1790 [epigr.
812 1740 889 1787 483
918 1736 1004 1790 49],
1036 1735 1109 1789 qui
1140 1738 1356 1776 reminisco
1388 1735 1545 1776 dixerit
1566 1736 1608 1775 in
1632 1748 1755 1775 versu

241 1818 319 1857 pro
348 1807 599 1846 reme'm‘scor.

358 1874 564 1927 Superest
607 1876 655 1914 ut
700 1873 899 1914 anomala
945 1886 1268 1926 persequamur.
1339 1886 1390 1913 ac
1434 1872 1618 1926 primum
1663 1872 1754 1924 qui-

243 1940 338 1982 dem
378 1941 494 1994 quod
526 1940 828 1983 Fleckeisenus
869 1942 912 1982 in
953 1941 1138 1995 epistula
1179 1941 1233 1981 ad
1271 1941 1502 1982 Martinum
1534 1940 1753 1981 Hertzium

242 2010 300 2064 [p.
325 2010 483 2064 6-10]
516 2010 672 2051 asserit
693 2009 869 2051 verbum
893 2009 1008 2063 quod
1041 2013 1107 2051 est
1138 2013 1202 2050 αἱο
1235 2013 1418 2062 quartae
1441 2008 1754 2062 adsignandum

244 2078 556 2132 coniugationi,
600 2079 997 2132 antiquissimorum
1036 2078 1197 2132 placita
1238 2091 1323 2119 non
1359 2091 1513 2119 moror.
1575 2077 1649 2118 sed
1681 2077 1755 2118 da-

243 2147 386 2201 ctylici
418 2147 549 2188 alium
579 2146 798 2188 modulum
839 2147 976 2188 secuti
1009 2160 1192 2200 posuere
1221 2145 1490 2201 pyrrichiace
1522 2146 1755 2187 secundam

243 2215 486 2268 praesentis
518 2228 747 2269 personam
779 2219 841 2256 ais
871 2215 1004 2270 [Pers.
1036 2220 1074 2265 4,
1104 2219 1177 2266 273
1210 2215 1578 2266 Terentia11.249;
1611 2214 1754 2255 Sidon.

243 2278 418 2336 epithal.
457 2283 544 2324 Pol.
589 2287 631 2324 et
671 2284 800 2324 Aran,
838 2283 924 2338 48].
994 2283 1107 2324 unde
1150 2283 1395 2324 Victorinus
1434 2283 1585 2338 [2524]
1625 2282 1754 2323 talem

242 2365 412 2392 versum
460 2350 591 2402 ‘quid,
624 2355 700 2401 ais,
735 2355 933 2403 Epidio-e?
973 2354 1043 2392 tibi
1080 2354 1252 2402 facilior
1285 2355 1362 2392 erit
1399 2349 1563 2392 amorP'
1629 2350 1756 2391 affert

244 2433 321 2473 pro
354 2419 549 2473 exemplo
588 2420 697 2471 eius,
740 2420 813 2473 qui
852 2419 1015 2461 heroici
1054 2419 1179 2461 metri
1221 2420 1358 2461 instar
1388 2419 1588 2461 resolutis
1618 2419 1755 2470 longis

244 2488 299 2529 ad
343 2488 490 2529 decem
534 2492 577 2529 et
616 2492 777 2542 septem
818 2488 1032 2530 increscat
1072 2487 1271 2543 syllabas.
1319 2513 1373 2518 —
1418 2501 1548 2542 porro
1581 2487 1755 2540 dignum

244 2557 472 2607 memoria,
513 2556 629 2610 quod
668 2557 711 2597 in
753 2557 939 2611 epistula
979 2557 1169 2598 Canaces
1208 2556 1420 2598 Ovidiana
1463 2556 1620 2609 legitur
1662 2555 1754 2609 [59]

243 2625 349 2666 illud
391 2628 496 2666 aisti.
540 2650 595 2655 —
633 2625 720 2666 iam
767 2624 818 2666 de
864 2629 1014 2666 edendi
1054 2624 1263 2667 vocabulo
1307 2629 1355 2666 ut
1400 2628 1578 2678 agatur,
1628 2623 1754 2665 huius

245 2694 406 2734 formas
455 2693 675 2735 breviores
716 2707 800 2734 non
844 2694 1137 2735 contractione
1178 2697 1316 2744 ortas,
1369 2693 1443 2734 sed
1487 2693 1644 2734 omissa
1684 2705 1754 2733 vo—

245 2762 329 2803 cali
366 2761 629 2815 copulatrice
662 2766 703 2803 et
734 2761 909 2803 admota
945 2761 1001 2802 ad
1037 2761 1226 2803 radicem
1256 2774 1443 2802 consona
1473 2761 1603 2810 finali,
1645 2760 1755 2801 sicut

245 2830 293 2870 fit
332 2830 373 2870 in
411 2829 574 2880 verbis,
615 2843 725 2882 quae
765 2831 807 2870 in
847 2848 893 2885 μι
934 2834 1111 2877 exeunt,
1159 2834 1255 2883 post
1297 2830 1403 2870 alios
1445 2829 1753 2870 demonstravit

246 2899 447 2951 Speierus
495 2898 853 2939 Observationum
898 2898 1339 2950 Emendationumque
1383 2897 1528 2938 libello
1573 2912 1609 2938 a.
1646 2900 1748 2937 1891
