1898 3292
824 926 896 975 V.

498 1053 766 1105 LIBER
814 1054 1235 1116 QVARTVS.

245 1285 318 1325 DE
350 1284 659 1326 VOCALIBVS
691 1283 932 1325 INTERSE
964 1284 1478 1327 CONGVRRENTIBVs.

220 1387 409 1428 Tandem
449 1387 522 1437 eis,
567 1401 677 1440 quae
721 1400 745 1427 a
787 1386 1003 1440 prioribus
1046 1401 1128 1427 non
1171 1401 1255 1440 qua
1296 1387 1478 1429 decebat
1509 1404 1612 1430 cura

106 1458 205 1497 sunt
236 1455 397 1507 habita,
439 1455 543 1497 satis
582 1455 810 1508 diligenter
849 1455 1123 1509 perlustratis
1164 1455 1265 1496 licet
1308 1469 1526 1509 emergere
1558 1458 1612 1499 ad

104 1526 251 1577 partes
296 1524 330 1565 si
373 1538 456 1564 non
501 1523 792 1573 iucundiores,
842 1527 957 1564 certe
997 1523 1254 1574 securiores,
1302 1524 1460 1578 quippe
1502 1540 1613 1578 quae

103 1591 336 1633 identidem
366 1591 617 1646 praeclaras
649 1592 946 1633 excellentium
981 1596 1075 1633 arte
1103 1592 1350 1633 criticorum
1383 1594 1614 1636 excitarint

105 1675 241 1702 curas.
304 1675 386 1714 quo
418 1661 554 1714 magis
586 1663 684 1702 avet
715 1660 881 1702 animus
914 1660 967 1701 ab
1000 1660 1084 1701 illis
1114 1661 1274 1714 optime
1315 1660 1519 1703 incohata
1557 1662 1612 1704 ad

104 1728 276 1782 dignum
305 1729 431 1770 finem
464 1728 712 1782 perducere.

215 1809 368 1863 Itaque
399 1812 447 1850 ut
478 1812 631 1862 coepta
658 1812 969 1862 perpetremus,
1003 1809 1035 1848 si
1060 1808 1218 1850 vocalis
1247 1809 1290 1849 in
1315 1808 1398 1850 fine
1421 1809 1610 1864 syllabae

102 1877 243 1931 posita
274 1878 487 1932 excipitur
517 1879 769 1932 insequente
801 1877 903 1918 item
935 1877 1089 1925 vocali,
1134 1876 1331 1918 subsistit
1366 1882 1409 1918 et
1438 1877 1611 1921 laborat

103 1949 145 1987 et
182 1946 305 1999 quasi
346 1946 438 1988 hiat
480 1948 632 1989 oratio.
693 1946 780 1987 tale
819 1945 986 1996 vitium,
1030 1945 1150 1986 cuius
1191 1958 1362 1986 sensum
1404 1948 1610 1989 neoterici

105 2014 294 2068 exceptis
325 2015 445 2056 Italis
487 2019 529 2056 et
560 2015 671 2069 siqui
700 2028 847 2056 aurem
880 2013 1054 2054 assidua
1085 2013 1269 2055 lectione
1301 2015 1608 2068 exemplarium

102 2082 369 2124 Graecorum
398 2087 440 2124 et
468 2084 718 2125 Latinorum
762 2083 1031 2136 castigarunt
1068 2081 1297 2136 perdidere
1327 2086 1495 2125 tantum
1525 2098 1609 2126 non

101 2164 280 2202 omnem,
312 2152 485 2205 gravius
516 2165 608 2193 esse
637 2154 837 2202 verumst,
872 2151 992 2205 prior
1026 2151 1061 2192 si
1082 2151 1242 2193 vocalis
1275 2151 1320 2193 in
1351 2152 1468 2194 exitu
1489 2152 1609 2194 verbi

102 2219 158 2260 sit
187 2220 341 2273 posita,
373 2221 574 2273 quoniam
606 2221 726 2262 finito
758 2219 967 2261 vocabulo
999 2220 1169 2261 omnino
1191 2233 1271 2274 per
1292 2233 1337 2262 se
1359 2220 1609 2262 retardatur

101 2293 239 2329 ser'mo
272 2291 315 2329 et
344 2288 686 2342 interrumpitur.
749 2288 861 2330 unde
891 2288 937 2330 id
966 2288 1111 2330 hiatus
1149 2301 1282 2341 genus
1321 2289 1444 2342 peius
1474 2290 1608 2332 multo

101 2370 229 2409 quam
256 2357 439 2398 alterum
462 2357 590 2398 odere
613 2361 792 2399 veteres.
850 2360 895 2398 at
926 2370 978 2398 ex
1008 2356 1090 2399 hoc
1111 2356 1461 2410 ingratissimum,
1493 2359 1608 2412 quod

100 2424 148 2465 fit
186 2425 228 2465 in
260 2424 480 2479 disyllabis
512 2425 732 2467 vocabulis
763 2425 828 2466 vel
858 2425 901 2466 in
932 2425 1075 2466 media
1103 2428 1229 2480 parte
1261 2426 1606 2480 compositorum.

101 2493 220 2534 cuius
253 2493 315 2534 rei
350 2507 449 2534 mox
479 2493 685 2535 reddetur
717 2506 859 2535 causa.
911 2496 1094 2547 apparet
1123 2506 1237 2545 vero,
1272 2508 1356 2548 quo
1388 2494 1608 2537 molestior

100 2561 313 2602 vocalium
346 2562 692 2603 concurrentium
715 2562 884 2603 eveniat
905 2561 1082 2614 collisio,
1116 2575 1165 2604 eo
1186 2562 1313 2616 plura
1335 2566 1377 2605 et
1397 2563 1607 2604 validiora

100 2629 297 2671 adhiberi
333 2630 462 2671 licere
506 2630 561 2671 ad
595 2629 745 2672 vitium
789 2630 1025 2672 tollendum
1066 2630 1269 2673 remedia.
1328 2631 1606 2673 intenderunt

99 2698 205 2738 haec
226 2701 393 2751 poetae,
425 2701 473 2739 ut
495 2698 650 2751 quibus
673 2698 729 2740 sit
748 2698 997 2750 iniunctum,
1030 2699 1223 2741 nativam
1243 2699 1412 2753 patriae
1434 2699 1604 2753 linguae

99 2766 386 2820 eurythmiam
419 2769 462 2807 et
493 2766 752 2820 euphoniam
772 2771 820 2809 ut
841 2771 1064 2820 praestent
1085 2781 1214 2821 quam
1234 2767 1603 2822 perfectissimam.

100 2848 281 2887 quorum
324 2848 400 2876 nos
435 2835 479 2875 in
519 2834 692 2888 placitis
733 2835 1057 2889 perscrutandis
1099 2835 1398 2887 subsistemus,
1438 2835 1604 2878 modice

98 2903 165 2943 usi
197 2902 465 2956 digrediendi
497 2902 806 2956 occasionibus,
837 2903 939 2945 licet
969 2903 1206 2946 offerantur
1232 2903 1455 2960 plurimae.
