1898 3292
268 193 347 232 532
882 197 1118 224 opvscvnvm
1136 199 1158 223 1.

381 302 509 344 Finiti
541 301 701 343 ordinis
730 302 956 354 integritas
989 315 1073 354 quo
1107 303 1317 341 servetur.
1358 300 1467 340 arsis
1509 299 1659 352 quinta
1690 312 1771 339 non

266 373 373 413 solet
405 371 509 412 solvi
540 371 619 411 nisi
652 370 862 411 vocabulo
901 370 1127 423 plusquam
1170 367 1394 421 trisyllabo
1427 367 1653 408 claudente
1688 381 1773 407 me-

264 444 390 481 trum.
430 453 454 480 a
478 452 563 492 qua
583 452 733 479 norma
755 438 824 479 vix
847 442 945 479 sunt
968 437 1134 478 diversa
1157 436 1266 476 haec
1296 436 1362 491 [V,
1389 439 1425 486 7,
1449 438 1524 486 223
1558 435 1625 476 VI.
1649 439 1685 478 9.
1710 436 1773 489 (ῆι

473 512 618 556 quidam
645 513 680 546 in
706 514 946 556 conspectum
972 510 1204 555 proditurum
1230 510 1306 544 sine
1331 521 1443 543 mora.

472 569 664 614 respondit
690 569 770 602 illa:
798 567 973 612 quicquid
998 567 1153 610 dederis,
1181 567 1268 601 satis
1293 567 1372 601 erit.

382 638 772 680 Proceleusmatico
810 637 850 677 in
886 636 1025 689 prima
1065 639 1232 676 tantum
1274 635 1393 676 locus
1436 638 1499 675 est
1540 634 1657 681 sede,
1702 635 1776 675 sed

268 712 422 749 certus.
473 721 571 748 nam
603 720 686 746 non
718 705 843 746 modo
875 705 917 745 in
941 704 1035 758 Syri
1067 704 1286 753 trimetris,
1320 717 1514 757 quorum,
1546 706 1593 744 ut
1618 716 1775 743 memo-

267 777 371 826 ravi,
403 790 473 816 urs
506 779 570 816 est
597 774 822 823 simillima,
855 773 929 814 sed
964 773 1070 813 adeo
1104 773 1145 812 in
1177 773 1442 825 graecanicis
1472 771 1585 812 idem
1617 772 1777 825 reperi-

266 850 338 886 tur
374 844 568 885 versibus
597 843 797 893 Senecae,
829 846 877 882 ut
909 841 1201 882 scaenicorum
1234 841 1353 881 Sulla
1382 840 1573 894 priorum
1607 840 1776 880 Lucilii-

268 927 349 967 que
382 927 431 953 ac
460 912 666 953 Varronis
699 911 892 951 omittam
928 910 1134 962 exempla.
1188 908 1457 962 excerpenda
1484 912 1626 949 tamen
1658 908 1777 958 haec,

267 982 340 1023 ubi
371 981 493 1022 initio
521 980 680 1033 legitur
712 981 943 1028 beneficium
978 977 1043 1019 vel
1075 981 1198 1025 m’lzz'l;
1239 974 1335 1018 nam
1376 991 1454 1030 pro
1496 977 1562 1018 his
1600 976 1777 1017 efferen-

268 1050 367 1091 dum
399 1052 621 1099 benficium,
660 1051 719 1088 nil
749 1061 873 1088 nemo
905 1060 988 1087 non
1020 1046 1147 1087 videt.

384 1120 523 1171 Atque
556 1131 581 1158 a
610 1116 808 1157 Phaedro
839 1116 900 1156 ita
933 1129 1100 1168 semper
1131 1118 1397 1168 temperatus
1427 1114 1777 1167 proceleusmati-

269 1201 363 1237 cus,
408 1191 456 1227 ut
495 1190 538 1226 et
569 1200 594 1226 a
628 1185 783 1226 ceteris
814 1184 1085 1238 plerumque,
1126 1183 1259 1224 thesis
1289 1187 1335 1224 ut
1365 1182 1618 1236 impleretur
1647 1182 1778 1223 verbo

270 1254 480 1309 disyllabo
509 1253 574 1295 vel
605 1252 854 1307 trisyllabo,
887 1252 960 1292 sed
993 1252 1168 1293 elisione
1200 1251 1443 1299 imminuto,
1474 1256 1522 1292 ut
1553 1254 1657 1304 puta
1691 1251 1778 1305 [m

273 1329 342 1371 11,
388 1323 457 1377 12]
501 1321 658 1373 ‘itaque
699 1324 819 1362 hodie
858 1334 933 1361 nec
974 1324 1180 1361 lucernam
1226 1324 1275 1361 de
1315 1324 1475 1371 flamma
1519 1316 1674 1360 denm’.
1737 1322 1781 1359 at

268 1405 407 1445 neque
449 1391 603 1432 ceteris
639 1389 744 1431 locis
787 1402 864 1443 pro
906 1388 1049 1430 iambo
1092 1388 1258 1443 posit-us
1298 1387 1707 1441 proceleusmaticus
1739 1391 1779 1427 et

269 1461 403 1501 multo
446 1459 585 1500 minus
626 1471 704 1512 pro
736 1457 952 1499 trochaeo.
1016 1457 1155 1510 qualis
1187 1456 1277 1497 vitii
1309 1456 1505 1510 exempla
1539 1469 1648 1508 quae
1681 1455 1778 1496 olim

269 1528 520 1570 ferebantur
558 1527 645 1582 [IV,
683 1530 745 1577 ll,
779 1529 825 1578 33
858 1525 927 1576 VI,
960 1529 996 1576 2,
1031 1530 1101 1578 103
1134 1530 1171 1576 9,
1206 1529 1279 1576 123
1315 1529 1378 1576 15,
1411 1528 1456 1575 ὃς
1488 1524 1538 1574 II,
1572 1523 1668 1577 epil.
1711 1527 1780 1575 173

270 1598 338 1648 VI,
376 1601 438 1647 15,
475 1597 530 1651 7]‚
563 1594 736 1637 sublata
766 1594 808 1635 in
841 1594 1026 1636 editione
1057 1598 1206 1635 nostra
1238 1594 1390 1634 omnia.

383 1665 473 1706 Iam
506 1663 770 1717 regularum,
803 1662 855 1704 de
887 1662 1043 1716 quibus
1074 1662 1254 1712 dictum,
1289 1662 1417 1703 etiam
1449 1660 1564 1715 apud
1598 1660 1778 1702 Ennium

270 1738 313 1775 et
334 1737 500 1775 ceteros
522 1733 564 1773 in
587 1731 783 1773 iambicis
807 1745 856 1772 ac
878 1731 1109 1772 trochaicis
1132 1730 1279 1772 metris
1301 1730 1533 1784 pleraeque
1567 1733 1775 1775 servatae,

270 1802 343 1844 sed
377 1802 539 1843 minore
571 1815 666 1842 cum
699 1800 928 1842 severit-ate
962 1803 1003 1841 et
1036 1800 1287 1841 constantia.

386 1871 439 1911 Et
491 1870 542 1911 de
592 1868 735 1910 iambo
789 1868 961 1922 quidem
1012 1869 1053 1909 in
1100 1867 1365 1922 paenultima
1412 1866 1511 1907 sede
1559 1865 1782 1917 collocato,

270 1938 442 1993 quando
472 1937 668 1991 sequitur
698 1937 879 1988 iambus,
915 1937 1001 1978 iam
1032 1935 1276 1978 memoravi.

386 2006 619 2061 Anapaesti
660 2019 734 2047 seu
781 2005 939 2060 dactyli
982 2019 1060 2059 pro
1107 2004 1249 2046 iambo
1292 2003 1357 2044 vel
1403 2002 1608 2044 trochaeo
1654 2002 1782 2056 positi

270 2074 409 2117 thesin
441 2089 524 2116 non
556 2074 692 2128 magis
725 2088 852 2128 quam
891 2074 1005 2128 apud
1039 2073 1282 2115 Phaedrum
1315 2071 1398 2113 fine
1430 2071 1550 2112 verbi
1582 2070 1783 2124 dactylici

271 2145 335 2185 vel
361 2145 402 2185 111
436 2142 653 2198 dactylum
685 2143 879 2184 exeuntis
912 2143 1011 2184 licet
1044 2141 1263 2184 contineri.
1316 2140 1390 2181 sed
1413 2138 1625 2194 disyllaba
1646 2138 1782 2179 thesis

272 2212 503 2266 aliquando
546 2212 673 2252 etiam
716 2214 891 2266 praeter
932 2211 1114 2264 primum
1153 2213 1194 2251 et
1227 2208 1535 2263 paenultimum
1567 2207 1783 2248 invenitur

271 2278 437 2336 pedem.
499 2293 760 2333 quamquam
792 2279 834 2320 in
866 2292 992 2320 versu
1024 2292 1076 2320 ex
1108 2278 1231 2319 Ennii
1265 2281 1510 2319 saturarum
1541 2276 1567 2316 l.
1601 2276 1682 2317 111:

410 2365 492 2387 nam
518 2354 547 2387 is
574 2365 645 2387 non
670 2354 741 2388 ben
768 2354 877 2396 (bene
903 2354 950 2395 v.)
977 2353 1053 2386 volt
1077 2353 1155 2395 tibi,
1182 2352 1243 2396 qui
1268 2362 1326 2385 me
1352 2351 1441 2384 falso
1469 2350 1639 2384 criminat

272 2436 341 2464 res
383 2436 466 2463 non
511 2422 617 2463 satis
658 2426 786 2463 certa.
850 2435 947 2462 nam
990 2420 1094 2462 illud
1136 2435 1196 2462 me.
1228 2420 1420 2461 additum
1452 2433 1474 2459 a
1508 2418 1782 2469 Quioherato.

275 2495 318 2532 et
347 2491 488 2545 potuit
519 2490 650 2531 scribi
683 2489 832 2531 eodem
862 2503 1010 2531 sensu:
1046 2493 1153 2530 hunc
1185 2492 1264 2540 qui.
1297 2512 1349 2518 —-
1397 2490 1547 2529 contra
1578 2488 1783 2526 certumst

273 2559 423 2601 Lucilii
454 2558 535 2599 hoc
568 2558 808 2612 exemplum
840 2558 1054 2613 [XXVIIL
1090 2558 1151 2612 1]:

410 2644 493 2666 cum
521 2633 655 2667 ceteris
681 2643 764 2667 reus
788 2643 859 2666 una
883 2632 1050 2666 tradetur
1075 2631 1194 2676 Lupo.

272 2714 402 2754 porro
420 2701 480 2742 sic
499 2702 540 2742 in
555 2700 741 2742 secundo
759 2700 868 2755 pede
886 2700 1119 2754 septenarii
1136 2698 1345 2740 trochaici
1361 2698 1473 2739 idem
1489 2696 1782 2752 [XXVH,23]:

411 2778 513 2809 certa
539 2777 633 2817 sunt,
661 2775 736 2808 sine
763 2774 985 2808 detrimento
1012 2785 1103 2817 quae
1130 2774 1226 2807 inter
1251 2784 1329 2806 sese
1356 2771 1602 2805 commodent.

273 2843 466 2896 adeoque
498 2844 540 2884 111
573 2847 727 2896 quarto
759 2843 803 2898 [l.
834 2844 914 2884 inc.
952 2843 1070 2896 138]:

412 2917 497 2960 quin
524 2917 753 2961 amplexetur
779 2918 841 2961 qui
869 2916 965 2959 volt3
994 2927 1062 2959 ego
1090 2927 1159 2949 non
1186 2916 1301 2949 sinam
1326 2927 1384 2949 me
1410 2914 1644 2958 amplectier3
