1898 3292
221 197 274 236 30
825 204 944 229 LIBER
964 204 1121 230 PRIMVS.

335 307 418 348 Sed
448 321 541 348 cum
573 307 634 347 ita
666 307 720 348 ad
749 307 1004 347 severiorem
1028 307 1163 348 multa
1186 311 1409 348 revocaret
1430 321 1620 348 normam
1644 309 1725 359 ille,

219 381 363 417 tamen
409 376 637 429 diligenter
677 375 887 417 abstinuit
926 375 980 417 ab
1023 389 1073 416 ea
1114 375 1326 428 elegantia
1369 376 1515 429 eisque
1548 376 1728 427 facetiis,

221 459 327 498 quas
373 445 559 498 primum
604 447 802 485 cantores
843 443 1149 497 Euphorionis,
1198 458 1295 485 mox
1335 444 1487 485 horum
1536 445 1729 498 exemplo

220 514 358 554 Varro
400 513 606 554 Atacinus
638 513 880 565 Variusque
920 516 962 553 et
993 512 1206 565 Vergilius
1248 513 1591 554 introduxerunt.
1651 514 1730 554 has

221 582 331 622 enim
362 581 559 622 iambicis
589 584 758 622 tantum
792 584 833 621 et
864 580 1008 635 lyricis
1041 581 1303 623 carminibus
1335 581 1457 623 duxit·
1489 586 1624 636 aptas.

334 662 473 715 Igitur
508 665 554 702 ut
584 662 626 701 in
659 661 742 701 fine
773 675 920 702 versus
951 675 1077 715 saepe
1115 662 1349 715 rythmicas
1390 662 1564 703 violavit
1602 662 1730 715 leges,

219 731 281 771 ita
313 730 522 771 abstinuit
554 730 724 771 omnino
748 744 773 770 a
795 730 984 783 spondeo
1006 730 1048 770 in
1070 730 1222 783 pedem
1247 731 1441 783 quintum
1465 731 1730 772 admittendo

220 802 336 853 (nam
370 799 444 852 Ep.
478 799 530 849 II,
564 803 600 849 3,
629 803 710 841 467
743 798 912 839 videtur
944 799 1133 852 spurius)
1165 813 1243 839 nee
1274 813 1357 839 non
1389 814 1413 840 a
1443 799 1732 853 producendis

220 867 422 909 brevibus
466 867 531 908 vel
574 867 695 909 hiatu
745 867 990 908 adhibendo
1038 872 1243 920 sequente
1283 868 1499 909 ,vocabulo
1553 870 1730 909 Graece.

219 937 416 989 sequitur
448 950 543 977 eum
572 937 614 976 in
648 940 834 989 utroque
857 936 1040 977 Persius.
1096 940 1245 978 contra
1268 936 1510 978 Iuvenalem
1534 936 1649 978 haud
1672 937 1733 977 ita

216 1019 316 1046 raro
358 1005 549 1058 recipere
589 1005 824 1058 spondeum
865 1004 959 1046 1000
991 1005 1254 1059 paenultimo
1287 1005 1590 1047 demonstrabo
1621 1006 1646 1046 1.
1680 1005 1732 1046 Il.

337 1073 420 1115 Sed
451 1074 536 1114 iam
569 1073 945 1124 considerandum,
989 1074 1091 1127 quid
1133 1074 1324 1116 noviciae
1367 1079 1456 1115 tum
1499 1075 1605 1116 artis
1635 1089 1732 1129 pro-

221 1142 395 1183 venerit.

337 1212 397 1251 Ac
418 1211 603 1264 primum
627 1210 854 1253 dicendum
887 1213 938 1252 de
971 1211 1143 1252 melicis.
1202 1226 1384 1264 quorum
1415 1212 1586 1264 quidem
1619 1212 1732 1265 quod

223 1280 307 1320 iam
342 1279 477 1320 solum
510 1283 664 1320 testem
697 1279 904 1321 habemus
937 1280 1178 1330 Horatium,
1212 1281 1351 1321 minus
1382 1280 1425 1321 id
1454 1281 1599 1334 iniquo
1633 1295 1734 1322 casu

222 1348 401 1398 factum,
445 1348 647 1401 quoniam
689 1349 780 1402 ipse
823 1348 875 1389 de
904 1349 1058 1390 studiis
1090 1349 1178 1390 suis
1211 1349 1315 1389 satis
1345 1353 1493 1402 aperte
1524 1349 1734 1403 pleneque

224 1417 432 1470 exposuit.
493 1417 612 1458 cuius
644 1431 754 1470 quae
786 1417 870 1458 huc
899 1418 1117 1471 pertinent
1150 1418 1295 1469 verba,
1328 1432 1588 1471 quamquam
1620 1422 1734 1469 nota,

226 1485 514 1527 adscribenda
547 1485 662 1527 duxi,
723 1490 819 1527 sunt
852 1490 995 1528 autem
1027 1486 1156 1528 haec:

705 1571 833 1605 Parios
862 1583 930 1617 ego
956 1573 1096 1617 primus
1121 1573 1262 1607 iambos

434 1628 577 1663 ostendi
602 1628 710 1663 Latio
737 1641 908 1663 numeros
938 1630 1149 1674 animosque
1176 1634 1323 1664 secutus

430 1686 658 1729 Archilochi,
684 1698 757 1720 11011
783 1698 840 1720 res
866 1690 903 1721 et
930 1688 1076 1731 agentia
1101 1688 1213 1722 verba
1238 1686 1460 1732 Lycamben.

432 1755 472 1776 ac
503 1755 546 1778 ne
572 1755 629 1777 me
657 1744 752 1777 foliis
779 1744 861 1778 ideo
888 1745 1118 1779 brevioribus
1145 1756 1262 1788 ornes,

433 1801 530 1844 quod
558 1801 664 1834 timui
691 1804 835 1836 mutare
860 1802 989 1836 modos
1016 1806 1053 1836 et
1081 1803 1250 1836 carminis
1277 1806 1414 1837 artem:

431 1862 617 1903 temperat
644 1859 863 1893 Archilochi
890 1858 1034 1893 Musam
1060 1860 1153 1904 pede
1179 1861 1341 1894 mascula
1368 1860 1530 1904 Sappho,

431 1919 615 1960 temperat
640 1916 812 1960 Alcaeus,
839 1917 902 1951 sed
928 1918 1037 1952 rebus
1064 1920 1101 1951 et
1129 1918 1255 1952 ordine
1285 1917 1408 1962 dispar
1435 1929 1463 1951 e.
1480 1932 1512 1962 q.
1528 1930 1553 1951 s.

224 1989 336 2030 idem
368 1991 497 2043 paulo
528 1994 647 2044 post:

430 2075 527 2109 hunc
555 2088 622 2120 ego
650 2088 723 2110 non
749 2077 818 2111 alio
846 2077 986 2112 dictum
1012 2078 1112 2122 prius
1142 2089 1204 2112 ore
1230 2077 1384 2112 Latinus

430 2133 574 2177 volgavi
600 2133 745 2168 fidicen.

342 2208 404 2249 De
442 2222 568 2249 versu
604 2213 725 2250 sexto
764 2212 806 2250 et
838 2210 1020 2264 septimo
1053 2224 1163 2264 quae
1195 2210 1389 2265 pluribus
1422 2214 1521 2252 sunt
1552 2210 1666 2252 dicta
1696 2211 1738 2251 in

227 2277 414 2318 editione
446 2276 778 2327 Vindobonensi,
809 2278 879 2319 hic
910 2279 954 2319 in
984 2278 1156 2321 brevius
1187 2280 1365 2320 redacta
1396 2279 1593 2320 referam.

347 2356 512 2410 Quippe
553 2357 892 2399 demonstratum
934 2359 993 2400 ibi
1024 2359 1131 2400 illud
1164 2363 1319 2402 Musam
1353 2360 1404 2401 de
1435 2360 1615 2400 met-rica
1647 2363 1739 2400 arte

233 2425 432 2479 Sapphus
475 2429 518 2466 et
549 2426 694 2468 Alcaei
732 2426 893 2468 dictum
936 2429 1052 2482 (nam
1085 2428 1358 2470 scribendum
1389 2432 1555 2470 mutato
1591 2428 1739 2469 ordine

228 2494 456 2535 verborum
499 2492 684 2546 ‘Sappho
708 2500 818 2546 pede
839 2501 1020 2538 mascula
1043 2500 1197 2539 illusam
1212 2496 1221 2509 '
1262 2497 1328 2539 vel
1350 2497 1435 2539 alia
1458 2496 1739 2551 grassandum

230 2562 521 2616 traiectione),
567 2564 692 2605 sicuti
724 2564 839 2618 apud
872 2565 1115 2607 Martialem
1146 2566 1304 2620 legitur
1335 2566 1426 2621 [IX,
1461 2570 1524 2617 11,
1560 2566 1630 2620 17]
1673 2568 1741 2616 qui

233 2634 374 2672 Musas
396 2635 560 2672 colimus
582 2636 821 2683 severiores,
853 2637 895 2674 et
926 2634 1097 2687 quidem
1130 2635 1226 2676 ideo
1263 2635 1377 2688 quod
1403 2635 1544 2689 poesis
1568 2635 1739 2675 Aeolica

231 2699 493 2753 logaoedicis
523 2701 792 2754 potissimum
826 2706 1045 2744 constaret
1076 2703 1224 2744 metris
1254 2703 1292 2744 h.
1317 2718 1350 2745 e.
1382 2704 1527 2745 mixtis
1559 2717 1611 2744 ex
1640 2703 1740 2743 dac-

231 2769 361 2823 tylico
392 2768 699 2823 trochaicoque
731 2770 797 2811 vel
826 2771 1011 2813 iambico
1053 2786 1247 2824 numero,
1290 2772 1363 2813 sed
1406 2772 1541 2813 isdem
1582 2771 1740 2825 simpli-

233 2838 421 2878 cioribus
455 2837 690 2892 alienisque
722 2853 747 2880 a
776 2839 1045 2881 Doriensium
1079 2845 1171 2882 arte
1203 2840 1465 2882 multiformi.

349 2908 511 2962 Nempe
545 2907 789 2948 Archilochi
833 2922 977 2949 omnes
1018 2924 1166 2950 versus
1204 2913 1243 2949 et
1276 2910 1355 2963 ipsi
1389 2909 1562 2950 conflati
1594 2921 1645 2949 ex
1675 2908 1741 2949 liis
