1898 3292
266 253 347 292 340
858 261 976 286 LIBER
996 260 1184 293 QVAR'rvs.

265 369 446 406 levasset.
494 390 548 395 —
593 378 741 406 verum
787 364 1048 418 composita,
1099 378 1124 405 a
1169 363 1475 418 monosyllabis
1520 364 1614 405 istis
1663 378 1774 418 quae

264 433 549 484 descendunt,
592 447 676 474 non
717 436 919 474 tenentur
961 433 1055 486 lege
1091 447 1223 486 supra
1255 433 1467 487 exposita,
1507 446 1590 473 non
1628 438 1675 474 ut
1719 434 1775 474 sit

263 501 418 543 vitiosa
450 501 625 543 elisione
657 501 1007 554 frequentissima
1038 500 1111 541 illa
1142 500 1327 542 formula
1359 515 1489 551 quare
1520 516 1608 552 aye.

379 569 646 611 Christianos
686 573 831 610 tamen
872 569 938 610 bis
978 572 1096 610 terve
1128 569 1335 622 migrasse
1368 569 1473 610 artis
1506 569 1773 623 suptiliorem

263 652 457 679 normam
488 651 572 678 non
606 651 733 691 nego,
765 651 859 678 cum
891 641 933 678 et
965 637 1089 688 alibi,
1121 641 1328 691 quantum
1361 639 1644 691 grammatica
1675 638 1774 679 doc-

262 707 378 748 trina
409 707 610 761 potiores,
643 710 811 748 tantum
843 706 928 747 sint
959 705 1185 748 inferiores
1216 706 1364 747 iudicii
1399 707 1605 747 acumine.
1659 711 1774 748 certe

262 775 398 816 habes
432 775 548 829 apud
578 775 786 816 Avienum
818 775 896 829 [or.
930 788 1035 816 mar.
1071 775 1190 829 117]:

538 861 631 893 quae
657 849 822 883 Himilco
848 848 994 883 Poenus
1019 849 1206 883 mensibus
1232 849 1293 882 vix
1316 852 1499 892 quattuor.

262 912 337 953 ubi
370 926 475 963 qnae
507 913 780 954 accusativus
814 916 879 953 est
906 912 1060 953 neutri.
1093 937 1148 942 —
1180 916 1370 953 ceterum
1393 912 1581 953 omnium
1604 913 1774 954 omnino

260 980 655 1035 monosyllaborum
690 981 810 1021 elisio
842 981 1028 1022 austeris
1061 980 1292 1021 admodum
1314 981 1567 1021 'continetur
1597 981 1774 1034 legibus,

262 1048 387 1090 valde
419 1049 572 1091 durum
603 1052 652 1090 ut
681 1048 898 1090 habeatur
929 1049 1152 1103 spondiaci
1186 1049 1305 1103 pedis
1338 1063 1433 1090 cum
1466 1049 1587 1090 brevi
1609 1049 1775 1104 syllaba

263 1118 453 1172 copulati
496 1118 782 1172 posteriorem
827 1121 996 1172 partem
1043 1117 1338 1173 monosyllabo
1385 1122 1582 1159 constare
1631 1118 1774 1169 verbo,

261 1186 375 1240 quod
407 1187 451 1227 in
483 1187 652 1228 creticis
690 1186 817 1228 simili
850 1186 976 1228 modo
1007 1187 1242 1228 imminutis
1275 1186 1472 1228 accidere
1503 1192 1683 1240 paenest
1711 1188 1773 1228 in-

260 1255 466 1296 auditum.
489 1280 545 1286 —
567 1255 751 1309 denique
773 1255 948 1308 dignum
971 1255 1179 1296 memoria
1200 1268 1434 1309 numquam
1458 1255 1572 1308 apud
1596 1255 1774 1310 dactyli-

263 1337 335 1364 cos
366 1328 460 1365 tota
493 1323 627 1365 verba
659 1323 884 1365 absorberi
916 1323 1103 1374 elisione,
1138 1323 1252 1377 quod
1281 1324 1324 1364 in
1356 1325 1650 1365 scaenicorum
1683 1338 1774 1365 ver·

261 1391 379 1434 sibus
411 1392 644 1446 aliquando
674 1393 826 1435 evenit.

376 1460 508 1502 Porro
531 1460 743 1502 vocabula
771 1461 957 1503 iambica
990 1475 1074 1502 non
1103 1461 1379 1515 reperiuntur
1401 1461 1515 1515 apud
1538 1461 1773 1516 dactylicos

262 1528 368 1571 elisa
398 1529 441 1570 in
465 1529 597 1571 brevi.
650 1543 748 1571 nam
779 1530 894 1584 quod
916 1530 1032 1584 apud
1055 1530 1261 1572 Senecam
1283 1530 1443 1584 legitur
1474 1522 1650 1585 [Phoen.
1670 1533 1773 1582 3943

261 1597 416 1639 Troad.
452 1598 574 1653 945]:

534 1678 616 1712 vide
642 1681 684 1712 ut
709 1682 787 1712 atra
812 1679 928 1713 nubes
958 1678 1108 1723 pulvere
1135 1678 1341 1713 abscondat
1367 1678 1474 1712 diem.

533 1735 616 1769 vide
641 1738 683 1769 ut
709 1736 850 1769 animus
875 1736 1006 1780 ingens
1031 1735 1148 1770 laetus
1176 1736 1334 1770 audierit
1359 1747 1499 1779 necem,

258 1802 363 1845 illud
394 1807 485 1845 vide
514 1804 758 1859 pyrrichius
790 1808 866 1846 est.
928 1804 1042 1859 apud
1067 1805 1300 1846 Ausonium
1323 1804 1439 1858 quod
1459 1803 1599 1846 fertur
1629 1805 1771 1860 [epist.

259 1875 326 1923 21,
361 1872 433 1926 28]
478 1870 679 1924 ‘haveque
713 1877 819 1915 dieto
858 1877 925 1915 dic
956 1878 1044 1914 vale
1071 1881 1108 1914 et
1139 1880 1315 1915 actutum
1346 1876 1437 1914 redi
1449 1870 1476 1921 '‚
1517 1886 1600 1914 non
1642 1887 1771 1914 unam

259 1940 432 1993 quidem
463 1940 517 1982 ob
548 1955 722 1983 causam
755 1941 1074 1984 scribendumst
1117 1939 1314 1983 ‘actutum
1349 1949 1386 1982 et
1415 1939 1547 1990 redi',
1591 1946 1640 1983 ut
1676 1955 1770 1996 per-

261 2008 397 2050 tineat
438 2017 616 2051 actutum
656 2009 711 2051 ad
742 2010 902 2064 priora.
962 2024 1042 2052 nec
1074 2024 1175 2052 vero
1205 2011 1368 2064 poterit
1398 2010 1575 2064 probari
1606 2024 1632 2051 a
1663 2010 1771 2052 clas—

259 2076 359 2118 sicis
399 2078 536 2131 poetis
580 2091 705 2121 voces
746 2078 955 2120 iambicas
998 2092 1201 2132 umquam
1241 2078 1284 2119 in
1322 2082 1450 2120 acuta
1481 2078 1648 2134 syllaba
1680 2092 1772 2121 esse

257 2144 398 2187 elisas.
459 2160 557 2188 nam
589 2161 667 2188 nec
699 2147 855 2189 Accius
885 2147 928 2188 in
961 2147 1198 2189 Annalibus
1230 2147 1328 2202 [inc.
1359 2150 1392 2197 1,
1413 2147 1455 2202 3]
1487 2149 1661 2203 scripsit
1689 2163 1772 2200 per

255 2227 379 2266 (tyros
410 2217 612 2266 urbesque
637 2220 735 2267 fere
765 2230 912 2265 omnes,
942 2216 1018 2258 sed
1051 2230 1134 2267 per
1167 2230 1315 2265 omnm,
1347 2220 1390 2258 et
1419 2217 1463 2258 in
1485 2216 1670 2272 Thyeste
1693 2217 1767 2259 Se-

256 2273 388 2324 necae
429 2283 543 2337 quod
585 2284 744 2338 legitur
783 2284 914 2338 [1064
946 2284 1027 2339 sq.]
1067 2287 1232 2336 aqqessi
1261 2299 1384 2326 manu
1414 2299 1502 2326 mea
1532 2289 1620 2336 ipse
1655 2290 1770 2337 flam-

254 2365 353 2399 mas,
388 2351 754 2406 pronuntiandum
787 2367 974 2404 meapseg
1004 2352 1047 2394 in
1069 2352 1222 2394 Medea
1254 2353 1374 2408 [150]
1405 2353 1508 2395 item
1538 2354 1661 2395 initio
1693 2355 1769 2395 tri—

256 2420 382 2460 metri
421 2420 537 2474 quod
577 2418 767 2474 positum
809 2424 903 2470 sile,
943 2424 1129 2470 obsecro,
1173 2420 1280 2462 illud
1319 2425 1394 2463 sile
1432 2435 1569 2476 paene
1611 2427 1771 2475 aequat

255 2488 532 2542 pyrrichium.
593 2501 692 2530 nam
729 2489 781 2531 de
815 2490 1007 2532 eiusdem
1037 2502 1265 2531 mensurae
1295 2490 1563 2544 imperativis
1594 2490 1769 2544 quibus—

254 2556 354 2597 dam
387 2556 585 2599 similiter
606 2561 785 2611 propter
806 2558 1094 2612 frequentiam
1115 2573 1217 2600 usus
1241 2559 1450 2612 correptis
1481 2558 1506 2600 l.
1530 2560 1565 2600 V
1588 2559 1767 2600 dicetur.

255 2628 386 2678 atque
418 2625 521 2666 item
552 2625 595 2666 in
626 2624 814 2667 Phaedri
845 2627 1113 2668 senariorum
1144 2627 1368 2681 principiis
1403 2627 1563 2669 talibus
1605 2627 1695 2682 [HL
1730 2631 1767 2677 7,

256 2696 330 2743 153
363 2693 410 2743 V,
445 2696 481 2743 9,
514 2694 558 2748 4]
606 2697 696 2735 veni
738 2707 861 2745 erqo;
904 2702 1010 2743 tace,
1053 2698 1183 2745 lnquit
1227 2694 1404 2736 eaedem
1444 2695 1564 2738 verbi
1602 2695 1767 2737 formae

251 2758 354 2802 licet
390 2774 473 2802 non
518 2765 706 2815 aequent
750 2762 1033 2817 pyrrichium,
1081 2766 1226 2805 tamen
1266 2763 1405 2805 minus
1444 2763 1569 2817 plene
1613 2767 1767 2805 sonant

250 2828 407 2870 iambo.
470 2829 588 2872 vides
619 2830 752 2884 igitur
785 2834 955 2884 poetas,
997 2845 1104 2884 quos
1143 2831 1250 2882 dixi,
1292 2831 1477 2873 alterum
1509 2832 1764 2883 scaenicum,

252 2897 436 2938 alterum
468 2898 559 2939 eius
592 2899 760 2952 generis
802 2903 1041 2949 auctorem,
1085 2899 1201 2952 quod
1238 2900 1433 2954 proxime
1472 2900 1640 2942 accedit
1685 2914 1764 2941 usu

253 2966 421 3006 dicendi
456 2967 511 3007 ad
544 2980 782 3008 sermonem
816 2967 1090 3018 cotidianum,
1125 2969 1358 3010 accessisse
1390 2969 1431 3009 in
1455 2968 1535 3009 hac
1562 2972 1686 3022 parte
1710 2968 1764 3009 ad
