1898 3292
258 210 308 249 52
863 217 984 243 LIBER
1001 216 1157 243 PRIMVS.

256 335 351 363 cum
383 321 534 362 liceret
564 321 666 375 poni
697 323 897 362 manente
928 333 1129 362 numero:

577 394 709 429 flerent
734 395 837 429 divae
865 394 1046 429 Camenae
1076 394 1255 428 Naevium
1279 396 1412 428 vatem.

256 478 306 505 ac
336 464 466 506 fuisse
489 464 723 517 aliquando
751 465 861 505 vatis
883 463 1062 505 verbum
1085 477 1134 505 eo
1158 477 1284 517 quem
1308 463 1395 504 dixi
1418 477 1497 504 usu
1526 462 1767 504 adhibitum

255 546 339 574 non
383 532 556 586 quidem
598 536 716 574 certo
757 533 861 574 satis
903 532 1151 574 declaratur
1194 532 1389 573 Enniano
1429 531 1502 573 illo
1542 531 1769 582 ‘scripsere

255 606 326 644 alii
357 616 441 643 rem
472 601 646 643 vor-sila&
680 615 778 652 quos
810 604 899 642 olim
931 604 1067 642 Fauna·
1098 608 1290 652 vatesque
1321 598 1562 650 canebant',
1606 600 1681 642 sed
1719 614 1770 642 ea

254 685 300 712 re
324 671 438 724 quod
461 671 599 713 Varro
630 670 673 711 in
703 669 815 711 libro
848 670 899 711 de
921 669 1069 724 lingua
1091 670 1247 711 Latina
1278 670 1460 724 septimo
1483 670 1575 724 [36]
1610 669 1769 711 diserte

253 740 360 782 illud
396 739 595 781 affirmat.
658 742 700 780 et
728 738 927 793 exempla
959 739 1132 792 quidem
1162 752 1248 780 non
1277 739 1363 780 iam
1402 742 1632 793 suppetere
1674 752 1769 779 oum

255 809 363 850 alias
406 808 460 850 ob
504 822 657 850 causas
697 822 782 849 non
825 811 889 850 est
930 809 1087 849 mirum
1133 811 1224 849 tum
1269 808 1384 859 ideo,
1426 808 1541 862 quod
1579 806 1768 849 eiusdem

256 877 463 919 Varronis
515 877 567 918 de
613 877 825 931 poematis
870 876 990 928 libri,
1044 876 1200 930 quibus
1250 891 1296 918 se
1345 877 1632 931 probaturum
1678 890 1768 917 rem

255 947 382 988 istam
413 946 690 1000 promiserat,
721 946 902 1000 periere.
963 959 1062 987 nam
1094 945 1209 999 quod
1238 946 1302 986 vir
1334 945 1607 987 doctissimus
1638 945 1770 986 unde-

256 1029 438 1069 cumque
469 1015 681 1056 Henricus
711 1014 952 1056 Grauertus
985 1015 1028 1055 in
1060 1015 1204 1056 libello
1237 1014 1484 1056 academico
1517 1014 1770 1056 Monasterii

256 1099 292 1126 a.
325 1084 693 1126 MDCCCXLVIII
737 1084 852 1126 edito
891 1084 977 1139 [pg.
1011 1084 1054 1139 S]
1099 1084 1204 1125 dicit
1245 1098 1271 1125 a
1302 1084 1533 1127 Gerlachio
1566 1084 1771 1138 deceptus

256 1154 371 1208 apud
402 1153 614 1195 Lucilium
649 1153 831 1194 inveniri
872 1157 1014 1194 vatem
1054 1167 1133 1207 pro
1169 1157 1301 1207 poeta
1342 1154 1386 1195 in
1427 1154 1518 1195 his:
1561 1167 1636 1194 nec
1669 1161 1706 1194 le
1736 1156 1772 1193 si

250 1230 420 1275 peelore
443 1230 553 1264 vates
577 1225 790 1273 accipiam,
822 1222 978 1263 viderit
999 1222 1103 1276 ipse,
1137 1222 1350 1275 quomodo
1374 1223 1457 1264 sibi
1479 1237 1574 1264 cum
1597 1222 1771 1263 Lucano

257 1291 494 1333 conveniat.
557 1294 656 1333 sunt
697 1291 807 1332 enim
851 1304 902 1332 ea
942 1290 1075 1332 verba
1117 1305 1169 1332 ex
1213 1291 1340 1333 huius
1386 1292 1525 1346 primo
1572 1291 1643 1345 [63
1677 1290 1770 1345 sq.].

256 1361 384 1402 immo
418 1360 748 1401 certissimumst
789 1359 844 1401 ab
877 1359 1003 1400 Ennii
1040 1364 1235 1414 tempore
1269 1374 1405 1414 usque
1437 1360 1492 1402 ad
1522 1359 1771 1401 Lucretium

259 1433 301 1470 et
323 1428 537 1471 Catullum
559 1442 645 1470 11011
667 1429 751 1470 dici
773 1432 915 1470 vatem
938 1429 1019 1471 nisi
1041 1429 1107 1470 vel
1130 1429 1389 1483 prophetam
1420 1429 1487 1471 vel
1517 1430 1579 1471 rei
1603 1429 1771 1470 divinae

257 1499 499 1540 ministrum
537 1498 908 1552 qualemcumque.
971 1501 1101 1552 atque
1134 1498 1188 1540 ab
1222 1498 1358 1540 Ennio
1397 1512 1492 1540 cum
1529 1498 1592 1539 ita
1628 1498 1772 1552 potius

258 1567 343 1608 dici
377 1567 482 1609 satis
515 1570 684 1608 constet
714 1570 847 1618 vates,
880 1570 928 1608 ut
960 1570 1025 1609 est
1055 1567 1170 1621 apud
1193 1567 1423 1609 Horatium
1455 1568 1538 1622 [ep.
1562 1567 1615 1619 ΙΙ,
1640 1570 1675 1618 1,
1699 1566 1771 1621 26]

258 1650 415 1677 annosa
447 1639 647 1677 volumina
680 1642 811 1677 vatum
845 1639 999 1677 dictitet
1021 1639 1175 1678 Albano
1198 1639 1340 1677 Musas
1372 1640 1412 1677 in
1444 1643 1575 1677 monte
1604 1639 1771 1684 locutas,

257 1709 401 1747 tamen
433 1718 511 1760 pro
545 1704 806 1747 auctoritate
837 1705 918 1746 viri
949 1705 1031 1746 hoc
1067 1705 1160 1759 ipso
1204 1705 1298 1746 loco
1342 1704 1600 1756 effectumst,
1641 1707 1690 1745 ut
1730 1707 1773 1745 et

258 1774 476 1816 saturnius
506 1787 710 1815 numerus
738 1777 781 1815 et
802 1774 912 1816 vatis
934 1787 1013 1828 pro
1035 1778 1190 1828 poetae
1225 1775 1414 1828 positum
1446 1787 1600 1816 nomen
1631 1773 1772 1815 abiret

256 1844 301 1884 in
333 1846 637 1897 contemptum.
699 1846 745 1884 at
767 1850 919 1894 poetae
950 1843 1206 1885 vocabulum
1239 1843 1354 1898 apud
1376 1843 1652 1897 insequentes
1675 1856 1771 1884 cum

258 1912 379 1964 alibi,
423 1916 514 1954 tum
554 1912 741 1953 maxime
781 1912 971 1954 occurrit
1011 1913 1055 1953 in
1094 1913 1289 1954 oratione
1332 1912 1452 1966 gravi
1493 1916 1536 1953 et
1574 1914 1770 1965 augusta.

256 1982 319 2023 ita
349 1981 484 2024 habes
515 1981 632 2036 apud
662 1981 869 2022 Ennium:

602 2055 700 2090 Enni
728 2058 839 2100 poeta
864 2055 972 2099 salve,
1000 2056 1061 2100 qui
1087 2056 1303 2091 mortalibus

602 2123 728 2147 versus
756 2113 931 2157 propinas
957 2112 1146 2148 flammeos
1170 2113 1393 2148 medullitus.

258 2181 362 2220 tum·
381 2176 592 2219 Pacuvius
623 2190 750 2218 versu
782 2176 1034 2231 sepulcrali:

601 2251 662 2286 hic
688 2254 773 2286 sunt
797 2254 930 2296 poetae
955 2250 1093 2286 Pacuvi
1118 2250 1238 2286 Marci
1268 2253 1336 2286 sita

605 2320 697 2343 ossa.

261 2372 455 2415 Catullus
488 2371 544 2414 ad
574 2371 751 2414 Furium
784 2376 827 2414 et
858 2371 1103 2414 Aurelium:

602 2458 686 2480 nam
713 2450 855 2481 castum
884 2459 962 2482 esse
988 2447 1098 2483 decet
1122 2447 1223 2492 pium
1250 2449 1409 2491 poetam.

259 2515 372 2558 unde
397 2518 592 2570 apparet,
625 2529 754 2569 quam
784 2516 840 2558 sit
868 2516 1169 2558 inconcinnum
1191 2520 1234 2558 et
1256 2529 1281 2557 a
1302 2529 1403 2558 vero
1426 2515 1624 2566 alienum,
1657 2511 1772 2568 quod

262 2584 449 2627 coniecit
471 2583 700 2626 Creechius
723 2584 839 2639 apud
859 2585 1107 2627 Lucretium
1135 2585 1227 2640 [HL
1249 2585 1351 2640 420]
1384 2598 1476 2626 esse
1498 2584 1772 2626 scribendum

252 2653 399 2706 ‘diyna
427 2662 493 2695 tuo
516 2667 694 2706 perqam
725 2657 945 2705 disponere
967 2658 1151 2696 carme'na
1172 2651 1288 2695 vates
1343 2667 1489 2695 verum
1513 2653 1567 2694 ab
1591 2652 1772 2706 Augusti

259 2726 402 2764 aetate
433 2722 574 2776 prima
604 2735 784 2776 prorsus
812 2722 1040 2764 immutata
1069 2722 1379 2765 consuetudine
1402 2722 1554 2774 evenit,
1584 2725 1633 2763 ut
1661 2721 1771 2763 vatis

258 2790 515 2833 vocabulum
556 2791 724 2845 pridem
764 2791 989 2832 desuetum
1034 2791 1261 2833 ambitioso
1305 2794 1576 2846 repeteretur
1616 2790 1770 2841 studio,

257 2874 336 2900 nec
364 2859 492 2913 parili
524 2859 650 2901 modo
682 2873 776 2901 cum
811 2863 967 2914 poetae
998 2859 1352 2914 frequentaretur
1381 2873 1481 2911 usu⁷
1528 2858 1603 2900 sed
1646 2858 1771 2912 quasi

259 2928 463 2982 grandius
501 2931 544 2970 et
587 2928 740 2970 elatius
773 2928 945 2971 sublimi
975 2929 1228 2983 plerumque
1261 2928 1446 2970 orationi
1477 2927 1769 2970 adhiberetur.
