1898 3292
200 223 280 260 3³10
790 229 907 253 LlBER
928 228 1058 260 QVART
1066 228 1117 253 vs.

202 336 388 373 Lucanas
431 330 607 372 ‘dia-isse
652 329 850 372 Plzoehos'
908 339 944 371 el
994 334 1193 382 serqilius
1237 330 1294 372 ‘et
1336 335 1434 372 rotis
1479 335 1556 372 iam
1600 345 1707 372 mene

199 405 396 443 adsuesce
437 397 614 449 voearz'’‚
665 403 755 441 ilem
799 398 1053 450 ‘aeripedem
1092 397 1291 449 eervam⁷,
1331 403 1414 440 sive
1455 403 1707 451 eonqlalines

198 471 376 521 syllabas
407 472 489 509 sive
523 472 700 517 dividas,
739 471 864 509 isdem
896 471 1041 508 litteris
1071 465 1314 509 se2·2'betm·⁷.
1375 468 1460 508 iam
1494 482 1588 509 cum
1617 467 1707 508 fere

199 537 256 578 sit
286 536 396 578 Solis
427 535 577 589 fugata
608 539 733 576 nocte
760 535 900 576 lucem
934 536 1091 576 almam
1112 536 1323 589 praebere
1345 536 1612 586 mortalibus,
1644 539 1706 577 ta-

199 619 295 646 men
326 604 481 645 mirum
514 607 721 657 quantum
755 603 951 656 caliginis
994 618 1044 644 ac
1074 603 1351 645 tenebrarum
1384 603 1542 645 obiecit
1572 604 1708 645 Phoe-

200 673 281 715 bus
314 673 396 714 iste
429 672 519 713 viro
550 672 798 713 doctissimo
833 671 1022 713 Roberto
1045 672 1228 725 Vngero.
1280 686 1377 712 nain
1409 672 1577 725 perdite
1608 672 1709 713 dum

201 741 415 795 conquirit
436 739 665 782 Heliadum
689 740 851 781 Lucani
873 740 1055 793 vestigia
1086 740 1359 793 quantumvis
1391 740 1548 790 tenuia,
1579 740 1711 781 verba

201 825 311 865 quae
343 813 442 851 sunt
484 808 660 850 ‘dixisse
692 806 894 850 Plzoebos’
938 822 1148 862 nusquam
1187 808 1229 848 in
1262 808 1486 849 Pharsalia
1518 809 1711 849 extantia

223 907 231 908 ff
286 892 424 932 neque
453 878 582 919 timeo
615 877 826 931 spondere
859 877 1009 918 eadem
1040 876 1113 917 illa
1144 891 1196 917 116
1227 881 1317 918 111111
1348 877 1531 930 (1111(16111,
1561 877 1597 917 51
1627 890 1710 918 11011

203 947 328 990 modo
372 946 559 996 Lucani,
592 945 666 986 sed
711 946 896 986 omnium
935 949 1161 999 poetarum
1203 945 1454 986 Latinorum
1493 949 1712 987 uteremur

202 1015 404 1070 operibus
426 1014 617 1067 integris,
650 1013 869 1056 inventum
890 1014 943 1054 iri
975 1039 1029 1043 —
1063 1013 1214 1067 cupide
1238 1014 1472 1067 assignavit
1493 1013 1604 1054 libro
1626 1014 1710 1054 isti.

202 1084 276 1126 sed
297 1084 483 1138 primum
517 1082 716 1133 omnium,
756 1083 797 1123 ni
829 1082 966 1133 fallor,
1001 1082 1150 1123 debuit
1173 1082 1322 1135 quaeri
1346 1082 1495 1133 eidem,
1527 1082 1712 1123 liceatne

200 1167 278 1208 per
309 1152 411 1194 deos
444 1151 690 1192 hominesve
720 1152 863 1201 talem,
894 1165 1004 1204 quae
1037 1150 1227 1192 creditur
1258 1151 1393 1192 asseri
1425 1165 1449 1191 a
1472 1151 1712 1201 Consentio,

203 1221 529 1263 distractionem
550 1219 644 1261 fieri
667 1219 935 1274 diphthongi.
985 1219 1147 1261 56111661
1170 1220 1295 1273 longe
1318 1219 1497 1261 meliora
1520 1220 1713 1272 Vngerus

202 1290 329 1331 huius
360 1289 494 1342 ipsius
527 1288 774 1329 testimonio
805 1288 949 1329 doceri
981 1288 1134 1342 potuit,
1168 1288 1241 1341 qui
1273 1287 1378 1329 alibi
1408 1288 1469 1329 ait
1503 1287 1566 1344 [V‚
1601 1287 1713 1344 389]‚

204 1358 338 1412 siquis
370 1356 530 1398 audeat
561 1356 749 1398 admissa
781 1356 997 1397 (lihaeresi
1031 1356 1092 1397 sic
1125 1356 1297 1397 cludere
1328 1370 1496 1397 versum
1539 1355 1715 1397 ‘dixisse

204 1423 446 1474 Phoebum’,
479 1425 628 1478 utique
650 1424 969 1466 barbarismum
993 1439 1097 1475 esse,
1121 1425 1222 1478 quia
1245 1425 1505 1466 auctoritate
1529 1424 1712 1466 deficiat.

203 1496 289 1536 iam
343 1494 425 1535 nisi
470 1497 710 1535 statuemus
756 1494 1031 1535 Consentium
1078 1493 1210 1534 fuisse
1256 1493 1469 1535 hominem
1517 1494 1714 1534 sanitatis

205 1563 342 1605 omnis
384 1566 603 1617 expertem
653 1588 702 1592 m
756 1576 834 1616 ego
876 1566 1021 1603 autem
1065 1576 1141 1603 6111·
1183 1561 1353 1603 vecordi
1399 1562 1542 1616 potius
1586 1576 1715 1615 quam

205 1631 410 1673 mediocri
438 1631 607 1684 ingenio
640 1630 771 1672 fuisse
806 1630 991 1681 credam,
1022 1644 1106 1671 non
1136 1629 1276 1671 habeo
1308 1655 1382 1681 —,
1414 1634 1597 1684 apparet
1632 1644 1715 1671 non

205 1700 396 1754 potuisse
428 1699 482 1740 ab
516 1712 565 1740 eo
596 1699 728 1740 tribui
761 1699 946 1750 Lucano,
979 1698 1230 1752 gravissimo
1262 1702 1429 1752 poetae,
1462 1698 1576 1752 quod
1609 1698 1716 1740 alias

207 1768 324 1809 dicat
356 1767 592 1809 barbarum
625 1771 667 1808 et
699 1767 893 1821 exemplo
925 1781 1119 1808 vacuum.
1171 1766 1245 1807 sed
1267 1767 1402 1820 probe
1426 1767 1498 1820 qui
1522 1767 1716 1820 cognorit

207 1837 448 1886 Lucanum,
496 1835 532 1876 is
574 1849 674 1876 vero
720 1836 893 1876 minime
940 1834 1158 1876 dubitabit
1199 1835 1394 1888 posuisse
1441 1835 1715 1876 Consentium

205 1904 312 1954 loco,
355 1903 467 1945 unde
500 1905 586 1945 orsi
619 1919 778 1955 sumus,
807 1917 887 1958 pro
920 1903 1156 1945 dihaeresis
1192 1903 1387 1957 exemplo
1417 1904 1579 1945 Lucani
1611 1903 1716 1945 illud

210 1971 281 2029 [ΙΙ,
317 1971 385 2029 51]
432 1971 649 2023 ‘Aquilone
680 1970 871 2014 Suebos'.
939 1986 1091 2026 nempe
1133 1971 1208 2013 ubi
1251 1972 1540 2026 corruptelam
1583 1972 1718 2014 traxit

208 2044 359 2082 Suebos
392 2040 592 2092 eandem,
636 2055 722 2094 qua
762 2041 805 2081 in
838 2041 1007 2082 Horatii
1038 2055 1163 2083 versu
1194 2042 1444 2084 traditumst
1474 2048 1611 2082 soelae
1640 2054 1717 2094 pro

208 2123 257 2151 60
299 2109 414 2163 (111οᾶ
454 2112 519 2150 est
556 2117 717 2159 suetae,
762 2109 889 2150 homo
927 2108 1038 2150 male
1077 2110 1329 2152 recordatus
1369 2111 1488 2164 prius
1530 2110 1716 2163 positum

206 2177 314 2219 illud
356 2176 533 2219 ‘dixisse
576 2175 798 2219 Phoebum'
851 2192 1031 2231 parvum
1081 2192 1270 2220 errorem
1321 2178 1484 2233 ingenti
1532 2177 1717 2219 intendit

206 2254 397 2300 peccato.

323 2314 446 2355 Nunc
477 2314 738 2356 enumerabo
769 2315 1005 2357 dihaeresis
1041 2319 1054 2356 i
1085 2314 1227 2356 soluta
1257 2314 1418 2367 factae,
1449 2315 1575 2369 siqua
1606 2318 1716 2365 sunt,

210 2383 418 2437 exempla.

323 2451 461 2504 Igitur
493 2451 608 2503 quod
647 2465 672 2492 a
702 2451 926 2505 Propertio
972 2450 1037 2507 [V‚
1073 2456 1136 2503 10,
1168 2451 1237 2508 31]
1281 2454 1417 2502 Γαίης,
1460 2465 1486 2492 a
1517 2451 1718 2492 Martiale

213 2519 433 2576 [X111‚74,
459 2518 497 2574 1]
536 2521 713 2577 Tarpeia
745 2519 930 2560 diductis
961 2521 1136 2573 ponitur
1167 2519 1364 2574 syllabis,
1395 2519 1438 2560 id
1470 2523 1613 2560 utrum
1645 2533 1717 2559 no-

210 2587 335 2628 minis
371 2587 537 2641 proprii
571 2587 845 2628 excusatione
877 2601 931 2628 an
963 2588 1239 2629 similitudine
1272 2588 1563 2641 exemplorum
1595 2601 1718 2640 grae-

213 2655 471 2705 canicorum‚
505 2655 651 2708 qualia
673 2659 772 2696 sunt
804 2659 972 2707 eleqeia,
1012 2658 1210 2708 Cybeleia,
1245 2655 1507 2707 admiserint,
1540 2670 1624 2697 non
1646 2655 1718 2696 de-

210 2723 323 2764 finio.
385 2724 447 2764 ita
475 2727 518 2764 et
549 2723 664 2777 apud
695 2727 915 2764 auctorem
947 2725 1102 2765 aetatis
1132 2738 1276 2775 serae,
1316 2738 1399 2765 non
1432 2724 1718 2778 spernendum

210 2795 368 2842 tamen,
397 2791 556 2845 legitur
586 2791 629 2831 in
654 2791 912 2844 Anthologia
944 2791 1054 2847 [117‚
1080 2796 1102 2834 9
1127 2792 1190 2833 ed.
1215 2792 1343 2849 Ries]
1382 2796 1514 2834 Maius
1545 2795 1718 2833 Atlantis

211 2866 334 2901 natae
366 2863 559 2912 diqtzatus
595 2863 759 2900 honore.
821 2859 924 2901 alibi
954 2864 1097 2901 tamen
1132 2860 1242 2916 [395‚
1269 2864 1343 2913 183
1378 2865 1452 2913 193
1487 2864 1579 2908 394,
1605 2859 1643 2915 5]
1675 2861 1718 2901 111

213 2927 362 2970 eadem
394 2927 604 2985 disyllaba
635 2931 785 2970 extant
816 2931 962 2977 Maius,
996 2932 1143 2978 Maiae,
1173 2932 1295 2971 Μαῖα.
