1898 3292
696 281 815 305 LIBER
833 281 1006 306 TERTIVS.
1529 275 1550 312 2
1557 276 1602 313 61

109 382 231 422 facile
278 382 466 423 rationes
510 383 786 424 similitudine
833 383 1070 424 hexametri
1118 384 1416 437 expedientun
1464 386 1609 426 statim

105 451 263 492 senarii
293 451 466 492 iambici
497 452 692 492 modulos
724 452 974 506 rythmicos,
1010 465 1107 493 mox
1137 453 1484 505 logaoedicorum
1517 468 1609 495 ver-

105 534 227 561 suum
260 519 481 572 quosdam⁷
511 523 560 561 ut
591 520 771 573 quisque
802 519 1029 561 nobilitate
1059 520 1251 572 idoneus,
1285 522 1509 563 enarrabo.

220 588 356 641 Igitur
399 588 443 628 in
487 588 683 629 trimetro
728 602 806 642 pro
852 589 1063 630 varietate
1114 589 1368 631 incisionum
1419 590 1611 644 legitima

106 655 301 710 exempla
333 659 458 697 erunt
486 656 614 697 talia:

445 733 598 775 paterna
623 743 707 765 rura
768 731 886 766 bobus
912 735 1062 766 exercet
1086 733 1169 766 suis.

446 799 554 832 roges
579 791 683 822 tuum
706 789 832 823 labore
862 789 865 806 ⁷
895 789 981 833 quid
1005 789 1126 824 iuvem
1150 801 1243 832 meo,

103 851 254 906 positis
286 851 449 892 scilicet
478 852 521 892 in
551 851 709 893 finibus
741 851 937 893 ordinum
960 851 1101 893 verbis
1132 852 1338 894 trochaeo
1361 854 1447 895 sive
1468 854 1612 894 iambo

106 920 360 961 exeuntibus
401 920 488 961 sive
530 919 641 961 binis
679 920 996 974 monosyllabis.
1057 925 1287 974 praeterea
1331 922 1457 963 facile
1500 936 1611 963 com-

104 988 340 1042 putabitur7
371 989 556 1042 receptis
589 988 642 1029 ob
674 988 858 1029 solutam
891 989 1007 1030 arsin
1041 990 1128 1030 sive
1151 982 1612 1044 admissam-syllabam

106 1071 371 1098 communem
401 1057 520 1097 novis
551 1057 733 1109 pedibus
766 1071 949 1110 quonam
983 1058 1154 1098 modulo
1186 1058 1366 1111 legitimi
1389 1062 1614 1099 serventur

105 1126 281 1167 numeri.
343 1130 387 1166 at
420 1125 529 1165 male
561 1125 723 1166 habent
753 1126 795 1165 in
826 1126 984 1178 prioris
1016 1126 1179 1168 ordinis
1216 1126 1300 1168 fine
1335 1127 1451 1168 velut
1482 1127 1612 1169 tales:

448 1216 515 1239 nec
541 1208 583 1238 tu
607 1216 719 1249 negas
743 1205 790 1238 id.
842 1208 1018 1249 expetent
1043 1217 1180 1250 poenas
1208 1206 1277 1240 dei.

447 1261 534 1295 diris
560 1273 665 1307 agam
689 1274 764 1296 vos.
813 1262 892 1296 dira
916 1263 1124 1297 detestatio.

448 1323 625 1364 regnante
655 1322 692 1353 te
715 1319 817 1354 vides
842 1323 883 1354 ut
907 1320 1102 1364 imperium
1130 1320 1247 1355 cadat.

106 1404 127 1429 e
160 1376 315 1443 quibus
349 1388 553 1441 exemplis
585 1389 771 1442 primum
804 1402 855 1429 ac
887 1389 1120 1430 secundum
1154 1388 1310 1430 similia
1332 1393 1432 1430 sunt
1452 1389 1614 1430 heroici

105 1458 230 1498 metri
262 1457 359 1507 illis,
393 1471 503 1510 quae
536 1457 699 1498 habent-
729 1457 838 1510 pede
871 1457 1057 1498 secundo
1082 1457 1337 1512 dactylicam
1360 1470 1505 1498 vocem
1539 1472 1615 1499 seu

106 1526 404 1580 spondiacam,
436 1526 633 1567 ultimum
666 1526 743 1577 eis,
777 1539 887 1579 quae
918 1526 1060 1567 tertio.
1121 1525 1343 1567 fatendum
1374 1531 1519 1567 tamen
1549 1527 1615 1567 vel

106 1595 219 1648 apud
262 1595 445 1648 optimos
485 1595 718 1648 scriptores
755 1595 936 1636 inveniri
966 1594 1201 1636 identidem
1231 1595 1451 1636 trimetros
1484 1609 1615 1649 supra

104 1663 339 1717 propositis
370 1662 545 1713 similes,
583 1676 735 1716 nempe
775 1663 875 1716 quia
907 1663 1067 1704 talibus
1096 1662 1293 1705 admissis
1323 1664 1542 1717 optinetur
1571 1663 1615 1704 in

105 1732 245 1772 medio
289 1745 416 1772 versu
462 1735 664 1772 accentus
711 1732 905 1784 poeticus
951 1745 977 1772 a
1023 1732 1306 1784 grammatico
1353 1731 1615 1785 discrepans.

107 1803 297 1841 ceterum
327 1799 707 1853 hephthemimeris
738 1801 915 1853 migrari
944 1803 1093 1850 artem,
1126 1800 1240 1853 quod
1271 1813 1356 1842 non
1388 1800 1616 1842 obscuram

107 1868 159 1910 ob
202 1882 376 1910 causam
416 1869 542 1922 longe
583 1868 717 1909 habet
757 1869 878 1922 peius
923 1883 1051 1922 quam
1092 1868 1442 1922 penthemimeris
1483 1868 1615 1919 laesa,

106 1937 337 1979 rarissimis
379 1937 593 1978 invenitur
637 1937 854 1990 exemplis.
923 1937 1031 1978 illud
1074 1941 1217 1978 autem
1259 1950 1344 1978 non
1386 1937 1513 1978 modo
1554 1937 1616 1978 in-

107 2006 280 2059 elegans
325 2010 408 2056 est,
457 2005 531 2046 sed
575 2005 748 2055 falsum,
796 2005 1029 2059 spondiaco
1069 2005 1200 2047 verbo
1243 2006 1419 2047 tertium
1463 2005 1617 2059 pedem

106 2075 261 2125 teneri,
305 2074 507 2128 quoniam
550 2073 613 2114 ita
653 2073 780 2127 plane
820 2087 904 2115 non
942 2074 1044 2115 licet
1085 2078 1242 2127 quarta
1280 2074 1393 2115 thesi
1422 2074 1618 2115 abstrahi

107 2142 316 2197 syllabam
356 2141 707 2196 praecedentem,
751 2143 784 2184 si
827 2143 882 2183 sit
922 2142 1315 2196 hephthemimeris.
1377 2146 1422 2183 at
1454 2142 1489 2183 si
1520 2146 1617 2196 post

106 2210 274 2252 finitum
309 2211 486 2251 tertium
525 2211 677 2265 pedem
723 2211 804 2252 erit
840 2210 1132 2261 incidendum,
1174 2211 1292 2252 vides
1338 2210 1618 2264 spondiacum

106 2279 259 2321 haberi
293 2293 498 2321 caesurae
529 2279 762 2334 rythmum,
807 2280 879 2332 qui
912 2280 1076 2332 pariter
1107 2283 1150 2320 et
1182 2293 1207 2321 a
1236 2279 1458 2320 trochaico
1490 2283 1533 2321 et
1563 2278 1616 2320 ab

106 2348 292 2389 iambico
321 2348 490 2401 longest
520 2348 685 2389 alienus
717 2362 906 2389 numero.
967 2348 1088 2389 cuius
1119 2348 1375 2389 insolentiae
1407 2351 1620 2401 quotquot

107 2416 249 2457 inveni
291 2416 487 2470 exempla
527 2415 717 2457 afferam.
788 2417 919 2469 igitur
962 2416 1077 2469 apud
1119 2417 1423 2458 Terentianum
1471 2429 1619 2456 versus

110 2484 244 2525 habes
275 2484 385 2525 tales
416 2485 568 2538 [17163
603 2487 735 2536 22433
768 2488 902 2536 22473
936 2488 1067 2536 22683
1101 2485 1254 2539 22ss]:

356 2566 358 2568 ’
384 2567 422 2597 et
446 2563 488 2597 de
514 2575 670 2608 sequens
694 2563 843 2608 longam
868 2564 1030 2608 priorem
1055 2563 1211 2608 perficit.

382 2621 643 2665 Aristophanis
668 2621 799 2665 ingens
824 2621 936 2654 micat
964 2621 1135 2655 sollertia.

383 2677 554 2712 heroicus
580 2690 691 2722 quare
717 2678 830 2722 pedes
856 2691 923 2722 per
949 2679 1121 2722 singulos.

385 2735 449 2769 sed
475 2735 631 2779 simplici
658 2746 805 2769 carmen
831 2747 897 2779 per
925 2746 1032 2769 omne
1059 2738 1207 2769 evectus
1233 2738 1298 2769 est.

385 2792 436 2825 sic
465 2792 644 2826 creticum
670 2792 782 2835 siquis
808 2792 895 2825 velit
921 2791 1122 2836 diiungere.

110 2866 239 2913 porro
264 2859 521 2901 Prudentius
542 2860 586 2900 in
608 2859 761 2913 epyllio
783 2860 928 2913 posuit
950 2860 1058 2900 haec
1080 2859 1191 2913 [peri
1214 2863 1263 2901 st.
1292 2863 1354 2909 10,
1377 2862 1476 2910 8093
1499 2859 1618 2913 842]:

384 2939 565 2983 languetis
593 2939 719 2973 inbelli
745 2940 839 2972 fame
867 2950 910 2973 ac
937 2939 1117 2972 fatiscitis.

386 3008 587 3040 manusque
612 2996 788 3030 tendebat
812 2997 879 3030 sub
904 2996 1020 3030 ictum
1044 2995 1214 3029 vulneris.
