1898 3292
156 169 178 206 2
186 169 207 206 7
215 169 236 207 2
757 178 877 203 LIBER
896 178 1070 204 TERTIVS.

155 279 338 332 denique
359 279 425 320 vel
454 280 489 320 si
510 280 649 321 minus
673 282 860 320 evenerit
882 281 998 321 illud.
1030 286 1174 321 tamen
1196 281 1425 323 statuendo
1446 281 1489 322 in
1511 285 1660 332 metro,

154 348 274 388 cuius
306 361 389 388 non
420 347 596 389 finiatur
628 354 725 402 post
754 354 952 401 quartam
987 350 1102 389 arsin
1135 362 1304 400 sensus,
1347 349 1517 402 qualest
1556 350 1660 391 hoc:

404 422 484 456 vela
509 422 644 456 dabant
668 422 754 456 laeti
781 426 817 456 et
842 434 990 466 spumas
1014 423 1098 456 salis
1124 434 1207 456 aere
1232 424 1389 457 ruebant

153 484 349 537 optinere
379 484 768 538 hephthemiinerin
797 485 940 538 potius
973 499 1101 538 quam
1142 485 1515 538 penthemimerin,
1558 486 1661 540 quid

152 553 238 593 iam
280 552 546 594 lucrabimur
590 554 671 594 nisi
720 554 834 607 quod
879 554 996 594 nullo
1034 567 1170 607 paene
1212 558 1337 608 parto
1376 554 1661 596 emolumento

153 621 290 662 maior
322 635 502 662 caesura
538 636 642 675 prae
673 623 835 663 minore
867 623 1138 675 neglegitur?
1177 623 1428 664 relicuumst
1462 627 1510 664 ut
1538 637 1657 665 enar-

152 704 307 741 remus,
341 691 413 743 qui
436 691 685 743 frequenter
707 691 792 731 ista
815 691 1078 741 admiserint,
1111 692 1183 744 qui
1214 705 1326 742 raro,
1349 692 1423 744 qui
1444 693 1661 733 tenuerint

153 759 349 799 medium.
409 759 542 812 igitur
586 759 766 800 istorum
813 773 865 799 ex
908 773 1084 800 numero
1128 759 1247 800 fuere
1291 760 1476 810 Statius,
1520 760 1660 811 Silius,

153 827 365 877 Valerius,
398 831 488 868 tum
520 828 683 868 satirici
718 841 884 875 omnes,
916 832 958 868 et
987 841 1117 881 porro
1152 828 1356 878 Avienus,
1390 828 1660 879 Prudentius,

152 895 368 936 Paulinus.
435 900 585 936 contra
617 896 801 936 alienam
837 896 1090 949 plerumque
1132 900 1337 953 secuntur
1366 889 1560 938 normam
1593 897 1660 937 Ti-

151 963 310 1014 bullus,
352 964 622 1017 Propertius,
655 964 846 1015 Ovidius,
878 964 1095 1009 Lucanus,
1129 964 1358 1015 Martialis,
1392 965 1660 1018 Calpurnius,

152 1032 425 1083 Claudianus,
449 1035 619 1083 Arator,
643 1033 852 1083 Sedulius,
876 1033 1076 1083 Avianus,
1104 1033 1403 1083 Maximianus,
1436 1034 1659 1075 Luxorius.

152 1101 327 1154 quidam
373 1101 502 1142 medii
552 1102 662 1142 sicut
703 1101 903 1142 Manilius
943 1106 1018 1142 aut
1058 1102 1279 1154 paucitate
1320 1115 1518 1143 versuum
1561 1102 1660 1143 sub-

153 1169 337 1211 obscuri.
389 1173 431 1211 et
458 1170 610 1211 horum
637 1170 822 1223 quidem,
853 1170 925 1222 qui
958 1169 1208 1222 frequenter
1237 1174 1502 1224 usurparunt
1532 1171 1660 1212 istam

150 1238 380 1289 licentiam,
413 1242 518 1292 quot
550 1239 635 1279 sint
657 1238 852 1292 exempla
875 1239 948 1291 qui
971 1238 1084 1279 volet
1106 1239 1387 1292 computarit3
1421 1252 1472 1280 ex
1494 1240 1660 1289 ceteris,

150 1310 198 1347 ut
219 1320 358 1360 pauca
378 1320 585 1360 promam,
610 1307 804 1348 Tibullus
825 1307 936 1348 libro
957 1308 1096 1361 primo
1119 1307 1250 1348 semel
1272 1308 1446 1348 admisit
1466 1308 1553 1349 tale
1575 1308 1658 1349 sic:

402 1384 438 1415 te
466 1382 565 1415 canit
590 1382 761 1426 agricola,
790 1394 807 1416 e
833 1393 966 1426 magna
992 1394 1074 1416 cum
1099 1382 1242 1416 venerit
1266 1383 1368 1428 urbe.

147 1444 295 1498 itaque
327 1444 540 1486 Martialis
571 1445 613 1485 in
648 1445 795 1486 Xeniis
828 1450 870 1486 et
902 1445 1211 1499 Apophoretis:

400 1519 577 1553 lascivum
602 1531 715 1564 pecus
740 1522 777 1554 et
801 1519 908 1553 viridi
935 1531 1006 1553 non
1035 1520 1125 1554 utile
1152 1519 1312 1554 Baccho.

150 1581 281 1622 semel
313 1582 442 1623 etiam
474 1582 735 1624 Claudianus
770 1583 814 1623 in
857 1582 1118 1624 carminibus
1149 1582 1201 1623 de
1233 1583 1457 1624 consulatu
1492 1584 1659 1625 Anicio-

150 1664 245 1691 rum
277 1664 328 1692 ac
359 1650 412 1692 de
442 1650 613 1692 Manlii:

402 1730 670 1776 collectamque
696 1732 758 1766 diu
783 1736 821 1766 et
846 1732 956 1767 certis
980 1735 1180 1776 utcumque
1206 1732 1376 1766 locatam.

149 1804 240 1840 tum
271 1799 470 1842 Lucanus
500 1801 639 1855 primo
671 1801 884 1843 volumine
911 1806 1000 1843 ter:

400 1881 520 1925 gentis
543 1880 669 1916 Iuleae
695 1885 732 1916 et
757 1882 853 1926 rapti
879 1885 1022 1916 secreta
1048 1881 1201 1926 Quirini.

401 1938 546 1973 auditae
573 1950 764 1973 nemorum
795 1943 832 1973 et
855 1940 1044 1974 venientes
1071 1939 1275 1973 comminus
1300 1941 1463 1975 umbrae.

400 1995 595 2030 insonuere
620 1997 732 2031 tubae
759 2000 793 2030 et
821 2000 957 2040 quanto
982 1997 1142 2030 clamore
1168 1997 1352 2031 cohortes,

149 2063 333 2117 denique
365 2063 540 2106 Ovidius
567 2064 678 2106 libro
711 2065 861 2106 eodem
893 2065 1303 2120 metamorphosium
1340 2069 1514 2119 quater:

353 2144 523 2189 ingentes
549 2145 668 2179 animo
696 2148 733 2179 et
759 2145 888 2190 dignas
913 2145 1003 2180 Iove
1030 2146 1196 2190 concipit
1219 2147 1302 2181 iras.

354 2213 433 2236 esse
458 2206 565 2246 putat
591 2213 769 2246 nusquam
794 2206 904 2247 atque
932 2204 1053 2237 animo
1078 2204 1206 2247 peiora
1228 2207 1388 2238 veretur.

314 2260 317 2263 ’
354 2259 512 2293 altorum
538 2271 738 2303 nemorum,
767 2262 805 2293 et
828 2271 1019 2294 nemorum
1043 2264 1313 2294 monstraverat
1336 2261 1495 2295 umbras.

352 2316 467 2360 Arge,
492 2317 591 2351 iaces
619 2317 790 2361 quodque
816 2317 854 2350 in
878 2320 935 2351 tot
960 2317 1097 2351 lumina
1120 2317 1243 2351 lumen
1267 2317 1439 2352 habebas

150 2387 340 2425 ceterum
373 2398 448 2426 cur
478 2385 522 2425 in
553 2384 619 2426 his
652 2385 869 2439 exemplis,
903 2389 945 2426 et
977 2385 1100 2439 siqua
1131 2386 1174 2426 in
1204 2385 1564 2439 hephthemimeri
1593 2386 1657 2427 in-

149 2452 378 2494 veniuntur
410 2452 576 2504 similia,
609 2454 863 2508 plerumque
895 2455 1003 2495 arsis
1036 2468 1241 2496 caesurae
1273 2453 1460 2496 obnoxia
1480 2468 1656 2508 praece-

149 2520 351 2562 dentibus
382 2521 586 2574 iungatur
613 2537 690 2575 per
713 2523 932 2564 elisionem
954 2524 1196 2576 insequenti
1218 2523 1328 2564 libro
1351 2523 1655 2565 declarabitur.

263 2589 496 2643 Aliquanto
543 2591 683 2632 minus
732 2591 945 2645 probatur
994 2595 1091 2645 post
1143 2595 1346 2645 quartum
1397 2591 1655 2645 semipedem

149 2657 321 2710 gravius
367 2657 499 2699 incidi
541 2659 817 2710 sententiam,
866 2659 912 2700 id
951 2659 1065 2713 quod
1105 2660 1254 2714 puncti
1295 2659 1386 2701 fere
1427 2660 1548 2713 signo
1585 2674 1656 2701 ex-

148 2725 361 2778 primitur,
391 2726 528 2768 velut:

560 2795 732 2828 magnum
760 2784 1034 2828 documentum,
1061 2796 1106 2819 ne
1133 2785 1290 2829 patriam
1315 2796 1392 2819 rem

424 2841 578 2885 perdere
605 2842 684 2885 quis
715 2841 811 2875 velit.
848 2853 868 2875 a
893 2843 992 2886 turpi
1017 2843 1221 2876 meretricis
1247 2853 1370 2876 amore

424 2910 507 2932 cum
533 2898 756 2933 deterreret:
785 2898 933 2932 Scetani
960 2899 1146 2933 dissimilis
1169 2900 1227 2933 sis.
