1898 3292
762 240 881 266 mmm
899 240 1054 266 snxrvs.
1575 231 1656 270 433

150 343 314 397 pariter
345 357 396 385 ac
427 344 687 385 recentiores
718 347 764 383 ut
797 342 934 383 Varro
967 342 1024 396 [d.
1056 357 1088 382 r.
1120 356 1152 382 r.
1182 342 1234 387 ΙΙ,
1271 345 1304 391 l,
1336 342 1398 395 4],
1432 341 1657 382 Lucretius

151 412 244 466 [VI,
279 412 401 466 397]‚
448 411 654 453 Horatius
693 411 742 465 [s.
773 410 809 461 I,
839 415 876 460 4,
909 413 1012 461 1053
1057 410 1131 451 ubi
1172 424 1207 450 v,
1247 423 1396 450 comm.
1431 409 1656 463 nostrum]

150 479 360 533 Corippus
391 480 579 534 [iohann.
612 478 681 529 VI,
713 481 817 529 2533
853 478 955 532 484]
997 481 1039 519 et
1070 491 1181 531 quae
1213 491 1238 518 a
1268 481 1484 518 suescencli
1516 491 1656 518 exem-

148 547 219 600 plo
251 547 516 589 descendunt
547 546 679 588 verba
705 549 871 599 ponunt
913 546 1138 587 transitive
1169 558 1248 586 nec
1280 545 1419 586 minus
1450 559 1511 595 ea,
1545 559 1655 598 quae

149 619 248 656 sunt
286 619 418 667 μέρεϊ,
450 619 600 666 pudet,
639 617 838 665 paenitet,
870 614 1168 667 personaliter,
1200 613 1277 654 tali
1310 612 1483 666 quidem
1514 617 1655 666 pacto,

149 688 197 724 ut
239 688 315 724 aut
354 697 433 737 pro
475 683 721 725 accusativo
763 686 838 723 aut
879 696 957 735 pro
999 682 1194 736 genetivo
1240 681 1498 722 adhibeatur
1531 695 1656 723 casus

149 751 407 793 nominandi.
453 765 637 804 namque
668 751 729 791 ita
760 750 869 791 dixit
899 750 1110 791 Pacuvius
1140 749 1264 804 [Non.
1288 753 1384 799 475,
1410 750 1503 803 ls]:
1543 748 1655 800 ‘pro-

149 823 257 869 loqui
289 833 366 860 non
395 822 660 870 praenitebant
694 821 818 860 libere
851 822 1014 870 e'nqralo
1047 832 1098 859 ea*
1129 816 1264 859 [0005st
1315 818 1430 867 item,
1461 821 1509 858 ut
1539 822 1655 871 puto,

148 891 300 929 auctor
331 887 497 929 sotadei
527 887 569 928 in
598 887 847 940 Pompeium
879 886 1082 939 Magnum
1113 886 1216 926 iacti
1248 886 1328 940 [gr.
1350 886 1423 926 lat.
1454 885 1521 936 Vl,
1553 886 1654 939 462]

139 953 230 1006 “qui
261 957 314 1010 (v.
347 957 480 1010 quem)
512 970 589 996 non
625 959 756 1006 pudes
788 962 825 995 et
863 957 998 1002 rubet,
1040 968 1116 995 non
1150 962 1209 995 est
1239 958 1370 1003 homo,
1405 957 1485 994 secl
1513 951 1650 1003 ropio'

149 1028 191 1064 et
235 1024 438 1065 Paulinus
484 1025 551 1078 [6,
583 1024 686 1077 262]
743 1021 1002 1073 ‘qudcumque
1045 1026 1245 1063 hommum
1290 1025 1395 1063 vilae
1448 1025 1655 1062 commissa

142 1096 300 1143 prioris
334 1089 541 1143 paenitel’
579 1096 621 1133 et
651 1105 781 1145 porro
814 1093 897 1146 [21,
930 1091 1030 1144 826]
1076 1089 1204 1132 ‘nunc
1235 1104 1337 1131 nova
1370 1087 1653 1141 paene'luisti'.

147 1160 259 1201 idem
290 1161 374 1201 alio
405 1160 498 1201 loco
532 1161 617 1214 [20,
647 1161 747 1214 229]
794 1159 926 1200 ‘salva
951 1163 1062 1200 salus
1093 1162 1242 1199 homini
1271 1162 1415 1200 redeat
1448 1161 1655 1198 commissa

141 1226 342 1280 piqenti'.
405 1232 554 1269 contra
593 1227 727 1269 habes
769 1227 884 1281 apud
916 1231 1137 1268 auctorem
1169 1226 1325 1268 aetatis
1358 1226 1486 1267 etiam
1520 1239 1652 1275 serae,

148 1296 430 1337 Octavianum
473 1295 608 1350 [anth.
641 1295 713 1336 lat.
746 1295 794 1336 R.
828 1299 897 1345 20,
934 1295 1026 1349 12]:
1078 1294 1198 1345 ‘quid
1234 1298 1402 1345 placeat
1444 1296 1575 1342 nobis,
1621 1297 1656 1334 si

158 1367 286 1406 Venus
318 1368 408 1416 ilisa
444 1362 578 1416 [ἠθεῖ’
614 1377 692 1405 nec
723 1364 862 1405 minus
894 1363 1008 1417 apud
1032 1363 1262 1417 Corippum
1297 1362 1483 1419 [iohann.
1506 1362 1554 1412 V,
1584 1361 1654 1418 89]

141 1432 395 1474 ‘didicerunt
423 1436 551 1474 corda
582 1436 740 1473 dolores
772 1435 895 1483 Impia
928 1435 1214 1483 poenituitque
1244 1428 1428 1480 malecm',
1474 1431 1657 1484 denique

147 1501 263 1556 apud
307 1500 617 1543 Columbanum
665 1500 869 1556 [monost.
903 1499 979 1555 21]
1037 1499 1106 1541 ‘ne
1148 1507 1217 1541 tua
1256 1503 1470 1550 paeniteat
1510 1513 1657 1541 caveas

146 1573 318 1611 victoria
351 1568 503 1611 temet'.

263 1649 348 1691 Sed
377 1653 426 1691 ut
454 1648 647 1699 redeam,
678 1647 791 1690 unde
825 1661 918 1689 sum
950 1647 1188 1700 digressus,
1224 1648 1352 1701 longa
1381 1648 1525 1700 priore
1558 1661 1656 1687 con-

147 1721 234 1759 stat
262 1725 395 1759 ratum
426 1717 503 1758 tali
533 1717 576 1757 in
607 1730 732 1758 versu
760 1715 1036 1757 Merobaudis
1071 1714 1237 1771 [paneg.
1270 1714 1392 1771 131]:

351 1811 430 1842 rata
454 1807 555 1851 fides,
580 1807 707 1841 validis
735 1806 833 1851 quod
858 1806 932 1841 dux
956 1810 1100 1851 premat
1124 1807 1282 1850 impiger
1308 1806 1426 1840 armis.

149 1892 192 1929 et
222 1888 284 1929 sic
315 1887 447 1929 semel
476 1887 672 1942 Porfyrio
713 1886 794 1943 [16,
826 1886 920 1943 27],
964 1886 1035 1940 qui
1082 1885 1235 1926 ceteris
1275 1885 1381 1926 locis
1421 1885 1655 1939 legitimam

148 1960 291 1997 servat
322 1957 620 2010 quantitatem.
682 1969 760 1996 nec
796 1955 935 1996 minus
976 1954 1112 1995 habes
1151 1958 1359 2001 daturum,
1392 1957 1546 2001 datum,
1587 1958 1655 2004 szc-

148 2032 280 2065 lurum
313 2028 513 2078 porrecto
551 2023 763 2077 principio
804 2022 919 2076 apud
949 2026 1169 2064 auctorem
1200 2021 1317 2062 haud
1349 2036 1451 2062 sane
1483 2022 1655 2062 doctum

148 2093 349 2134 carminis
378 2093 421 2133 in
453 2093 627 2146 genesin
662 2091 782 2148 [8783
818 2093 948 2143 13163
984 2094 1114 2141 1345,
1150 2089 1300 2146 1351]:

354 2183 540 2228 promittit
565 2183 727 2217 decimos
754 2182 924 2216 daturum
951 2193 988 2217 se
1014 2182 1092 2216 fore
1117 2181 1269 2215 [ructus.

354 2240 453 2285 quod
477 2243 667 2274 numerata
695 2239 796 2284 prius
821 2239 992 2273 sestertia
1016 2238 1174 2282 dataque
1200 2238 1284 2271 vati.

355 2297 538 2332 occulitur
562 2296 689 2331 datum
715 2300 819 2330 sueto
844 2296 916 2330 iam
942 2306 1043 2329 more
1068 2295 1258 2329 talentum.

338 2353 516 2388 ‘futurum
540 2354 775 2397 increpitant,
803 2364 911 2397 quem
936 2355 1087 2387 nectant
1113 2352 1276 2394 crimine,
1303 2362 1457 2384 servum.

150 2437 281 2487 atque
322 2433 384 2475 ita
413 2433 484 2473 vix
523 2433 674 2475 melior
712 2433 899 2487 scriptor
935 2431 1136 2474 carminis
1173 2431 1225 2472 de
1257 2430 1525 2484 aegritudine
1557 2430 1656 2472 Per-

150 2501 272 2543 dicae
307 2500 362 2558 [p.
393 2501 438 2542 L.
469 2501 567 2543 min.
598 2501 645 2553 V,
681 2505 758 2543 117
790 2516 826 2543 v.
861 2500 982 2558 107]:

355 2592 514 2637 suspirat
540 2603 738 2637 numquam
763 2592 927 2637 requiem
953 2591 1104 2626 daturus
1131 2591 1256 2625 amori.

151 2676 302 2714 contra
334 2675 472 2714 abluta
501 2676 545 2714 et
564 2680 684 2723 spula
707 2672 905 2714 Sedulius
936 2670 984 2727 [c.
1002 2685 1041 2725 p.
1064 2671 1134 2722 IV,
1158 2674 1262 2722 2693
1294 2671 1342 2721 V,
1368 2668 1479 2725 lO2],
1511 2673 1655 2710 elatam

150 2741 410 2782 Prudentius
445 2739 554 2797 [peri
577 2740 713 2794 steph.
737 2745 773 2791 5,
798 2739 895 2796 362]
931 2743 1132 2793 correpta
1161 2751 1344 2792 posuere
1377 2737 1655 2791 paenultima.

264 2808 359 2850 Non
391 2808 559 2850 diversa
589 2808 704 2850 venit
734 2808 918 2859 ratione,
951 2807 1065 2861 quod
1096 2808 1140 2848 in
1171 2809 1294 2847 subus
1326 2805 1561 2846 communis
1594 2809 1658 2846 est

152 2878 288 2931 prior,
335 2891 430 2918 cum
472 2876 676 2930 plenioris
718 2876 881 2918 formae
923 2875 1087 2929 syllaba
1129 2875 1267 2915 altera
1306 2877 1348 2914 ct
1390 2873 1483 2926 cogi
1522 2873 1658 2926 possit

219 2957 250 2982 L.
270 2956 459 2987 Muelle113
485 2957 529 2981 De
550 2964 570 2981 r.
590 2964 627 2981 m.
647 2964 673 2986 p.
693 2956 724 2980 L.
1340 2942 1384 2973 23
