1898 3292
722 251 839 276 ῙᾸΒΕΕ
860 250 1046 282 QVARTVS.
1555 244 1598 280 31
1613 244 1634 279 7

336 352 517 386 Naiadum
543 356 662 387 coetu.
711 356 854 386 tantum
879 364 950 387 nou
977 352 1147 396 Orpheus
1172 352 1352 386 Hebrum.

334 421 525 454 poenaque
553 412 743 454 respectus
770 413 807 444 et
831 421 926 443 nunc
952 412 1085 452 manet,
1111 408 1291 453 Orpheus,
1320 411 1355 443 in
1383 414 1429 443 te.

130 479 233 538 bina
262 478 458 520 Pentadii
493 477 603 533 [251,
639 477 704 533 19]
738 478 781 518 in
813 478 1030 519 schemate
1062 477 1354 530 epanalepsis:

333 551 496 586 Theseus
522 552 728 595 Hippolyto
753 552 863 585 vitam
890 563 957 595 per
980 554 1065 585 vota
1091 551 1244 594 rogavit.

334 609 475 653 optavit
499 611 656 642 mortem
681 608 845 643 Theseus
871 608 1090 653 Hippolyto,

128 692 257 720 unum
291 676 476 717 Phaedri
511 676 575 732 [V,
613 680 647 725 1,
683 676 747 733 1];

334 749 545 784 Demetrius
572 751 632 794 qui
659 750 779 784 dictus
806 754 862 784 est
887 750 1097 785 Phalereus.

127 834 205 861 nec
227 820 365 871 aliter,
388 822 435 859 ut
456 823 572 872 puto,
595 819 637 859 in
659 819 856 860 trimetro
878 819 1063 860 iambico
1088 819 1241 860 Accius
1267 819 1435 875 [Festus
1454 835 1492 873 p.
1509 820 1604 876 372]
1626 837 1632 861 z

333 893 403 926 ian]
428 892 521 926 hanc
547 894 674 927 urbem
701 893 797 928 ferro
822 896 962 927 vastam
989 893 1098 926 faciet
1122 892 1264 927 Peleus.

129 962 313 1014 denique
347 965 489 1002 aetate
521 961 673 1002 ultima
706 961 966 1003 Dracontius
1001 961 1054 1017 [1,
1092 961 1183 1017 11]:

332 1035 398 1069 hos
425 1035 549 1080 chelys
576 1047 700 1069 musea
728 1039 827 1070 totos
856 1035 1098 1079 Orpheusque
1123 1037 1281 1070 miscuit.

130 1107 282 1145 contra
313 1103 429 1158 apud
463 1104 685 1145 Manilium
719 1104 832 1157 quod
865 1104 1023 1157 legitur
1058 1103 1103 1159 [L
1136 1103 1259 1160 350]:

280 1216 282 1219 y
334 1182 370 1213 et
395 1178 519 1213 finitur
544 1180 581 1213 in
605 1179 855 1223 Andromeda,
879 1191 987 1224 quam
1013 1179 1170 1213 Perseus
1195 1180 1304 1213 armis

331 1236 443 1281 eripit
468 1239 505 1270 et
532 1237 649 1271 sociat
674 1237 752 1279 sibi,
780 1237 838 1271 cui
865 1237 1032 1271 succedit
1058 1237 1182 1280 iniquo

331 1293 487 1327 divisum
513 1295 643 1338 spatio,

131 1363 223 1403 iure
266 1362 529 1416 suspectavit
559 1361 776 1404 Bentleius
820 1362 952 1404 verba
993 1376 1018 1403 a
1058 1362 1258 1416 primoris
1290 1375 1437 1402 versus
1479 1365 1636 1414 quarta

130 1430 241 1472 thesi
272 1430 328 1471 ad
371 1430 550 1472 eandem
592 1431 768 1472 secundi
808 1431 1082 1485 pertinentia.
1145 1431 1187 1470 in
1219 1444 1305 1471 eum
1338 1434 1632 1471 excurrentem

128 1498 437 1549 accusativum,
481 1499 553 1552 qui
596 1499 710 1553 apud
748 1499 883 1540 bonos
927 1499 1160 1554 dactylicos
1193 1512 1276 1540 non
1308 1499 1538 1549 invenitur,
1572 1499 1632 1539 di-

126 1567 281 1609 ducere
314 1570 486 1621 oportet
517 1567 717 1622 syllabas,
748 1571 796 1609 ut
826 1568 1087 1609 Dracontius
1120 1567 1229 1608 dixit
1259 1566 1391 1621 praef.
1429 1572 1471 1608 1:

333 1640 523 1685 Orpheum
546 1645 667 1676 vatem
693 1645 883 1675 renarrant
907 1645 964 1675 tot
989 1642 1154 1686 priorum
1181 1641 1338 1675 litterae.

124 1710 273 1762 itaque
296 1713 556 1751 extremaest
575 1710 820 1761 barbariae,
844 1710 958 1763 quod
982 1713 1183 1761 Orpheum
1207 1709 1463 1764 disyllabum
1489 1710 1634 1763 posuit

127 1778 326 1819 Sidonius
361 1776 441 1834 [ep.
475 1778 585 1830 VIII,
622 1782 684 1829 11,
721 1777 801 1835 19].

237 1847 328 1887 Iam
361 1850 415 1895 oi,
456 1850 504 1888 ut
542 1847 585 1887 in
624 1847 767 1888 dativo
800 1851 893 1898 quoi
925 1846 978 1888 ad
1011 1846 1261 1898 Quintiliani
1293 1860 1429 1900 usque
1461 1849 1630 1900 tempus

127 1915 172 1971 [1,
203 1919 238 1967 7,
267 1914 336 1972 27]
371 1915 537 1968 vulgari
568 1929 762 1957 sermone
793 1919 1064 1966 servatumst,
1095 1915 1157 1956 ita
1187 1915 1230 1956 in
1261 1915 1357 1965 illis,
1390 1928 1501 1968 quae
1533 1919 1631 1956 sunt

116 1987 261 2034 proin,
296 1987 477 2034 proinde
515 1987 742 2037 poetarum
783 1988 898 2024 certe
944 1998 1024 2025 usu
1067 1982 1265 2024 adhiberi
1309 1996 1393 2023 non
1425 1986 1490 2024 est
1522 1983 1629 2024 desi-

122 2057 225 2093 tum.
286 2052 349 2093 ita
381 2052 489 2093 dixit
519 2052 733 2093 Ausonius
765 2050 958 2108 [profess.
985 2055 1047 2103 10,
1071 2052 1143 2105 49]
1175 2052 1219 2092 in
1250 2051 1462 2105 dactylico
1494 2056 1631 2092 metro

116 2118 309 2171 ‘proinde
346 2127 389 2161 ut
420 2127 511 2161 erat
540 2118 762 2161 met-ilum’.
825 2133 1087 2173 quamquam
1130 2119 1183 2161 ab
1213 2119 1394 2172 Augusti
1438 2123 1630 2173 tempore

122 2203 201 2230 nec
232 2188 477 2242 frequentia
518 2189 621 2230 satis
665 2192 708 2229 et
747 2188 861 2242 apud
900 2188 1096 2230 duriores
1127 2188 1398 2241 potissimum
1432 2192 1630 2229 auctores

122 2260 412 2310 provenerunt
455 2257 656 2312 synizesis
694 2257 818 2298 istius
852 2257 1060 2310 exempla.
1122 2260 1314 2298 ceterum
1348 2256 1503 2309 quibus
1535 2256 1630 2297 bre-

123 2325 214 2366 vior
245 2325 385 2366 forma
413 2325 590 2379 placuit,
622 2339 705 2366 non
734 2329 879 2366 tamen
901 2325 1078 2366 diducta
1100 2324 1181 2366 fuit
1203 2323 1427 2366 offensioni
1450 2329 1629 2378 excepto

121 2393 334 2444 Lucretio,
367 2393 440 2446 qui
475 2407 643 2447 semper
674 2393 804 2434 habet
837 2393 1160 2447 diphthongum.
1220 2394 1283 2434 ita
1315 2393 1501 2434 eiusdem
1533 2397 1631 2433 sunt

122 2461 310 2503 Senecae
347 2460 532 2518 [Thyest.
566 2461 687 2518 201]:

327 2535 482 2579 proinde
509 2538 703 2579 antequam
729 2547 767 2570 se
792 2536 913 2570 firmet
939 2539 1001 2570 aut
1026 2536 1119 2570 vires
1146 2538 1251 2580 paret

122 2606 165 2644 et
199 2602 306 2644 alias
339 2602 511 2659 [Phoen.
545 2603 665 2660 458]:

326 2677 481 2720 proinde
506 2677 641 2711 bellum
667 2677 785 2712 tollite
811 2681 874 2712 aut
898 2678 984 2712 belli
1009 2689 1159 2712 moram.

123 2748 168 2785 at
198 2745 379 2786 timuere
415 2749 540 2795 proin
574 2749 616 2786 et
649 2749 831 2796 ,proinde
862 2746 928 2787 vel
960 2746 1145 2787 diductis
1177 2745 1243 2786 vel
1275 2744 1443 2786 coalitis
1485 2744 1628 2785 dicere

122 2812 297 2866 syllabis
329 2812 554 2863 Horatius,
590 2813 809 2865 Manilius,
843 2814 1058 2865 Lucanus,
1089 2813 1320 2863 Martialis,
1354 2812 1627 2863 Claudianus,

122 2880 333 2921 Homerus
377 2881 575 2931 Latinus,
624 2880 707 2922 alii.
775 2895 853 2922 nec
898 2896 995 2923 vere
1046 2881 1246 2922 Heinsius
1291 2880 1464 2934 scripsit
1509 2880 1624 2934 apud

123 2948 318 2990 Ovidium
346 2948 475 3002 [med.
508 2949 629 2990 form.
663 2948 731 3004 27]
776 2948 912 3000 ‘proin
946 2964 989 2990 se
1021 2963 1205 3000 quaeque
1230 2946 1424 2999 parent'.
