1898 3292
271 272 351 310 338
862 279 980 304 LIBER
1000 278 1189 310 QVARTVS.

268 381 375 424 illud
408 385 551 423 aether
583 396 676 423 esse
700 381 866 435 generis
888 381 1042 429 neutri,
1076 382 1188 422 sicut
1220 385 1388 422 aethera
1417 386 1459 422 et
1490 396 1590 424 aera
1622 383 1779 436 plurali

270 464 446 491 numero
489 465 618 504 saepe
659 454 894 503 posuerunt
938 450 1169 502 scriptores
1203 450 1407 503 temporis
1440 451 1589 492 ultimi.
1651 466 1778 505 porro

269 533 304 560 v.
340 523 389 561 19
423 533 483 572 sq.
516 518 810 560 scribendum:

475 613 552 644 tum
580 609 767 654 placidum
792 609 890 643 iacet
916 620 1021 642 omne
1048 620 1147 642 mare
1173 610 1411 643 vernantibus
1438 610 1567 643 undis:

474 665 625 700 flumina
650 677 717 710 per
740 665 918 700 tremulos
946 666 1061 699 currit
1085 666 1148 699 lux
1173 677 1283 700 aurea
1307 665 1452 700 fluctus.

268 747 309 787 in
342 747 550 797 Parisino,
583 760 666 787 non
696 746 739 786 in
771 746 1002 799 Lipsiensi,
1034 745 1145 786 male
1177 746 1334 799 legitur
1367 761 1478 787 mare
1508 755 1554 787 el.
1588 772 1642 776 -
1674 747 1779 788 illud

263 819 431 866 flume'na
462 818 595 856 currit
626 814 799 863 dictum,
832 819 878 855 ut
910 814 1024 868 apud
1056 814 1289 868 Vergilium
1321 815 1431 869 [aen.
1463 815 1535 864 III,
1564 816 1660 870 191]
1693 820 1779 856 vela.

269 888 410 924 damus
443 890 676 934 vastumque
707 897 807 924 cava
840 886 955 924 trabe
987 886 1190 924 curt-lmus
1213 897 1379 934 aequor.
1428 887 1470 923 et
1492 883 1780 933 Quintilianus

268 952 317 1006 [L
350 958 387 1001 4,
417 952 489 1006 28]
521 966 686 1002 campus
720 955 905 992 curritur
938 959 975 992 et
1004 965 1117 992 mare
1148 955 1380 1002 rearmatur.
1410 977 1466 981 —-
1496 952 1598 992 item
1632 966 1657 992 a.
1687 966 1778 993 car-

267 1021 379 1061 mine
428 1020 481 1061 ad
525 1020 743 1062 Oceanum
786 1020 843 1074 [p.
876 1019 901 1060 l.
934 1034 986 1060 m.
1018 1019 1096 1069 Ill,
1131 1019 1251 1074 165],
1296 1019 1410 1072 quod
1456 1019 1589 1060 habet
1631 1034 1778 1061 versus

269 1088 472 1135 XXVIII,
515 1088 673 1129 absunt
718 1087 928 1129 elisiones.
1002 1102 1099 1128 nam
1141 1102 1176 1128 V.
1215 1091 1237 1128 2
1281 1088 1555 1129 scribendum
1606 1091 1778 1134 Oceane,

262 1161 454 1208 placido:
493 1160 546 1198 20
582 1165 773 1208 quantam
804 1165 938 1197 struat
969 1159 1051 1197 otia
1081 1159 1229 1205 remis;
1272 1156 1454 1209 denique
1487 1161 1538 1199 25
1572 1171 1632 1210 sq.
1664 1157 1778 1210 quod

266 1226 424 1278 legitur
462 1230 528 1271 da,
570 1232 706 1276 pater,
737 1232 780 1265 ut
812 1232 894 1265 tute
922 1229 1042 1266 liceat
1075 1228 1350 1266 transmittere
1382 1239 1542 1266 cursum
1582 1225 1652 1280 [cf.
1686 1239 1777 1266 aen.

269 1294 335 1343 VI,
368 1294 486 1349 313],
525 1298 671 1346 perfer
704 1297 762 1335 ad
790 1301 946 1344 optatos
978 1307 1123 1334 seem-0
1152 1297 1191 1333 e'n
1224 1298 1342 1334 litore
1379 1302 1545 1344 portus,
1580 1308 1663 1335 non
1697 1294 1779 1335 erit.

267 1363 457 1404 deterius
489 1362 594 1404 illud
625 1376 771 1403 securo
804 1365 934 1403 litore.
966 1387 1019 1391 -—
1050 1362 1153 1402 item
1181 1362 1225 1402 in
1247 1361 1441 1403 versibus
1463 1362 1561 1403 XVI
1584 1362 1778 1416 opusculi

266 1444 402 1485 aeque
442 1431 650 1484 temporis
693 1431 778 1471 seri
820 1430 872 1470 de
915 1430 1152 1471 celeumate
1195 1430 1267 1484 [ib.
1306 1431 1403 1484 167]
1445 1434 1487 1471 et
1522 1431 1566 1471 in
1597 1431 1776 1472 totidem

265 1514 442 1540 numero
476 1499 642 1541 Claudii
675 1498 897 1540 cuiusdam
931 1498 982 1539 de
1013 1499 1135 1539 Luna
1164 1499 1284 1553 [163]
1315 1498 1512 1540 elisiones
1540 1499 1695 1540 nullae.

382 1568 465 1609 Sed
497 1568 601 1621 quid
633 1581 739 1621 opus
772 1581 1003 1620 parvorum
1035 1571 1283 1621 poematum
1304 1567 1562 1618 testimonio,
1595 1582 1689 1609 cum
1712 1567 1778 1609 vel

265 1637 307 1677 in
335 1636 571 1677 maioribus
602 1636 720 1677 haud
751 1649 851 1676 raro
874 1635 1147 1677 inveniantur
1167 1636 1313 1689 plures
1336 1635 1520 1677 decades
1542 1641 1776 1678 metrorum

266 1706 356 1746 sine
388 1705 563 1746 elisione
597 1704 686 1745 ulla
717 1704 1007 1753 decurrentes,
1041 1704 1172 1745 veluti
1196 1704 1311 1758 apud
1333 1704 1628 1754 Dracontium,
1658 1705 1777 1746 cuius

265 1774 308 1814 in
358 1773 529 1827 scriptis
581 1772 798 1814 faciliores
846 1787 984 1826 aequo
1036 1772 1287 1826 copulandis
1334 1773 1553 1815 vocalibus
1605 1774 1778 1815 fuerunt

266 1842 465 1883 editores.
518 1856 643 1895 quem
675 1845 820 1883 tamen
852 1841 1071 1894 superavit
1104 1841 1284 1883 multum
1308 1855 1411 1883 cura
1434 1842 1777 1896 elegantissimus

265 1910 533 1952 versificator
555 1909 845 1965 Symphosius.
897 1923 996 1950 nam
1029 1910 1063 1951 is
1095 1910 1137 1950 in
1166 1909 1429 1952 hexametris
1452 1910 1672 1952 CCCXVII
1693 1925 1776 1952 non

265 1979 401 2032 magis
442 1978 724 2033 tetrasyllabo
769 1979 925 2019 clausit
967 1992 1158 2029 versum,
1207 1979 1319 2020 sicut
1361 1979 1496 2020 visum
1540 1979 1777 2020 editoribus

265 2048 351 2104 [81‚
376 2051 423 2099 33
456 2051 522 2097 96,
547 2050 569 2088 3
604 2047 667 2088 ed.
692 2047 835 2101 Ries.],
873 2061 1000 2100 quam
1035 2047 1254 2088 elisionem
1285 2047 1460 2088 admisit
1480 2048 1624 2089 ullam.
1674 2048 1776 2100 legi-

264 2120 336 2157 tur
368 2116 540 2170 quidem
577 2116 621 2157 in
653 2116 894 2169 aenigmate
926 2115 978 2156 de
1010 2115 1311 2169 vespertilione
1345 2115 1416 2171 [ib.
1447 2119 1500 2158 28
1547 2116 1614 2170 3]:

471 2201 536 2235 sed
563 2201 674 2236 redeo
700 2202 736 2234 in
762 2201 924 2235 tenebris
952 2212 1019 2235 nec
1045 2212 1101 2235 me
1129 2202 1321 2236 committo
1350 2202 1488 2236 diebus.

264 2270 352 2317 ubi'
379 2275 486 2317 illud
525 2280 599 2317 sed
638 2280 763 2317 redeo
805 2276 999 2329 ineptum
1040 2290 1132 2317 esse
1172 2281 1365 2330 apparet.
1431 2281 1475 2317 at
1514 2290 1598 2317 non
1639 2276 1776 2329 magis

264 2344 408 2399 placet
430 2344 599 2385 Pithoei
629 2345 847 2385 inventum
879 2349 955 2385 secl
983 2349 1118 2393 sedeo,
1151 2345 1265 2399 quod
1297 2349 1340 2386 et
1371 2358 1474 2386 sono
1504 2345 1774 2398 ingratumst.

264 2414 350 2454 iam
382 2426 478 2454 cum
509 2415 585 2454 sed
613 2413 829 2466 particula
850 2414 920 2454 vix
943 2414 998 2455 sit
1020 2418 1134 2467 apt-a,
1168 2413 1324 2455 nedum
1346 2414 1605 2463 necessaria,
1638 2413 1775 2453 oritur

265 2481 451 2535 suspicio
499 2481 542 2521 in
587 2481 820 2536 archetypo
866 2481 996 2523 fuisse
1042 2486 1166 2523 redeo
1208 2496 1341 2536 supra
1386 2482 1547 2536 scripto
1589 2481 1642 2522 ad
1682 2495 1774 2522 cor-

264 2549 490 2603 rigendum
527 2549 677 2590 vitium
717 2550 882 2603 primae
925 2549 1116 2605 syllabae
1156 2554 1240 2592 sed.
1311 2551 1444 2603 igitur
1482 2549 1774 2604 reponendum

264 2618 481 2659 existimo:

469 2704 506 2736 in
532 2703 704 2737 tenebras
730 2702 840 2737 sedeo
866 2714 934 2738 nec
959 2714 1017 2737 me
1044 2704 1235 2738 committo
1261 2704 1401 2738 diebus.

262 2791 361 2819 nam
403 2778 650 2819 accusativo
695 2791 801 2831 opus
836 2779 940 2832 {esse
986 2778 1212 2828 concedet,
1261 2779 1334 2832 qui
1377 2782 1500 2819 nocte
1544 2777 1688 2818 volare
1729 2777 1773 2818 id

263 2859 396 2899 genus
428 2846 579 2887 alitum
615 2860 667 2887 ex
699 2845 850 2887 Ovidio
883 2846 1092 2887 didicerit.

378 2914 454 2954 llis
499 2914 704 2967 expositis
746 2913 851 2954 nihil
894 2913 1060 2956 obstat.
1106 2915 1207 2967 quin
1250 2915 1417 2968 singula
1461 2915 1680 2969 deinceps,
1724 2919 1771 2956 ut

264 2983 570 3028 consuevimus,
593 2982 857 3023 illustremus
882 2983 1098 3035 exemplis
1152 2984 1194 3023 in
1224 2983 1379 3035 quibus
1402 2983 1637 3024 referendis
1661 2997 1770 3036 quae
