1898 3292
776 223 894 248 LrBER
914 223 1091 254 QVINTVS.
1603 216 1652 252 39
1660 212 1681 252 7

290 325 399 366 Nam
431 339 507 367 nec
539 325 740 366 Manilius
779 325 951 378 scripsit
981 325 1069 380 [1V,
1103 326 1204 380 920]
1248 324 1354 376 ripse
1387 333 1500 367 vocal
1531 329 1683 367 animos

176 402 334 435 nostros
377 398 433 435 ad
474 397 614 435 sidera
657 391 873 439 mundus&
925 394 1098 447 scripsit
1151 393 1330 434 ‘nosnos
1374 394 1556 434 (ιηὶηιως
1606 408 1683 435 nec

175 462 469 503 Sammonicus
509 462 611 516 [15]
646 460 745 502 ‘tum
782 466 941 512 poteris·
983 467 1161 503 alacrem
1197 465 1343 512 eapitis
1383 477 1587 512 reparare
1630 466 1683 503 ι’ἱ-

173 528 333 581 glorem'
386 530 460 571 sed
506 530 649 584 potius
693 529 808 570 ‘Imm
851 534 1028 571 alacrem
1072 528 1267 580 poleris’.
1340 530 1455 583 apud
1503 531 1682 571 eundem

175 598 277 639 alibi
310 612 404 639 cum
437 598 603 639 feratur
634 598 776 653 [511]:

379 693 434 724 est
460 690 521 733 qui
547 689 795 733 praevalidum
822 689 915 723 frixo
942 689 1014 723 sale
1038 689 1168 723 miscet
1193 692 1339 723 acetum

379 751 489 791 atque
517 747 585 780 olei
611 758 699 780 suco
726 747 875 780 refricat
901 746 1061 780 albentia
1085 747 1260 789 membra,

175 827 467 881 reponendum
501 840 593 868 esse
637 825 831 878 ‘rest-leat
864 824 952 877 (μί’
990 826 1169 867 docetur
1200 840 1261 877 ec,
1293 826 1407 879 quod
1430 826 1540 867 libro
1563 826 1683 867 Turi-

175 896 289 936 censi
330 895 468 936 fertur
504 895 611 936 illud
646 898 912 946 resi‘e'catqzce.
976 899 1020 936 at
1060 895 1221 948 poterit
1262 895 1396 935 videri
1437 895 1685 935 eximendus

173 977 349 1005 normae
380 964 600 1004 severitati
625 963 819 1004 Valerius
842 963 1033 1013 Flaccus,
1070 963 1184 1016 apud
1218 977 1344 1016 quem
1378 963 1518 1003 aliena
1541 964 1682 1003 feruu-

174 1038 245 1073 tur
277 1032 384 1073 haec
415 1032 483 1086 [V,
519 1035 618 1083 1643
652 1036 755 1083 5913
788 1032 856 1082 VI,
894 1032 1012 1086 152]:

379 1123 420 1157 fit
445 1123 579 1167 fragor,
606 1123 787 1157 aetherias
815 1134 882 1157 ceu
907 1121 1079 1167 Iuppiter
1104 1122 1238 1156 arduus
1264 1133 1366 1156 arces

380 1180 578 1224 impulerit,
604 1180 694 1214 imas
720 1192 847 1214 manus
873 1183 936 1213 aut
960 1180 1148 1224 Neptunia
1175 1183 1302 1213 terras.

586 1248 738 1271 croceos
765 1238 816 1271 sic
845 1237 940 1270 illius
967 1238 1084 1271 omnis
1111 1237 1243 1271 odores

379 1295 493 1329 iactat
518 1305 638 1338 6111163.
689 1295 810 1328 unctis
837 1294 889 1328 sic
916 1297 971 1328 est
996 1305 1101 1328 coma
1127 1294 1226 1328 culta
1251 1294 1430 1337 maniplis.

380 1351 548 1386 omnihus
575 1351 611 1384 in
636 1363 790 1396 superos
815 1362 942 1385 saevus
970 1351 1098 1395 honor,
1126 1351 1293 1385 omnibus
1320 1354 1417 1385 artes

379 1407 638 1442 monstrificae.

175 1490 282 1531 hacc
314 1490 446 1543 igitur
485 1502 613 1542 quam
652 1492 769 1530 recte
807 1487 998 1530 habeant
1039 1487 1313 1530 iudicandum
1348 1488 1543 1541 relinquo
1576 1488 1685 1537 aliis,

174 1562 222 1600 ut
254 1572 448 1600 moneam
478 1561 623 1598 tamen
661 1557 799 1610 primo
842 1557 1037 1611 exemplo
1081 1557 1229 1611 reponi
1273 1570 1399 1610 posse
1442 1571 1584 1597 numus
1617 1564 1687 1596 (ml

173 1631 288 1676 inam,
321 1626 497 1668 secundi
519 1625 670 1667 melius
693 1625 918 1668 convenire
941 1626 1178 1667 sententiae
1203 1628 1359 1667 cuncus
1391 1639 1519 1678 quam
1554 1629 1685 1665 unctis

175 1697 270 1749 (pro
315 1708 399 1748 quo
433 1694 667 1736 Vaticanus
707 1693 838 1735 habet
878 1693 988 1735 liber
1028 1696 1204 1748 iuncus).
1274 1694 1318 1734 111
1363 1694 1491 1734 tertio
1531 1693 1680 1734 dubito

173 1764 426 1818 plerumque
471 1777 525 1804 an
566 1763 621 1805 sit
663 1762 955 1817 reponendum
995 1768 1116 1814 ferus
1150 1770 1209 1803 est
1246 1765 1386 1803 honor.
1447 1776 1545 1803 nam
1587 1775 1683 1815 pro-

175 1833 347 1874 ductam
380 1846 405 1873 a
434 1831 604 1873 Valerio
637 1831 732 1873 ideo
773 1831 943 1872 finalem
981 1831 1025 1872 in
1056 1845 1220 1879 saevus,
1260 1830 1375 1884 quod
1404 1834 1429 1871 Ιι
1461 1830 1551 1872 vice
1583 1844 1681 1871 con-

174 1914 304 1943 sonae
335 1900 452 1953 fungi
483 1914 610 1954 posse
642 1900 920 1949 existimaret,
952 1913 1074 1941 nemo
1106 1913 1234 1940 sanus
1265 1898 1449 1952 putabit.

289 1969 400 2011 Huic
442 1972 608 2019 autem,
654 1968 707 2010 de
748 1981 834 2021 qua
881 1969 1045 2022 agitur,
1092 1967 1312 2018 licentiae,
1360 1970 1407 2008 ut
1452 1967 1682 2021 plerisque,

175 2039 444 2093 aptissimum
474 2037 600 2090 longe
626 2040 810 2078 metrum
841 2036 1074 2078 heroicum.
1126 2050 1225 2077 nam
1257 2049 1279 2077 e
1309 2036 1464 2078 ceteris
1495 2036 1684 2077 numeris

176 2108 248 2161 qui
281 2110 401 2148 certa
431 2110 581 2148 carent
612 2119 793 2147 caesura
822 2119 873 2147 ne
905 2109 1085 2159 potuere
1128 2104 1300 2158 quidem
1343 2118 1436 2146 eam
1479 2104 1684 2158 recipere.

175 2201 229 2206 —
272 2179 317 2216 at
348 2188 370 2216 6
402 2174 648 2216 christianis
680 2174 821 2228 poetis
853 2174 933 2215 etsi
963 2173 1081 2215 haud
1111 2173 1240 2228 pauci
1272 2173 1452 2215 similem
1485 2172 1684 2214 classico-

174 2258 269 2286 rum
301 2247 344 2285 et
374 2243 456 2297 ipsi
492 2247 669 2285 tenuere
712 2243 984 2293 modestiam,
1027 2247 1171 2284 tamen
1214 2242 1303 2293 alii,
1345 2241 1501 2295 quibus
1541 2240 1685 2282 fraudi

174 2313 294 2354 fuere
333 2311 713 2366 grammaticorum
754 2311 963 2362 ludibria,
1006 2310 1247 2353 hexametri
1289 2310 1458 2352 arsibus
1497 2309 1685 2351 secunda

173 2381 389 2434 tertiaque
428 2384 471 2421 et
511 2383 668 2434 quarta
700 2379 765 2421 vel
805 2379 1038 2433 aliquando
1069 2379 1232 2432 quinta,
1273 2382 1502 2433 praeterea
1542 2377 1684 2431 priore

174 2453 300 2504 parte
330 2448 590 2503 pentametri
621 2461 699 2502 pro
742 2447 1037 2489 communibus
1069 2447 1307 2489 adhibuere
1347 2447 1517 2497 breves,
1559 2459 1585 2487 a
1618 2459 1684 2486 ce-

173 2518 278 2559 teris
311 2521 353 2559 et
382 2517 465 2571 ipsi
496 2519 693 2558 arcentes
721 2516 953 2570 plurimum
984 2515 1190 2557 versibus.

288 2585 366 2626 His
398 2584 609 2639 expeditis
641 2584 747 2625 nihil
775 2585 861 2626 iam
892 2588 986 2626 erat
1015 2584 1322 2638 impedimenti,
1354 2583 1455 2636 quin
1488 2581 1685 2635 exempla

177 2655 348 2696 diversa
393 2657 628 2695 metrorum
676 2666 1056 2707 persequeremur,
1101 2653 1182 2694 nisi
1227 2652 1347 2706 prius
1393 2650 1496 2692 mihi
1542 2654 1684 2691 essent

174 2721 488 2777 impugnanda,
532 2735 642 2775 quae
683 2721 734 2762 de
777 2721 989 2762 communi
1026 2720 1081 2762 ad
1113 2721 1295 2774 Augusti
1327 2733 1462 2772 usque
1495 2722 1682 2760 aetatem

174 2790 364 2833 finalium
407 2789 731 2842 quarundarum
770 2789 1013 2842 quantitate
1046 2792 1144 2830 sunt
1173 2789 1345 2842 prolata
1378 2801 1403 2828 a
1435 2787 1683 2828 Ritschelio.

176 2860 248 2913 qui
288 2873 383 2899 cum
426 2859 467 2899 in
500 2858 814 2912 prolegomenis
846 2857 1082 2898 Trinummi
1116 2857 1295 2898 dixisset
1335 2857 1421 2910 [pg.
1460 2859 1538 2897 174
1572 2855 1683 2909 3(1(1.]

175 2942 301 2981 posse
343 2928 451 2968 adeo
485 2927 659 2979 Vergilii
704 2941 783 2967 usu
827 2926 1071 2966 confirmari
1115 2926 1286 2983 immina
1317 2925 1360 2964 in
1394 2940 1439 2965 ο)-
1470 2925 1683 2968 exeuntia,
