1898 3292
1580 263 1639 297 XI

249 367 310 408 Ac
340 370 483 408 tamen
511 365 580 406 hic
610 366 772 419 probus
802 370 947 419 potest
977 365 1111 406 videri
1145 369 1187 406 et
1217 366 1446 415 honestus,
1477 367 1510 407 si
1542 381 1637 407 cum

130 448 213 488 isto
244 442 528 500 comparetur,
561 460 686 498 quem
720 449 872 499 postea
908 445 1073 499 experti
1103 460 1259 486 sumus.
1321 446 1393 498 qui
1425 460 1520 486 cum
1544 461 1638 488 cae-

130 526 218 567 lum
252 529 294 567 et
325 531 485 567 terram
517 525 736 575 movisset,
769 539 821 566 ne
854 525 1114 578 Petropolim
1148 539 1446 576 evocaremur,
1490 526 1563 567 ubi
1595 527 1638 567 id

132 605 294 647 frustra
324 605 425 655 fuit,
467 605 687 645 incautum
720 605 953 646 mendaciis
997 604 1325 658 calumniisque,
1368 608 1416 646 ut
1456 620 1638 659 quarum

130 685 255 738 longe
287 687 401 725 esset
435 684 615 738 peritior
645 697 773 737 quam
805 685 1012 725 sermonis
1044 684 1208 734 Latini,
1241 685 1521 726 circumvenit
1551 700 1638 726 om-

130 764 256 805 nibus
287 764 445 817 partim
474 764 587 817 ipse,
628 763 783 817 partim
816 777 891 817 per
932 763 1107 805 clientes
1146 768 1188 805 et
1228 763 1486 817 pedisequos
1528 780 1639 815 suos,

131 858 262 897 genus
309 858 360 885 ex
407 843 717 885 Germanorum
768 844 1085 896 Rossorumque
1126 844 1241 884 vitiis
1282 844 1484 895 mixtum,
1525 845 1639 898 quod

130 923 301 977 quidem
323 923 508 965 habetur
531 923 821 964 deterrimum.
877 924 990 964 inter
1013 937 1119 976 quos
1143 927 1183 964 et
1206 923 1441 977 discipulus
1464 924 1637 977 quidam

129 1003 211 1044 fuit
243 1006 400 1053 noster,
432 1003 519 1052 sed,
560 1007 607 1044 ut
640 1003 739 1044 olim
772 1003 1060 1044 Baehrensius
1092 1003 1294 1053 Batavus,
1340 1008 1518 1057 propter
1550 1005 1639 1045 ani-

128 1097 242 1125 mum
265 1082 535 1124 inhonestum
569 1082 792 1136 alteroque
823 1086 1106 1136 praeceptore
1139 1083 1377 1136 digniorem
1401 1083 1638 1125 abdicatus.

243 1162 391 1216 Neque
424 1176 501 1215 ego
533 1162 615 1203 hoc
646 1175 972 1213 memorassem,
1005 1162 1198 1203 homines
1230 1163 1356 1203 nauci
1391 1163 1560 1205 silentio
1594 1168 1636 1205 et

129 1245 377 1296 contemptu
416 1242 654 1296 praeterire
696 1242 786 1282 fere
832 1241 1001 1292 solitus,
1045 1242 1125 1283 nisi
1167 1242 1297 1283 etiam
1340 1242 1383 1284 id
1423 1243 1637 1285 obiectum

128 1326 241 1363 osset
271 1336 296 1363 a
327 1321 539 1363 nonnullis
571 1321 772 1371 Tolstoio,
816 1321 930 1374 quod
970 1335 1047 1362 nos
1089 1322 1312 1363 arcessivit
1352 1323 1395 1363 in
1430 1323 1637 1365 Rossiam.

128 1402 201 1455 qui
245 1415 504 1455 quamquam
547 1401 659 1442 inter
700 1402 814 1454 ipsos
848 1402 1005 1442 Rossos
1038 1401 1091 1442 ab
1122 1401 1423 1443 honestissimo
1467 1417 1638 1456 quoque

128 1485 227 1522 sunt
257 1481 468 1534 despecti,
514 1495 746 1534 numquam
787 1485 931 1522 tamen
970 1481 1013 1522 id
1053 1481 1145 1522 ausi
1191 1485 1333 1523 essent
1359 1483 1636 1535 exprobrare,

127 1561 209 1602 nisi
240 1560 406 1602 malitia
435 1561 569 1602 innixi
609 1562 751 1602 forent
792 1561 1075 1614 quorundam,
1118 1561 1190 1614 qui
1234 1561 1465 1615 plurimum
1510 1562 1636 1604 bene-

127 1640 234 1682 ficiis
267 1640 484 1682 debebant
519 1641 708 1682 Tolstoii.

242 1719 330 1761 Nos
361 1723 518 1771 tamen,
550 1723 599 1761 ut
631 1721 943 1771 consuevimus,
973 1720 1039 1762 his
1072 1724 1203 1774 atque
1225 1721 1385 1763 talibus
1408 1737 1491 1763 11011
1523 1737 1635 1763 com-

126 1800 253 1851 moti,
294 1799 499 1841 honorem
530 1799 750 1841 doctrinae
784 1800 1089 1851 Germanicae,
1126 1814 1253 1854 quam
1287 1802 1330 1842 in
1363 1802 1634 1855 antiquitatis

126 1879 279 1921 studiis
300 1879 473 1933 plurimi
495 1879 682 1921 faciebat
703 1880 928 1930 Tolstoius,
956 1881 1216 1922 auctoritate
1238 1884 1397 1932 nostra,
1430 1882 1465 1923 si
1488 1882 1634 1935 aliqua

125 1959 238 2000 inest
277 1959 320 1999 in
361 1959 485 2000 nobis
529 1960 785 2010 auotoritas,
827 1960 1086 2011 tutabimur,
1135 1960 1340 2014 quamdiu
1376 1960 1632 2015 professoris

126 2053 300 2080 munere
332 2039 558 2093 fungemur
590 2039 817 2093 Petropoli.
880 2054 1008 2093 quam
1042 2039 1214 2093 quidem
1250 2055 1362 2082 nunc
1394 2044 1635 2082 commeatu

125 2119 355 2172 impetrato
387 2118 681 2172 relinquimus,
722 2122 770 2160 ut
800 2119 972 2160 tandem
1006 2119 1238 2173 aliquando
1269 2120 1461 2171 Romam,
1503 2135 1632 2174 quam

125 2198 290 2252 pridem
322 2198 432 2240 votis
460 2198 758 2252 ominibusque
781 2198 1076 2252 captabamus,
1109 2204 1358 2253 praesentes
1380 2214 1635 2254 usurpemus

126 2277 273 2319 oculis.

242 2356 325 2398 Sed
352 2357 438 2398 iam
465 2361 514 2399 ut
541 2358 669 2399 finem
701 2358 856 2400 faciam
888 2358 1160 2412 praefationi,
1196 2359 1336 2401 Ovidii
1367 2363 1467 2402 utar
1492 2360 1634 2402 verbis

124 2436 292 2478 modice
322 2437 514 2478 inversis.

239 2516 376 2569 Igitur
408 2517 495 2558 sive
531 2516 679 2558 favore
719 2517 819 2558 tulit
860 2531 979 2559 suam
1022 2518 1133 2559 liber
1175 2522 1320 2560 noster
1358 2519 1518 2560 famam
1547 2520 1634 2560 sive

123 2594 228 2646 iure,
257 2595 338 2637 tibi
367 2599 523 2649 grates,
556 2596 736 2638 candide
767 2597 914 2648 lector,
947 2611 1039 2651 ago.

240 2675 354 2724 Quas
399 2679 448 2716 ut
493 2675 710 2727 referrem,
751 2676 856 2717 nihil
898 2677 1099 2718 omissum
1145 2691 1170 2718 a
1208 2691 1297 2728 me,
1342 2692 1425 2731 quo
1464 2679 1633 2719 auctius

124 2753 361 2807 meliusque
391 2757 656 2796 tractaretur
687 2759 984 2809 argumentum
1016 2757 1058 2797 in
1091 2757 1277 2798 editione
1307 2770 1417 2797 nova
1449 2760 1491 2798 et
1522 2772 1632 2810 quae

123 2833 277 2874 merito
325 2837 467 2875 essent
510 2834 774 2888 exprobrata
812 2836 948 2889 priori
988 2836 1054 2877 vel
1094 2836 1349 2884 tollerentur
1390 2836 1456 2878 vel
1493 2840 1632 2887 muta-

123 2915 283 2957 rentur.
