1898 3292
219 140 299 179 292
808 147 928 172 mmm
947 145 1137 178 QVARTVS.

218 251 272 304 [v.
306 250 430 303 291],
475 253 518 291 et
549 253 854 301 piarat-tristam
891 249 1005 303 apud
1036 248 1296 289 Martianum
1339 249 1453 303 [341,
1489 252 1538 290 19
1574 249 1724 304 Eyss.],

217 319 291 360 ubi
324 319 434 360 male
465 317 566 359 libri
601 321 886 369 plaustr-ducis
917 317 984 359 vel
1016 318 1334 371 plaustr-ducas)
1375 317 1576 358 eximitur
1607 318 1725 371 prior

219 391 249 436 ἱ,
284 391 328 428 at
361 387 576 440 posterior
607 385 843 439 liquefacta
875 386 1118 439 corripitur.
1181 400 1279 426 nam
1306 399 1358 426 ne
1388 385 1591 426 credatur
1620 390 1725 427 tem·

218 469 321 508 pore
354 455 420 496 vel
451 455 751 508 antiquissimo
783 455 918 495 coisse
950 455 992 494 in
1024 454 1117 495 istis
1150 457 1207 495 im
1237 468 1314 507 per
1342 454 1569 508 synizesin,
1602 454 1726 494 Ennii

216 537 343 564 versu
372 523 628 577 prohibetur
658 523 730 564 illo
772 521 1004 564 ‘Hectorem
1036 536 1164 563 carru
1194 525 1441 573 quadr-iimo
1472 519 1726 572 raptarier’‚

217 592 260 633 in
292 606 376 645 quo
407 606 491 633 non
523 591 657 633 stabit
687 594 883 642 metrum,
916 591 996 632 nisi
1029 594 1275 642 quadriiuyo
1306 589 1490 643 explerit
1520 604 1726 643 paeonem

218 664 433 714 quartum.
495 660 556 701 ita
597 660 710 701 idem
743 659 998 700 vocabulum
1040 659 1240 700 Sidonius
1277 658 1351 713 [ad
1384 659 1580 700 Consent.
1613 659 1726 713 371}

217 733 395 781 biiagyum
428 728 639 770 Ausonius
679 729 820 783 [epist.
858 732 920 778 11,
959 728 998 781 1]
1041 732 1083 769 et
1114 727 1233 768 Beda
1276 728 1334 781 [p.
1367 728 1496 782 2373]
1542 727 1727 768 diductis

218 802 317 839 sunt
359 797 540 838 dimensi
579 796 767 851 syllabis.
829 796 1012 849 denique
1056 795 1226 837 abiecta
1263 799 1276 835 ι’
1312 795 1446 837 habes
1479 795 1595 849 apud
1627 796 1726 837 Per-

217 867 325 907 sium
358 866 414 921 [1,
450 865 548 920 114]
579 868 706 906 meite.

332 934 428 975 Non
465 933 635 975 videtur
666 933 859 987 ineptum
891 932 972 974 hoc
1003 933 1097 974 loco
1126 932 1178 974 de
1220 936 1233 973 ι’
1274 946 1464 974 consona
1504 933 1548 973 in
1588 933 1727 974 medio

217 1003 348 1045 verbo
369 1003 483 1044 inter
504 1002 673 1043 vocales
704 1002 897 1055 reposita
928 1001 1083 1043 dicere.
1136 1015 1222 1055 qua
1253 1001 1334 1042 etsi
1361 1005 1477 1042 recte
1508 1001 1728 1043 contendit

219 1071 478 1114 Aufrechtus
511 1070 737 1126 [Zeitschr.
766 1069 834 1111 fiir
858 1070 986 1123 vergl.
1011 1070 1405 1124 sprachforsohung
1430 1071 1459 1121 I,
1484 1071 1728 1125 224—234]

217 1154 301 1182 non
330 1140 522 1194 produci,
555 1139 679 1193 vulgo
711 1142 758 1180 ut
789 1139 991 1190 creditur,
1025 1138 1234 1193 syllabam
1256 1138 1429 1181 brevem
1461 1164 1515 1169 —
1543 1153 1729 1192 namque

218 1209 300 1250 hoc
343 1209 378 1250 si
416 1211 650 1259 statuetur,
695 1207 767 1261 qui
809 1207 952 1261 potuit
983 1208 1177 1259 evenire,
1217 1207 1338 1249 initio
1369 1207 1489 1249 verbi
1520 1207 1730 1249 collocata

218 1277 293 1318 illa
324 1291 375 1318 ne
419 1276 550 1318 semel
588 1276 760 1330 quidem
803 1280 850 1317 ut
888 1276 1187 1329 praecedentis
1219 1275 1338 1317 verbi
1379 1276 1546 1330 syllaba
1589 1276 1730 1318 finalis

218 1346 443 1400 positionis
477 1346 570 1387 iure
602 1346 731 1398 longa
767 1344 1040 1386 efficeretur?
1073 1370 1145 1395 —,
1189 1348 1334 1386 tamen
1374 1344 1445 1386 hic
1475 1358 1560 1386 non
1591 1346 1729 1398 magis

220 1428 348 1468 quam
384 1414 516 1456 ceteri
549 1413 878 1464 demonstravit,
920 1427 995 1454 cur
1037 1413 1079 1454 in
1111 1416 1312 1455 reiciendi
1344 1413 1572 1465 vocabulo,
1615 1414 1729 1467 quod

219 1484 310 1538 ipse
349 1483 514 1537 pariter
546 1496 597 1524 ac
628 1482 780 1524 relicui
811 1481 967 1523 oblivio
1000 1482 1285 1536 praeteriere,
1316 1481 1583 1536 producatur
1612 1482 1729 1524 haud

220 1552 349 1594 dubie
390 1555 548 1593 natura
589 1551 731 1592 brevis
768 1551 919 1605 prima.
988 1550 1059 1592 sed
1102 1550 1166 1592 ita
1203 1564 1272 1592 res
1313 1550 1457 1592 habet.
1525 1564 1677 1605 nempe
1716 1555 1730 1591 i

220 1634 408 1662 consona
438 1619 700 1673 ubicumque
722 1619 874 1661 mediis
898 1618 1038 1660 verbis
1071 1618 1259 1660 admissa
1290 1622 1570 1673 praeeuntem
1597 1619 1731 1661 habet

219 1689 428 1739 vocalem,
461 1702 555 1730 cum
589 1702 656 1740 ea,
689 1688 770 1729 nisi
803 1691 845 1730 et
875 1688 970 1742 ipsa
1002 1688 1058 1729 sit
1089 1691 1120 1736 ἱ,
1163 1687 1368 1729 coalescit
1399 1687 1442 1728 in
1475 1702 1624 1740 unum,
1668 1688 1729 1730 ita

219 1762 267 1800 ut
308 1761 427 1807 eieci,
463 1761 626 1808 proieci
671 1761 707 1798 ei
746 1756 812 1798 vel
854 1760 892 1798 οἱ
933 1756 1223 1810 diphthongos
1270 1756 1480 1807 habeant,
1529 1770 1639 1810 quae
1682 1760 1731 1798 ut

218 1826 430 1868 firmiores
468 1826 594 1879 longe
638 1839 767 1879 quam
810 1839 859 1867 ae
903 1825 968 1866 vel
1009 1839 1054 1866 oe
1090 1829 1270 1879 potuere
1311 1825 1377 1866 vel
1418 1828 1523 1866 ante
1559 1825 1729 1867 vocales

219 1895 439 1950 propriam
484 1895 671 1936 retinere
718 1895 1019 1947 quantitatem.
1091 1897 1301 1945 ceterum,
1349 1893 1385 1934 si
1430 1893 1559 1947 longa
1599 1894 1730 1936 fuerit

220 1964 381 2006 vocalis
422 1964 561 2019 prior,
605 1976 657 2004 ne
686 1963 886 2005 videatur
927 1966 1047 2004 ortus
1089 1976 1217 2004 sonus
1258 1976 1342 2003 non
1374 1961 1547 2003 differre
1579 1962 1634 2003 ab
1666 1977 1728 2015 eo,

219 2047 344 2087 quem
385 2032 595 2073 habemus
635 2032 679 2072 in
723 2034 890 2080 deinde,
925 2034 1125 2082 proinde,
1170 2030 1434 2072 Graecorum
1470 2031 1730 2073 auctoritate

218 2101 518 2155 prohibemur,
553 2101 626 2154 qui
655 2114 824 2154 semper
857 2099 1092 2156 Πομπήιον
1124 2103 1166 2141 et
1198 2102 1375 2156 Βηίους,
1410 2113 1494 2141 non
1525 2114 1728 2153 umquam

221 2173 452 2226 Πομπεῖον
497 2173 540 2211 et
587 2171 745 2220 Βείους
790 2169 995 2210 scribunt.
1057 2182 1191 2222 quare
1232 2169 1376 2223 potius
1422 2167 1633 2221 adducor,
1680 2172 1729 2210 ut

220 2238 393 2282 credam
436 2238 628 2280 sonuisse
674 2237 989 2292 diphthongum
1029 2237 1142 2278 idem
1185 2237 1301 2291 apud
1333 2238 1568 2288 Romanos,
1616 2237 1731 2291 quod

219 2307 521 2360 antiquissima
561 2310 704 2348 aetate
747 2305 1012 2347 Graecorum
1045 2323 1072 2361 η
1113 2305 1180 2347 vel
1222 2323 1255 2348 ω
1301 2320 1397 2347 cum
1429 2324 1442 2348 ι
1472 2305 1728 2359 subscripto.

220 2374 480 2417 conferenda
522 2375 670 2426 etiam,
721 2387 831 2428 quae
878 2373 930 2415 de
977 2373 1200 2429 disyllabis
1246 2374 1330 2415 illis
1372 2377 1555 2425 Pompei,
1609 2375 1732 2415 Vollee‘

218 2443 333 2485 infra
363 2443 491 2484 diota.
552 2443 724 2484 illarum
755 2446 920 2494 autem,
954 2456 1062 2496 quas
1105 2443 1283 2496 exposui
1325 2442 1472 2493 modo,
1514 2442 1729 2484 rationum

219 2512 454 2554 similitudo
476 2512 611 2553 traxit
633 2515 676 2553 et
698 2511 867 2553 Graeca
888 2511 1114 2564 quaedam,
1147 2511 1294 2564 qualia
1324 2514 1423 2553 sunt
1452 2514 1572 2559 Aiax,
1602 2513 1729 2560 Maia,

225 2582 359 2629 Troia,
393 2593 505 2633 quae
537 2580 827 2621 vetustissimo
859 2583 1053 2634 tempore
1084 2593 1109 2621 a
1129 2579 1295 2621 Latinis
1323 2583 1500 2633 recepta
1530 2579 1729 2633 proprias

218 2652 446 2690 servarunt
492 2646 805 2702 diphthongos,
853 2648 1009 2701 quibus
1051 2648 1177 2690 simul
1229 2647 1435 2702 exemplis
1482 2647 1729 2689 declaratur

219 2717 485 2759 verissimam
519 2730 624 2769 esse,
660 2729 770 2770 quae
797 2730 910 2757 nuno
932 2717 1109 2770 optinet,
1141 2734 1182 2759 αι
1216 2720 1260 2758 et
1292 2734 1332 2760 οι
1364 2716 1729 2770 diphthongorum

220 2786 482 2827 Graecarum
525 2784 931 2839 pronuntiationem.
994 2788 1145 2827 contra
1186 2785 1358 2826 minime
1400 2785 1572 2835 mirum,
1614 2783 1729 2837 quod

218 2854 345 2895 aliter
377 2853 618 2896 formarunt
649 2853 763 2895 idem
794 2856 1000 2901 Boeotum,
1034 2857 1255 2903 Maeotida,
1288 2853 1458 2904 similia,
1490 2853 1728 2907 posteriore
