1898 3292
799 193 1073 219 OPVSCVLVOEII.
1610 186 1686 224 551

186 295 368 349 denique
399 296 559 337 nullast
589 310 719 338 causa
752 310 826 336 cur
857 295 1146 350 anapaestica,
1192 310 1301 349 quae
1335 296 1561 337 Diomedes
1592 310 1691 350 pro-

185 364 270 405 fert
301 363 377 420 [gr.
407 364 480 405 lat.
511 366 542 414 I,
579 365 702 419 512J:

276 445 390 489 agite,
417 456 437 478 o
464 444 585 489 pelagi
611 455 789 483 cursores,

279 501 450 546 cupidam
477 500 517 543 (f.
546 501 734 545 cupidum)
761 501 797 534 in
825 500 980 544 patriam
1005 503 1161 544 pormte,

184 569 285 611 huic
315 569 456 623 potius
489 584 615 623 quam
645 572 797 623 poetae
828 569 993 622 tragico
1028 568 1280 610 tribuamus.

300 638 356 679 At
395 652 417 679 e
459 637 689 679 comoediis
730 640 878 691 aperte
919 651 1072 678 venere
1107 636 1214 678 haec
1255 636 1433 693 [Charis.
1465 651 1525 690 gr.
1557 637 1629 678 lat.
1659 639 1692 690 I,

187 710 288 759 2143
320 706 465 760 Pomp.
484 707 531 757 V,
565 710 659 757 307,
691 705 764 747 ubi
798 705 848 746 cf.
880 708 1022 746 notam
1046 705 1193 755 Keilii;
1227 705 1400 756 Quintil.
1434 706 1501 755 VI,
1533 710 1569 756 3,
1601 707 1691 761 90]:

275 786 394 820 villast
418 786 549 830 patrui,
575 786 634 820 hic
661 796 749 829 ager
775 788 840 828 est,
866 785 928 819 ubi
954 788 1043 828 stas3
1070 797 1164 829 pone
1191 797 1336 819 versum
1361 785 1444 819 illac
1469 789 1623 828 marest;

276 844 399 877 vinum
426 854 630 887 precemur.
666 854 748 876 nam
775 842 834 876 hic
857 841 946 876 deus
973 853 1145 886 praesens
1170 843 1292 885 adest,

312 928 318 934 .
347 928 353 934 .
379 899 489 944 quid?
514 902 553 933 tu
578 911 635 933 me
661 899 995 943 hippocentaurum
1020 900 1152 942 putas?

300 974 458 1016 Titinio
503 987 602 1014 vero
655 973 919 1022 addendum,
972 973 1085 1026 quod
1133 973 1370 1028 Porphyrio
1422 974 1586 1014 notavit
1637 973 1692 1014 ad

186 1043 355 1086 Horatii
385 1042 490 1084 illud
521 1042 579 1097 [C.
612 1041 663 1092 11,
694 1045 730 1092 6,
764 1042 853 1095 10];
888 1045 1003 1082 dulce
1032 1045 1187 1092 pelle'lc's
1219 1045 1355 1083 ovibus
1391 1044 1554 1083 Galaesi
1565 1058 1576 1083 .·

367 1122 650 1156 Tarentinorum
674 1121 866 1155 hor‘corum
893 1120 1024 1154 odores
1051 1122 1112 1164 qui
1138 1121 1245 1164 geris.

184 1212 313 1252 porro
347 1196 513 1238 Afranii
544 1195 696 1246 verba,
740 1209 764 1236 a
797 1195 998 1248 Pompeio
1033 1195 1314 1248 grammatico
1347 1196 1414 1250 [V‚
1447 1195 1544 1252 311]
1579 1195 1693 1237 aliis-

185 1280 267 1320 que
300 1268 483 1314 servata,
515 1264 577 1305 ita
609 1267 708 1305 sunt
739 1263 1022 1317 dispescenda
1053 1267 1211 1305 metro:

550 1344 717 1387 numquis
743 1355 800 1377 me
825 1342 1001 1387 quaesiit?
1027 1363 1069 1367 —

367 1403 465 1436 bona
490 1402 646 1435 foi-buna.

299 1477 492 1530 Denique
523 1476 746 1526 incertum,
779 1490 829 1515 ex
861 1474 1091 1516 comoediis
1129 1488 1182 1515 an
1215 1488 1266 1515 ex
1298 1474 1532 1526 tragoediis
1554 1474 1691 1527 petita

186 1547 270 1588 sint
310 1560 382 1595 ea,
423 1558 534 1598 quae
573 1543 775 1597 leguntur
815 1542 931 1596 apud
972 1543 1213 1584 Charisium
1255 1543 1303 1597 [L
1340 1546 1440 1594 1953
1480 1542 1586 1584 Keil.
1619 1541 1692 1582 ad-

185 1614 308 1656 dend.
341 1614 463 1667 609]:

369 1721 374 1727 .
403 1720 409 1726 .
436 1704 509 1726 non
539 1695 578 1725 tu
604 1692 684 1734 scis,
711 1693 830 1735 siquas
857 1691 965 1725 aedes
991 1692 1084 1735 ignis
1111 1692 1211 1736 cepit
1236 1691 1379 1734 acriter,

367 1749 464 1784 haud
491 1748 616 1782 faciles
641 1751 724 1782 sunt
753 1747 904 1782 defensu
930 1748 1039 1792 quine
1066 1749 1319 1782 conburantur
1343 1748 1544 1792 proximae.

369 1833 511 1841 .....
543 1808 652 1849 aegre
678 1805 807 1840 faciam
833 1805 927 1838 filiis.

299 1887 383 1930 Sed
415 1890 462 1928 ut
493 1886 665 1927 redeam
703 1886 744 1926 in
780 1885 911 1935 viam,
957 1885 1295 1938 dignissimumst
1326 1885 1531 1926 memoria
1572 1884 1689 1933 illud,

184 1955 341 1997 italicis
373 1955 682 2009 dactylicorum
722 1953 916 1995 versibus
955 1968 1220 1995 communem
1253 1953 1346 1994 fieri
1377 1953 1565 1994 vocalem
1597 1953 1694 1994 bre-

184 2038 279 2065 vem
326 2026 530 2077 sequente
576 2026 696 2064 muta
742 2035 837 2063 cum
883 2021 1069 2075 liquida3
1122 2027 1168 2063 ut
1213 2026 1277 2063 est
1324 2021 1439 2075 apud
1485 2021 1694 2062 Lucilium

185 2092 397 2148 μανψ,
430 2091 520 2148 27]:

413 2175 450 2205 at
476 2171 558 2206 cui?
585 2182 692 2214 quem
717 2169 830 2213 febris·
857 2182 927 2203 una
951 2172 1058 2213 atque
1086 2181 1156 2203 una
1182 2165 1338 2212 ἀπεψία.

186 2267 264 2294 nec
296 2252 433 2302 aliter,
465 2255 581 2305 puto,
616 2251 751 2291 Varro
784 2249 1006 2304 [andabat.
1040 2250 1100 2304 S]:

368 2331 525 2375 ideoque
550 2330 705 2364 alterum
730 2329 956 2373 appellamus
982 2342 1003 2363 a
1027 2329 1179 2364 calendo
1206 2329 1402 2371 caldorem,

369 2388 524 2422 alterum
549 2399 570 2420 a
597 2387 739 2421 fervore
764 2386 903 2429 febrim.

185 2468 299 2509 idem
331 2467 434 2509 alibi
468 2467 565 2522 [leg.
601 2466 770 2507 Maenia
802 2466 867 2520 2]:

1008 2545 1102 2588 siqui
1122 2545 1289 2588 patriam

369 2604 545 2637 maiorem
570 2606 759 2647 parentem
787 2602 978 2646 extinguit,
1004 2602 1039 2635 in
1068 2605 1149 2636 eost
1174 2601 1292 2645 culpa,
1319 2602 1417 2645 quod
1444 2602 1540 2635 facit.

188 2688 231 2725 et
262 2697 390 2738 porro
434 2682 559 2736 [Non.
592 2685 685 2732 226,
721 2682 813 2736 14]:

370 2773 466 2807 dotis
493 2773 579 2807 dato
604 2772 758 2805 insulam
784 2771 970 2816 Chrysam,
997 2783 1125 2815 aarum
1153 2771 1373 2812 Caecubum,
1401 2770 1554 2814 seplasia

371 2830 529 2874 Capuae,
555 2829 747 2863 macellum
776 2827 934 2862 Romuli.
