1898 3292
235 258 316 294 488
818 262 937 287 LIBER
956 261 1154 286 SEPTIMVS.

241 370 265 407 A
276 382 364 407 ran.
389 366 472 421 881.
525 366 655 406 dubia
679 369 818 405 autem
843 364 917 404 illa
940 364 1029 418 [vit.
1056 364 1157 404 Eun.
1185 364 1283 417 1913]
1317 367 1531 406 .›1teclze'.s·ett,
1555 370 1741 402 {tt-alerm-

240 436 350 491 [ann.
385 439 454 486 1s3
487 434 600 490 4615}

352 505 441 545 Iani
473 503 528 544 ad
562 503 735 543 Accium
770 502 1064 555 Luciliumque
1104 505 1153 542 ut
1192 500 1463 554 progrediar,
1505 514 1530 540 a
1569 499 1743 539 mutatis

238 573 391 614 horum
423 571 664 612 rationibus
695 585 779 612 non
809 571 891 611 fuit
922 571 1106 611 alienum
1137 569 1244 610 illud
1273 595 1329 598 —
1362 583 1462 609 nam
1492 581 1744 620 magnarum

239 656 381 682 rerum
405 644 622 681 momenta
650 640 795 693 parvis
824 653 952 692 saepe
986 639 1117 692 signis
1149 638 1425 679 declarantur
1456 661 1522 687 -—‚
1557 635 1670 689 quod
1704 639 1746 676 ot

239 724 400 751 scenam
439 709 611 762 scripsit
643 708 796 749 Accius
833 721 911 761 pro
952 721 1105 748 scaemt
1143 707 1301 762 [Varro
1333 706 1384 747 de
1414 706 1440 746 l.
1472 705 1517 746 L.
1551 705 1640 755 VII,
1673 705 1746 758 96]

240 783 283 819 et
314 779 476 819 amicus
506 777 597 818 eius
628 776 760 817 Iulius
783 777 942 816 Caesar
964 775 1121 817 Strabo
1142 775 1305 829 primus
1328 775 1380 815 de
1416 777 1448 815 T
1447 788 1603 815 eomes-(z
1635 787 1746 814 com-

240 848 384 901 posuit
414 845 701 899 tragoediam,
740 859 850 898 quae
883 848 981 886 ante
1014 844 1230 885 diceretur
1266 847 1299 884 T
1298 857 1496 891 ecmnesa,
1528 845 1658 895 atque
1687 842 1748 882 ita

240 917 282 956 in
315 929 472 956 scaena
502 914 627 955 iussit
657 913 927 967 pronuntiari
963 913 1088 968 [Mar.
1113 913 1316 953 Victorin.
1338 926 1406 965 pg.
1431 911 1572 965 2456}
1634 910 1749 964 apud

244 984 451 1025 Lucilium
484 986 629 1023 tamen
662 981 873 1035 quaedam
905 982 1082 1031 incerta,
1114 995 1209 1021 cum
1240 976 1455 1021 interdum
1488 979 1657 1020 Graeca
1687 979 1749 1019 in-

242 1057 377 1106 tegra,
400 1051 475 1093 sed
499 1051 646 1092 eadem
670 1051 835 1091 Latinis
857 1050 1013 1091 litteris
1037 1050 1278 1104 perscripta
1299 1049 1531 1090 inseruisse
1553 1047 1751 1088 videatur

243 1122 421 1171 Saturis,
455 1120 565 1161 sicut
596 1123 638 1160 et
667 1119 891 1160 Lucretius
923 1119 947 1159 l.
980 1118 1036 1159 IV
1069 1118 1403 1173 [1152—1161}

357 1190 554 1231 Ceterum
585 1202 669 1228 non
700 1187 869 1228 videtur
898 1200 1023 1240 posse
1047 1186 1250 1237 dubitari,
1285 1186 1386 1239 quin
1409 1200 1434 1226 a
1457 1185 1750 1227 Gracchorum

245 1262 387 1300 aetate
425 1257 645 1298 adhibitae
678 1257 762 1297 sint
797 1256 1039 1309 promiscue
1078 1255 1121 1295 in
1162 1255 1302 1308 prima
1343 1269 1376 1303 c,
1410 1269 1464 1303 es,
1498 1267 1560 1301 en,
1592 1268 1651 1302 as,
1685 1268 1752 1297 an,

244 1329 285 1367 in
319 1326 507 1368 secunda
538 1341 594 1374 os,
629 1341 691 1374 οη,
734 1326 777 1366 in
807 1324 938 1366 tertia
969 1338 1026 1372 os)
1061 1338 1098 1373 a,
1131 1328 1171 1364 ἱιι
1204 1323 1287 1377 (vel
1317 1324 1400 1376 yn),
1435 1324 1489 1371 ἔς,
1522 1328 1579 1363 17⁸.
1643 1336 1753 1375 quae

245 1395 398 1437 deinde
434 1409 512 1448 per
545 1408 668 1435 omne
696 1398 867 1447 tempus
899 1392 1121 1433 duravere.

361 1464 445 1505 Sed
480 1463 694 1516 Vergilius
734 1466 776 1502 et
816 1461 1055 1502 studiorum
1097 1464 1318 1502 consortes
1356 1452 1567 1513 quaedam
1599 1473 1650 1500 cx
1682 1459 1754 1509 eis,

247 1548 357 1587 quae
410 1532 618 1581 Lucilius,
665 1531 824 1580 Varro,
882 1530 1169 1583 Euphorionis
1220 1533 1419 1570 cantores
1469 1528 1754 1577 admisissent,

246 1617 395 1643 rursus
443 1601 661 1649 abiecere,
707 1599 838 1640 veluti
886 1614 933 1640 us
981 1598 1272 1639 accusativum
1320 1597 1533 1639 secundae
1579 1600 1621 1637 ct
1663 1610 1755 1637 cor-

248 1675 417 1725 reptum
448 1670 490 1710 in
523 1669 667 1710 dativo
700 1668 855 1709 tertiae
887 1671 913 1716 l,
957 1671 1102 1708 cetera
1142 1667 1318 1720 proprio
1351 1666 1546 1719 exemplo
1575 1678 1756 1706 sanxere

247 1741 326 1789 ita,
366 1743 414 1779 ut
455 1739 728 1791 insequentes
770 1736 1096 1789 acquiescerent
1135 1735 1268 1776 ferme
1312 1736 1372 1776 eis
1414 1749 1491 1775 nec
1533 1737 1608 1774 aut
1639 1733 1756 1774 dam-

248 1811 401 1849 narent
432 1807 511 1847 nisi
542 1820 683 1860 pauca
715 1809 791 1846 aut
821 1808 1040 1845 novarent.
1103 1806 1292 1844 ceterum
1325 1803 1554 1844 Horatium
1586 1802 1627 1842 in
1657 1801 1756 1855 lyri-

250 1878 309 1918 cis
338 1876 464 1929 plura
494 1875 723 1916 admittere
756 1874 924 1915 Graeca
955 1886 1083 1926 quam
1123 1873 1165 1913 in
1199 1872 1395 1913 iambicis
1434 1886 1485 1913 ac
1515 1870 1683 1912 Saturis
1716 1873 1759 1910 et

250 1945 456 2000 Epistulis
489 1944 587 1985 olim
621 1943 928 1984 adnotatumst.

365 2014 596 2054 Praeterea
629 2012 923 2065 dignissimum
963 2010 1169 2051 memoria
1209 2009 1332 2060 illud,
1375 2009 1592 2050 nominum
1626 2008 1758 2049 Grac-

251 2097 418 2133 corum,
461 2082 495 2123 si
535 2081 713 2135 propria
754 2080 841 2121 sive
869 2079 1068 2120 technica
1100 2079 1307 2129 omiseris,
1352 2078 1522 2119 omnino
1554 2077 1759 2118 maiorem

251 2165 379 2204 quam
427 2150 542 2203 apud
587 2149 770 2203 optimos
812 2152 1011 2189 auctores
1056 2148 1223 2201 copiam
1263 2147 1444 2188 inveniri
1491 2145 1605 2200 apud
1651 2145 1760 2185 anti-

250 2220 491 2273 quissimos,
526 2218 565 2259 h.
596 2231 630 2259 e.
663 2218 718 2258 ad
749 2217 875 2257 finem
908 2230 1017 2257 saec.
1041 2230 1077 2257 a.
1100 2231 1139 2257 u.
1163 2230 1195 2256 c.
1230 2216 1307 2256 VII
1340 2216 1412 2268 qui
1443 2215 1601 2255 vixere.
1663 2227 1760 2254 nam

249 2288 293 2328 hi
325 2278 390 2329 vel
423 2287 659 2328 communis
691 2286 916 2335 sermonis,
960 2285 1099 2338 qualis
1140 2288 1231 2326 tum
1273 2288 1384 2334 erat,
1425 2283 1664 2324 imitatione
1695 2282 1760 2323 vel

251 2357 459 2397 iactantia
490 2356 596 2397 artis
628 2369 761 2396 novae
793 2355 979 2408 plurima
1018 2353 1273 2404 adhibuere,
1320 2366 1430 2405 quae
1469 2354 1620 2405 postea
1664 2354 1762 2391 sunt

252 2425 415 2465 relicta.
468 2424 631 2465 scilicet
654 2424 847 2473 Romani,
881 2422 1154 2475 quantumvis
1184 2421 1380 2475 impediti
1401 2420 1532 2474 patrii
1555 2419 1761 2463 sermonis

253 2497 458 2546 egestate,
490 2497 634 2533 tamen
670 2493 753 2533 cito
787 2491 1068 2532 corroborato
1099 2490 1257 2531 iudicio
1290 2493 1332 2530 et
1362 2492 1565 2542 reparato
1597 2487 1761 2540 pudore

252 2562 482 2602 insolentia
528 2561 653 2601 nimis
702 2574 869 2600 exuere.
941 2574 992 2600 ex
1033 2559 1189 2600 aetatis
1239 2571 1396 2599 aureae
1446 2559 1762 2610 argenteaeque

254 2629 538 2683 scriptoribus
587 2629 660 2681 qui
710 2629 905 2681 proxime
956 2628 1213 2669 accederent
1270 2626 1324 2667 ad
1375 2625 1761 2667 vetustissimorum

255 2698 518 2752 exemplum,
560 2697 676 2737 haud
720 2696 945 2737 obscuram
990 2696 1044 2737 ob
1088 2709 1262 2737 causam
1304 2695 1424 2736 fuere
1465 2693 1628 2735 satirici
1667 2707 1761 2733 cuni

256 2766 467 2807 Martiale.
521 2766 617 2806 dein
651 2765 873 2806 christiani
906 2779 1053 2806 rursus
1086 2778 1234 2805 sanam
1267 2763 1398 2811 illam,
1431 2762 1483 2803 de
1515 2776 1600 2814 qua
1631 2774 1763 2814 supra

255 2836 500 2885 memoravi,
524 2833 829 2875 continentiam
852 2833 1083 2886 aliquando
1107 2833 1346 2882 deseruere,
1374 2830 1533 2884 partim
1555 2829 1762 2870 materiae

255 2903 419 2944 inducti
450 2907 618 2953 natura,
649 2902 808 2955 partim
841 2901 1012 2941 defectu
1045 2900 1295 2953 elegantiae.

370 2972 507 3025 Igitur
537 2974 584 3012 ut
617 2970 785 3023 singula
817 2983 1067 3024 persequar,
1101 2982 1210 3022 quae
1244 2968 1357 3022 apud
1381 2968 1570 3009 Graecos
1602 2966 1763 3007 habent
