1898 3292
740 230 857 254 LIBER
879 230 1033 254 PRsMVs.
1590 223 1640 261 73

136 346 233 372 mox
267 332 548 373 subiectumst
582 332 792 373 distichon
826 331 912 373 tale
944 331 1066 386 [Non.
1102 336 1197 383 460,
1232 333 1326 386 22]:

442 406 586 450 hospes,
613 407 700 450 quid
724 407 833 440 miras
862 407 971 440 nimio
1000 418 1126 440 curare
1153 407 1332 451 Serapim,

442 464 622 498 tantidem
652 464 752 509 quasi
781 475 853 498 non
880 467 985 498 curet
1009 463 1242 498 Aristoteles.

134 528 196 568 ita
229 527 339 568 enim
372 526 461 568 fere
493 526 692 568 videntur
722 526 831 568 haec
862 526 1140 568 restituenda.

251 596 306 637 Et
344 595 485 649 potuit
527 609 575 636 eo
618 595 788 636 facilius
828 595 973 636 induci
1006 595 1142 637 Varro
1183 595 1236 636 ad
1277 596 1563 650 permutanda
1602 601 1645 637 et

135 663 462 718 multiplicanda
493 677 693 705 versuum
722 677 892 716 genera,
926 678 1010 717 quo
1041 665 1176 718 magis
1200 668 1366 706 ceteros
1388 664 1643 719 Menippeae

135 736 309 774 saturae
343 736 542 773 auctores
575 732 886 785 digressionum
919 737 1096 786 superat
1127 733 1380 786 frequentia.

250 801 333 842 Sed
365 801 490 854 longe
522 800 823 842 diffillimumst
842 800 955 842 haud
981 815 1079 842 raro
1104 801 1326 855 dispicere,
1349 805 1492 843 utrum
1516 817 1643 856 prosa

135 885 188 912 an
219 869 412 911 versibus
443 869 742 912 contineantur
772 870 904 911 verba
933 870 1059 921 illius,
1091 870 1157 912 vel
1189 874 1365 924 propter
1392 884 1524 924 genus
1548 885 1641 911 ora—

133 939 278 988 tionis,
321 938 436 991 quod
479 942 543 979 cst
585 941 767 979 secutus.
839 939 995 980 etenim
1037 939 1150 992 quod
1189 954 1363 980 suarum
1401 943 1449 980 ‘et
1488 939 1641 979 Lucilii

135 1012 379 1049 saturarum
411 1007 634 1060 proprium
668 1021 760 1048 csse
783 1010 972 1048 testatur
994 1007 1213 1057 Horatius,
1248 1009 1282 1048 si
1304 1012 1501 1062 tempora
1525 1012 1643 1048 certa

134 1076 368 1129 modosque
401 1075 558 1129 eripias
594 1075 860 1129 perturbatis
893 1076 1052 1127 verbis,
1085 1090 1168 1118 non
1200 1077 1286 1117 iam
1317 1077 1498 1118 inveniri
1530 1076 1645 1118 velut

136 1145 330 1187 membra
377 1144 578 1186 carminis
630 1143 815 1195 disiecti,
866 1145 911 1186 id
957 1145 1084 1186 etiam
1133 1145 1270 1198 magis
1317 1145 1543 1186 dicendum
1592 1145 1643 1186 de

135 1215 340 1264 Varrone,
373 1213 532 1266 quippe
565 1227 689 1266 quem
722 1213 777 1254 sit
809 1217 972 1254 certum
1001 1213 1122 1255 libris
1146 1214 1232 1255 suis
1255 1213 1473 1255 addidisse
1496 1214 1643 1255 multa.

135 1297 245 1337 quae
279 1297 374 1323 cum
410 1281 551 1323 aliena
583 1285 725 1322 essent
756 1295 780 1322 a
808 1282 977 1336 poetica
1000 1282 1054 1323 ad
1078 1282 1321 1323 fabularum
1346 1282 1646 1323 historiarum-

134 1366 216 1405 que
260 1355 302 1392 et
345 1350 651 1403 antiquitatum
694 1364 772 1391 nec
813 1365 896 1391 non
935 1350 989 1391 ad
1029 1351 1345 1405 philosophiae,
1386 1350 1641 1391 rhetoricae.

136 1420 443 1473 grammaticae
467 1419 735 1472 aliarumque
759 1418 1082 1473 disciplinarum
1107 1419 1345 1460 doctrinam
1368 1419 1644 1474 pertinerent.

135 1504 282 1530 verum
315 1503 411 1530 cum
433 1487 665 1541 aliquando
689 1488 957 1529 Ciceroniani
980 1489 1186 1542 temporis
1208 1492 1358 1542 poetas
1380 1488 1424 1528 in
1447 1487 1643 1540 eligenda

134 1557 317 1599 materia
348 1571 501 1611 parum
534 1556 665 1598 fuisse
697 1556 844 1598 felices
875 1561 917 1598 et
948 1557 1160 1610 quaedam
1191 1571 1338 1599 eorum
1362 1556 1554 1598 carmina
1575 1557 1645 1597 vix

137 1626 223 1667 alia
268 1640 314 1667 re
360 1626 442 1667 nisi
486 1625 674 1666 numeris
726 1625 899 1667 differre
945 1640 970 1667 a
1015 1640 1145 1679 prosa
1188 1640 1319 1679 supra
1360 1626 1645 1676 memorarim,

135 1698 317 1748 apparet
360 1708 444 1735 non
483 1695 580 1735 ideo
621 1694 927 1736 secludendum
970 1709 995 1735 a
1036 1694 1177 1736 verbis
1211 1694 1417 1735 Varronis
1448 1697 1643 1743 metrum,

135 1763 250 1817 quod
280 1763 427 1804 tenuia
457 1763 583 1804 nimis
615 1763 846 1804 videant-ur
876 1763 942 1804 vel
973 1763 1163 1804 humilia.
1225 1763 1356 1804 veluti
1388 1762 1483 1816 quis
1517 1777 1648 1816 prosa

135 1832 296 1885 scripta
317 1835 496 1885 negaret
518 1845 629 1884 quae
652 1835 866 1882 secuntur,
890 1832 971 1873 nisi
995 1836 1111 1873 certo
1135 1836 1354 1873 constaret
1376 1831 1427 1872 de
1451 1831 1645 1872 versibus

134 1901 259 1956 [Non.
292 1904 386 1951 486,
418 1905 466 1952 43
495 1904 561 1951 46,
596 1904 669 1952 203
706 1904 798 1951 156,
830 1901 927 1955 21]2

317 1974 514 2009 candidum
539 1975 614 2009 lact
640 1987 659 2009 e
685 1975 821 2019 papilla
847 1986 930 2009 cum
955 1974 1046 2018 fluit,
1073 1975 1217 2019 signum
1243 1978 1375 2019 putant

319 2032 470 2076 partuis,
499 2032 597 2076 quod
621 2032 680 2066 hic
710 2035 886 2076 sequatur
910 2032 1103 2066 mulierem
1129 2043 1147 2066 e
1173 2035 1281 2076 partu
1306 2032 1438 2075 liquor.
1465 2052 1508 2055 —

316 2089 473 2133 ideoque
503 2089 659 2123 alterum
684 2089 911 2133 appellamus
937 2101 957 2123 a
985 2089 1138 2123 calendo
1165 2089 1361 2131 caldorem,

318 2147 474 2180 alterum
500 2158 519 2179 a
545 2146 688 2180 fervore
713 2146 853 2181 febrim.
879 2167 922 2170 —

316 2204 437 2248 mugit
459 2203 574 2246 bovis,
605 2200 677 2238 ovi’
706 2203 815 2246 balat,
843 2204 926 2248 equi
952 2204 1133 2246 hinniunt,
1160 2203 1294 2248 gallina

317 2261 431 2306 pipat.

251 2325 445 2377 Augetur
475 2328 619 2365 autem
658 2323 891 2366 difficultas
930 2325 993 2365 rei
1032 2323 1305 2366 multitudine
1344 2338 1395 2365 ac
1436 2325 1647 2365 varietate

136 2397 383 2442 metrorum,
417 2392 571 2445 quibus
603 2407 705 2434 usus
740 2397 804 2434 est
838 2393 988 2444 Varro,
1020 2406 1099 2433 nec
1129 2407 1214 2434 non
1236 2394 1480 2446 frequentia
1501 2407 1647 2433 nume-

136 2475 280 2502 rorum
312 2460 633 2502 trochaicorum
671 2465 713 2502 et
752 2461 1047 2502 iambicorum.
1112 2462 1185 2515 qui
1227 2476 1321 2503 cum
1365 2476 1442 2516 pro
1490 2466 1647 2502 natura

136 2529 308 2582 linguae
340 2529 520 2570 Latinae
552 2529 619 2570 vel
649 2530 692 2570 in
723 2544 854 2583 prosa
884 2530 1011 2571 facile
1054 2530 1271 2581 oriantur,
1309 2531 1352 2570 in
1393 2530 1645 2583 fragmentis

136 2598 390 2652 plerumque
420 2597 623 2639 brevibus
654 2602 799 2639 utrum
830 2613 980 2640 versus
1020 2599 1105 2640 sint
1143 2598 1431 2640 constituendi
1473 2597 1646 2638 iambici

137 2666 202 2707 vel
223 2665 432 2707 trochaici
460 2680 605 2717 necne,
634 2667 748 2720 quod
770 2666 1047 2708 identidemst
1069 2667 1245 2708 dubium
1269 2681 1351 2708 non
1375 2667 1456 2707 erit
1478 2666 1644 2706 mirum.

137 2734 281 2788 placet
307 2738 452 2775 tamen
483 2740 534 2776 e'a
562 2736 672 2776 ratio
702 2735 957 2777 emendandi
977 2735 1056 2777 has
1079 2740 1262 2786 saturas,
1296 2739 1343 2776 ut
1365 2735 1407 2775 in
1431 2735 1645 2787 corruptis

136 2802 254 2852 locis,
286 2803 321 2843 si
354 2806 499 2844 cetera
526 2817 725 2845 numeros
747 2818 831 2845 non
854 2804 1058 2855 abnuant,
1092 2818 1166 2845 eae
1189 2804 1378 2857 potiores
1400 2803 1646 2844 habeantur

139 2871 429 2922 coniecturae,
472 2871 628 2924 quibus
667 2886 816 2914 versus
858 2872 1103 2923 eliciantur,
1146 2873 1276 2913 etiam
1314 2871 1388 2912 ubi
1421 2871 1531 2912 aliae
1561 2886 1645 2912 non

140 2942 265 2985 erunt
293 2940 433 2980 malae
463 2954 542 2983 nec
570 2941 752 2996 ineptae.
805 2955 904 2982 nam
935 2940 1202 2994 frequentius
1233 2940 1367 2984 videri
1397 2954 1423 2981 a
1453 2940 1645 2981 Varrone
