1898 3292
193 233 274 272 246
795 240 914 264 LIBER
935 239 1107 264 Tnarivs.

194 344 266 384 ubi
298 343 475 397 spondei
505 343 632 397 primi
664 343 848 383 tarditas
881 343 1118 396 aegerrime
1151 342 1237 383 coit
1279 356 1373 383 cum
1412 341 1703 395 sequentibus,

194 426 305 465 quae
333 411 506 465 quidem
537 412 632 464 ipsa
662 411 986 452 trithemimeris
1018 410 1189 451 dcfcctu
1211 414 1309 452 sunt
1332 410 1552 451 deformia.
1601 410 1703 450 scri—

192 480 381 522 bendum
412 480 528 520 haud
558 479 706 530 dubie,
737 479 781 520 id
813 479 928 532 quod
960 479 1098 520 fertur
1129 480 1173 519 111
1202 479 1325 520 libris
1356 479 1589 528 nonnullis,
1628 482 1704 518 le'n-

195 563 332 600 quere.
375 574 430 579 —
470 562 548 589 nec
588 551 652 589 est
692 548 807 601 quod
836 547 1033 601 pluribus
1068 547 1356 589 demonstrem
1390 547 1545 588 vitiosa
1574 547 1703 588 haec:

470 628 534 662 sed
559 639 650 671 quae
678 637 831 671 corpora
858 627 1041 661 decedant
1066 628 1100 661 in
1128 630 1295 671 tempore
1320 639 1476 671 quoque.

470 685 724 729 relligionibus
750 688 859 728 atque
886 685 992 718 minis
1016 685 1193 719 obsistere
1218 688 1353 718 vatum.

194 767 333 807 neque
355 753 507 795 melius
528 753 662 794 multo
697 753 876 794 habebit
907 767 987 804 res,
1020 754 1056 794 si
1087 752 1274 794 secundo
1306 753 1349 792 in
1380 752 1489 805 pede
1521 755 1707 806 ponatur

195 822 372 864 verbum
405 821 685 862 trochaicum.
748 822 905 862 etenim
935 835 1031 863 cum
1061 822 1305 875 insequenti
1343 821 1505 871 iambo,
1544 824 1591 861 ut
1635 821 1708 873 qui

196 905 280 932 non
316 894 483 932 constet
512 890 632 931 verbi
673 890 773 940 fine,
811 889 930 931 nulla
970 890 1073 930 insit
1102 890 1164 930 vis
1206 890 1261 930 ad
1300 889 1551 942 iugandam,
1598 903 1708 942 quae

196 959 437 1013 praecedit,
479 959 674 1009 brevem,
716 959 801 1000 iam
843 958 999 999 adonio
1040 959 1172 999 initiis
1214 953 1338 999 metri
1379 961 1473 998 orto
1505 957 1709 998 subsistet

196 1041 400 1068 numerus
445 1028 488 1068 111
535 1028 672 1069 altero
719 1027 946 1068 trochaeo.
996 1040 1105 1079 quac
1151 1040 1235 1067 11011
1277 1029 1523 1067 concessast
1557 1026 1708 1066 Latino

197 1095 449 1137 hexametro
483 1096 714 1137 distinctio.
777 1109 911 1148 quare
944 1109 1022 1136 1100
1053 1095 1160 1136 talia
1192 1095 1277 1136 fert
1309 1108 1378 1135 ars
1408 1095 1622 1136 Romana:

405 1187 450 1210 ex
477 1175 665 1219 oeulis-que
689 1178 912 1209 vetustatem
942 1175 1147 1209 subducere
1175 1175 1320 1209 nostris.

404 1245 477 1267 una
503 1232 697 1276 Eurusque
721 1232 916 1276 Notusque
941 1235 1054 1266 ruunt
1079 1233 1280 1276 creberque
1306 1232 1489 1276 procellis.

199 1306 242 1343 et
272 1303 357 1343 iam
390 1302 472 1343 nisi
503 1301 630 1342 fallor
661 1301 908 1355 apparebit,
952 1316 1027 1342 cur
1066 1301 1262 1354 plerique
1292 1304 1538 1354 poetarum,
1581 1315 1712 1354 supra

199 1375 247 1411 ut
280 1371 417 1421 docui,
448 1370 491 1410 in
525 1384 705 1411 caesura
734 1370 1093 1424 hephthemimeri
1125 1384 1209 1410 11011
1239 1369 1355 1410 aliud
1377 1369 1553 1410 verbum
1584 1370 1711 1409 tertio

198 1439 388 1480 finierint
416 1438 621 1479 trochaeo
655 1453 783 1492 quam
817 1439 931 1492 quod
965 1442 1080 1479 certe
1111 1439 1239 1479 etiam
1263 1430 1497 1479 secundum
1522 1437 1711 1491 expleret

198 1507 364 1562 pedem.
438 1507 602 1548 scilicet
653 1522 749 1548 cum
798 1507 943 1548 iambo
995 1508 1039 1548 in
1089 1506 1450 1560 hephthemimeri
1503 1506 1712 1547 collocato

199 1575 447 1617 traheretur
478 1590 574 1616 cum
605 1576 725 1617 brevi
756 1576 923 1631 syllaba
955 1576 1075 1617 tertii
1104 1575 1299 1616 trochaei
1337 1579 1492 1625 totum,
1538 1575 1605 1616 cui
1638 1575 1712 1616 ad-

200 1658 311 1686 nexa
343 1648 467 1695 esset,
500 1644 695 1695 verbum,
728 1645 789 1686 sic
821 1644 1035 1685 demumst
1066 1643 1285 1693 effectum,
1316 1658 1369 1684 ne
1401 1644 1444 1684 in
1476 1643 1583 1684 duas
1614 1657 1713 1696 par-

200 1716 266 1754 tes
297 1726 382 1753 non
411 1713 644 1766 permissas
684 1713 779 1766 lege
822 1712 1130 1754 dissolveretur
1170 1712 1286 1753 ordo.
1347 1716 1576 1766 praeterea
1617 1726 1713 1752 cum

200 1781 333 1822 verba
375 1780 577 1822 adonium
622 1781 856 1834 aequantia
895 1782 938 1821 in
979 1781 1063 1821 fine
1095 1794 1295 1822 versuum
1333 1795 1487 1834 parum
1524 1780 1714 1821 habeant

200 1849 295 1899 loci,
327 1849 553 1902 minusque
586 1850 717 1890 etiam
746 1851 791 1890 111
821 1850 1087 1900 hexametrO,
1120 1850 1171 1891 de
1204 1863 1287 1903 quo
1320 1863 1432 1890 nunc
1454 1849 1608 1902 agitur,
1640 1848 1713 1889 ubi

202 1918 370 1971 optinet
411 1918 786 1971 semiseptenaria,
829 1933 877 1960 eo
911 1918 1181 1972 frequentius
1223 1918 1374 1959 eadem
1415 1917 1569 1971 quibus
1616 1932 1713 1958 con-

202 1986 378 2027 veniunt
399 1986 573 2028 sedibus
605 1987 807 2041 adaptari
834 1987 1049 2028 iustumst.
1096 1988 1159 2028 ita
1180 1987 1398 2027 licentiam
1418 1986 1524 2039 lege,
1558 1986 1715 2027 damna

200 2054 334 2096 lucris
366 2059 617 2109 compensat
648 2070 719 2097 ars
752 2056 918 2096 Latina..

316 2123 450 2164 Porro
484 2124 778 2165 foedissimum
807 2124 975 2177 longest
995 2124 1397 2178 ineptissimumque
1419 2127 1517 2177 post
1537 2124 1713 2164 tertium

202 2192 357 2246 pedem
397 2191 511 2233 finiri
542 2192 810 2233 vocabulum.
872 2193 986 2245 quod
1026 2193 1100 2234 ubi
1137 2193 1360 2243 acciderit,
1403 2191 1614 2246 dactylico
1655 2192 1715 2232 sic

203 2260 424 2302 eveniente
455 2275 633 2302 numero
665 2261 708 2301 in
740 2275 902 2314 aequas
933 2265 1081 2315 partes
1103 2276 1252 2302 versus
1285 2260 1543 2311 dissolvitur,
1575 2261 1638 2301 ita
1666 2264 1714 2301 ut

201 2329 420 2383 legitimae
452 2329 692 2382 elegantiae
725 2329 889 2370 nullum
924 2330 1009 2370 iam
1052 2333 1247 2371 servetur
1277 2329 1516 2382 vestigium.
1577 2329 1713 2369 Ennio

201 2401 346 2438 tamen
379 2397 663 2438 condonanda
691 2397 818 2439 haec:

434 2476 547 2510 corde
574 2488 777 2521 capessere.
827 2477 957 2511 semita
983 2477 1081 2511 nulla
1106 2478 1239 2522 pedem
1266 2477 1464 2511 stabilibat.

434 2534 568 2578 sparsis
592 2533 707 2567 hastis
732 2534 851 2578 Ionqz's
877 2546 1028 2578 campus
1054 2534 1224 2578 splendet
1248 2537 1285 2568 et
1308 2534 1437 2568 horret

317 2602 472 2643 Restat
502 2605 551 2643 ut
582 2602 634 2642 de
666 2602 726 2643 eis
758 2602 953 2643 versibus
985 2603 1145 2653 dicam,
1188 2603 1262 2656 qui
1293 2602 1427 2643 solam
1459 2602 1621 2643 habent
1651 2603 1714 2642 in-

203 2671 407 2712 cisionem
438 2670 716 2711 trochaicam.
777 2671 822 2710 hi
854 2670 907 2711 ob
942 2685 1094 2712 causas
1127 2685 1259 2724 supra
1289 2671 1523 2724 propositis
1555 2670 1714 2711 similes

203 2739 340 2792 magis
383 2739 512 2779 etiam
556 2742 732 2779 cavetur
770 2752 823 2778 ne
859 2738 1051 2779 habeant
1091 2739 1308 2793 dactylum
1343 2742 1419 2779 aut
1449 2738 1712 2789 trochaeum,

204 2807 277 2860 qui
323 2806 567 2859 praecedit,
615 2806 827 2860 dactylico
871 2810 947 2846 aut·
993 2806 1215 2847 trochaico
1258 2806 1388 2847 verbo
1433 2810 1712 2847 constantem.

202 2888 281 2916 nec
306 2875 444 2927 magis
470 2889 495 2915 a
521 2875 798 2928 simplicitate
824 2874 1087 2915 iudicandist
1113 2875 1299 2915 alienum
1326 2879 1481 2927 quarto
1508 2875 1712 2916 trochaeo

205 2944 412 2984 orationis
442 2947 611 2998 partem
643 2943 878 2984 terminari.
928 2943 1060 2996 igitur
1091 2944 1398 2985 rarissimumst
1433 2943 1547 2999 apud
1579 2942 1713 2984 bonos
