1898 3292
243 222 323 263 334
831 233 951 257 LIBER
969 232 1159 263 QVARTVS.

242 336 423 387 admitti,
458 335 570 389 quod
604 338 748 376 tamen
780 335 940 389 passim
973 335 1112 375 evenit
1143 334 1256 388 apud
1281 335 1471 376 Graecos
1503 335 1666 388 pariter
1697 349 1747 376 ac

241 405 429 446 Latinos.
481 418 619 457 neque
650 407 795 444 tamen
826 403 875 444 fit
905 404 1019 444 vocis
1051 417 1172 444 mora
1204 403 1331 444 solita
1362 403 1551 456 alioquin
1580 404 1624 443 in
1655 418 1748 444 ver-

240 473 318 523 bis,
351 486 532 526 quorum
566 475 827 512 concurrunt
848 471 1029 521 vocales,
1063 485 1157 512 cum
1180 485 1258 512 nec
1280 475 1395 513 stare
1416 471 1581 525 possint
1601 471 1748 525 priora

240 541 493 595 plerumque
535 539 766 593 absumpta
797 539 956 589 vocali,
1002 553 1080 580 nec
1126 553 1264 592 pausa
1307 540 1499 593 longiore
1539 540 1749 592 permissa

240 612 414 650 maneat
447 609 718 663 synhaeresis
749 609 996 649 necessitas
1060 621 1170 660 quae
1206 622 1298 649 cum
1331 608 1393 649 ita
1423 608 1523 658 sint,
1568 610 1749 662 apparet

239 678 401 719 habere
444 677 641 731 equidem
685 677 905 718 elisionem
945 676 1085 717 locum
1129 677 1170 716 in
1202 677 1350 729 quavis
1382 691 1580 718 versuum
1612 680 1747 730 parte,

241 747 316 787 sed
348 746 487 787 minus
519 746 628 787 bene
661 745 847 795 admitti,
882 745 1142 797 ubicumque
1175 745 1311 786 veloci
1343 750 1385 786 et
1415 760 1523 799 puro
1556 760 1662 799 opus
1695 746 1750 787 sit

240 828 430 856 numero.
491 828 569 855 nec
610 814 797 855 absurde
840 813 1007 854 dicetur
1048 827 1203 854 nexum
1236 813 1462 854 verborum
1503 814 1751 868 synhaeresi

240 887 382 925 ortum
412 882 599 924 medium
632 896 724 923 esse
757 883 868 923 inter
899 882 1142 922 iuncturam
1172 883 1389 923 variarum
1420 882 1609 923 eiusdem
1632 882 1750 924 verbi

240 952 445 1006 simplicis
478 950 741 1005 syllabarum
776 954 938 991 certam
971 954 1013 991 et
1039 950 1311 991 individuam
1327 954 1457 1003 atque
1478 950 1622 992 laxam
1644 952 1750 992 satis

238 1021 516 1074 hiantemque
561 1019 752 1061 eiusdem
794 1018 1003 1060 enuntiati
1044 1032 1193 1059 vocum
1236 1020 1547 1060 continuarum.
1616 1034 1750 1073 quare

240 1090 379 1130 minus
412 1089 521 1130 bene
553 1088 732 1129 habebit
764 1087 883 1129 elisio
916 1087 1103 1128 admissa
1134 1088 1176 1128 in
1208 1088 1383 1129 vocibus
1415 1088 1496 1139 eis,
1536 1102 1642 1141 quas
1676 1092 1751 1130 aut

240 1158 366 1199 metri
398 1161 474 1199 aut
515 1171 665 1198 sensus
707 1170 838 1197 causa
879 1159 1050 1209 oportet
1089 1156 1291 1207 discerni,
1334 1157 1554 1209 quoniam,
1594 1157 1675 1197 hoc
1715 1158 1751 1198 si

242 1227 453 1277 evenerit,
493 1225 662 1279 longius
704 1225 984 1266 interstitium
1018 1225 1216 1265 coeuntia
1247 1225 1359 1266 inter
1391 1225 1522 1265 verba
1554 1224 1647 1267 fieri
1679 1239 1749 1267 ne-

242 1299 403 1336 cessest
434 1308 562 1348 quam
594 1297 751 1334 natura
783 1296 900 1334 amat
929 1293 1143 1347 synizesis.

356 1363 501 1404 Habet
532 1363 662 1404 etiam
693 1361 897 1415 quiddam
931 1361 1190 1402 incommodi
1231 1361 1526 1415 monosyllaba
1561 1362 1751 1415 pondere

242 1436 290 1474 ut
321 1433 383 1473 ita
424 1431 564 1472 dicam
606 1431 745 1484 logico
786 1430 971 1483 insignia
1014 1430 1228 1480 imminui,
1276 1434 1323 1471 ut
1364 1434 1435 1471 rest
1480 1431 1522 1471 in
1567 1430 1750 1471 disticho

242 1501 425 1543 Nasonis
457 1501 556 1555 [am.
587 1499 638 1550 II,
676 1503 736 1550 lO,
771 1499 834 1553 3]:

495 1592 562 1624 per
587 1583 624 1614 te
651 1591 718 1624 ego
745 1579 921 1623 decipior,
951 1590 1017 1623 per
1043 1582 1078 1612 te
1106 1578 1308 1622 deprensus
1334 1579 1482 1613 inermis

587 1648 674 1671 ecce
701 1636 790 1670 duas
816 1648 887 1670 uno
913 1639 1080 1680 tempore
1106 1636 1224 1679 turpis
1251 1647 1343 1670 amo.

243 1720 506 1761 quamquam
536 1706 708 1747 minime
743 1705 934 1746 vitarunt
960 1704 1065 1745 illud
1099 1704 1311 1759 dactylici.

359 1775 566 1829 Superest
596 1778 644 1816 ut
680 1774 988 1824 demonstrem,
1031 1773 1170 1826 qualis
1210 1773 1342 1814 fuerit
1380 1786 1459 1826 pro
1502 1773 1750 1815 diversitate

243 1845 309 1887 vel
344 1848 570 1899 poetarum
603 1843 668 1884 vel
697 1846 941 1896 temporum
973 1841 1159 1882 elidendi
1190 1842 1390 1883 varietas.

357 1914 494 1967 Igitur
524 1912 704 1963 Ennius,
745 1910 1069 1964 antiquissimus
1113 1913 1264 1951 auctor
1308 1910 1430 1961 artis,
1471 1913 1662 1960 secutus,
1705 1914 1752 1952 ut

244 1981 496 2033 memoravi,
548 1980 707 2034 partim
754 1981 1046 2021 saturniorum
1099 1979 1358 2030 carminum,
1406 1992 1516 2032 quae
1568 1979 1752 2020 maiores

245 2054 464 2092 sumerent
505 2049 705 2103 spiritus,
744 2048 903 2102 partim
943 2048 1208 2089 Graecorum
1251 2047 1459 2088 librorum
1499 2047 1752 2101 exemplum,

242 2118 376 2160 habet
417 2119 615 2160 elisiones
656 2118 762 2159 satis
806 2131 929 2158 raras
970 2116 1164 2169 adeoque
1201 2116 1428 2170 pauciores
1460 2129 1589 2169 quam
1621 2116 1753 2157 ceteri

244 2187 555 2242 dactylicorum
595 2190 694 2227 ante
735 2186 950 2227 Tibullum
993 2188 1036 2227 et
1080 2184 1289 2226 Ovidium.
1350 2184 1466 2237 quod
1510 2198 1562 2225 ne
1605 2198 1630 2225 a
1662 2198 1753 2226 cor-

243 2256 484 2297 rectoribus
515 2255 682 2296 venisse
718 2254 887 2305 credas,
919 2267 970 2295 ea
998 2267 1044 2294 re
1074 2252 1352 2306 prohibetur,
1385 2253 1500 2306 quod
1529 2267 1666 2307 usque
1698 2253 1753 2295 ad

245 2324 426 2378 Augusti
457 2327 644 2365 aetatem
666 2336 790 2364 nemo
813 2323 1041 2376 quisquam
1064 2321 1443 2374 grammaticorum
1464 2321 1508 2362 in
1530 2321 1753 2363 elisionum

243 2393 517 2434 multitudine
546 2392 689 2446 potuit
720 2391 948 2433 offendere.

359 2461 520 2503 Ponam
564 2461 759 2515 exempla
802 2460 1015 2514 quaedam
1059 2473 1110 2501 ex
1151 2458 1262 2500 libro
1294 2458 1346 2499 de
1377 2458 1466 2500 vita
1498 2458 1587 2500 eius
1618 2459 1754 2512 petita

244 2531 330 2585 [pg.
365 2533 445 2572 228
478 2530 571 2584 sq.].

358 2599 497 2651 Igitur
517 2599 561 2639 in
583 2598 704 2639 XVII
731 2597 1006 2649 hexametris,
1039 2597 1112 2650 qui
1143 2596 1346 2649 leguntur
1368 2594 1484 2649 apud
1506 2594 1753 2637 Ciceronem

243 2667 286 2707 in
317 2666 439 2708 libris
471 2666 523 2708 de
555 2666 816 2707 divinatione
849 2666 897 2720 [L
922 2669 988 2717 20,
1014 2666 1104 2719 40]‚
1138 2678 1265 2705 unam
1296 2663 1431 2704 habes
1464 2663 1682 2705 elisionem
1713 2667 1755 2706 et

245 2734 417 2788 quidem
438 2735 571 2776 hanc:
600 2739 805 2785 tardaque
829 2738 1032 2785 zaestiyare
1063 2741 1124 2782 et;
1153 2733 1197 2773 in
1218 2731 1332 2782 XXI,
1367 2732 1439 2784 qui
1461 2735 1755 2773 memorantur

244 2803 404 2844 ibidem
440 2803 490 2858 [I,
523 2807 588 2854 48,
621 2803 720 2857 107]
753 2802 882 2844 duas:
925 2806 1108 2853 auspiw'o
1141 2803 1397 2852 (mmerioque
1430 2804 1472 2841 et
1504 2807 1625 2851 atque
1657 2815 1755 2849 ora,·

244 2871 287 2912 in
319 2871 561 2925 fragmento
602 2885 627 2912 a
659 2871 795 2912 Gellio
834 2870 950 2925 [XIL
980 2871 1025 2925 4]
1065 2873 1235 2911 servato
1277 2870 1468 2922 (constat
1499 2883 1562 2911 VV.
1595 2869 1754 2923 XVIII)

246 2943 355 2980 tres:
398 2944 564 2980 ecstasim)
598 2943 722 2987 indm·
762 2943 948 2989 malaque
980 2946 1017 2979 et
1055 2942 1181 2983 bona,-
1217 2943 1427 2989 dirumque
1463 2942 1752 2989 hominumque.
