1898 3292
798 220 924 245 INDEX
942 220 965 245 1.
1550 212 1596 249 61
1609 211 1625 248 l

125 321 406 375 veriloquium
438 325 604 363 mutata
637 322 855 375 quantitas
888 325 982 363 454.
1043 321 1247 362 flexiones
1281 324 1437 372 -erunt,
1467 335 1557 362 -ere
1588 322 1630 362 in

122 390 304 445 perfecti
344 390 588 432 indicativo.
650 391 792 441 -imus,
827 391 916 431 -itis
944 391 987 430 in
1030 389 1220 431 eiusdem
1264 391 1532 431 coniunctivo
1564 389 1630 431 vel

123 458 268 500 futuro
299 459 339 500 ΙΙ
371 463 466 509 454,
501 464 535 500 5.
599 473 635 509 a,
669 473 702 509 e,
734 460 746 499 i
778 459 821 499 in
854 459 1171 511 coniugatione,
1215 462 1522 512 praeterquam
1557 457 1631 499 ubi

125 528 320 580 sequitur
341 542 377 578 V,
411 531 636 581 correptae
659 531 753 569 455.
799 527 841 567 in
863 527 1188 581 peregrinorum
1209 527 1427 567 nominum
1449 526 1631 567 flexione

124 595 276 636 Latina
308 595 522 637 interdum
555 596 775 649 quantitas
809 594 1004 636 adhibita
1034 608 1112 649 pro
1144 595 1374 650 principali
1405 599 1499 637 455.

240 663 433 719 Syncope
464 668 559 715 455,
592 666 628 707 6.

238 733 442 774 'l‘mesis
474 736 681 775 457—64.

237 801 361 842 Prius
393 815 542 854 genus,
579 801 691 855 quod
733 801 866 842 oculis
908 801 1073 855 pariter
1111 805 1153 841 et
1186 801 1363 842 auribus
1394 801 1631 855 percipitur

124 873 322 911 457-60
360 871 552 923 (praeter
583 870 925 924 praepositiones
957 873 1166 912 457—59.
1227 870 1270 910 in
1306 883 1501 923 praepos.
1535 873 1629 919 459,

125 940 207 992 60).
269 938 463 989 alterum,
497 938 612 991 quod
642 938 743 980 solis
775 938 950 980 auribus
982 938 1230 992 agnoscitur
1262 940 1472 979 460-64,

236 1006 477 1048 Enclisis
509 1011 561 1048 et
590 1007 855 1061 proclisis
888 1009 1096 1049 464—67.

233 1073 377 1126 ‘Que',
422 1073 524 1126 ‘ve',
569 1074 660 1117 ‘ne'
692 1076 915 1117 encliticae
937 1079 1032 1127 464,
1052 1081 1086 1118 5.
1129 1073 1263 1130 (‘que'
1301 1089 1533 1129 numquam
1556 1089 1633 1129 per

123 1157 167 1185 se
198 1147 317 1185 stans
347 1147 441 1194 464,
476 1146 529 1198 5).
592 1149 760 1186 ceterae
792 1148 921 1187 465ῌ
937 1148 1000 1186 67.
1062 1144 1259 1198 proclisis
1291 1148 1385 1185 467.

236 1213 448 1254 Accentus
489 1212 606 1266 leges
647 1217 873 1267 poetarum
916 1227 967 1255 ex
1014 1227 1093 1254 usu
1141 1217 1183 1254 et
1228 1213 1412 1254 maxime
1460 1213 1631 1266 quidem

123 1280 310 1322 elisionis
342 1295 393 1323 ex
424 1281 591 1335 legibus
624 1281 834 1323 deductae
864 1285 1074 1324 467-69,

825 1437 934 1478 VIII.

559 1518 788 1566 LIBER
826 1516 1194 1567 SEPTIMVS.

461 1617 875 1656 OBSERVATIONES
908 1617 1284 1656 GRAmiATICAE.

772 1693 976 1730 470—523.

235 1766 537 1809 Prohoemium
569 1771 663 1819 470,
694 1772 742 1809 71
791 1768 1038 1821 (fiexionum
1077 1767 1398 1821 dictionumque
1435 1768 1557 1821 copia
1589 1771 1631 1809 et

121 1836 309 1878 varietas
340 1840 438 1890 post
469 1836 716 1878 Lucretium
747 1837 972 1878 imminuta
1005 1840 1099 1878 470.
1150 1840 1376 1890 poetarum
1408 1836 1630 1877 Hadriano

120 1905 410 1959 posteriorum
440 1906 631 1947 rationes
662 1909 757 1957 470,
797 1908 848 1959 1).

236 1973 529 2016 Flexiones
560 1978 798 2016 471—514.

234 2042 461 2084 Nomina
492 2046 702 2085 471—99.

236 2111 285 2152 In
305 2110 562 2153 flexionibus
586 2110 837 2152 enarrandis
859 2114 1034 2165 praeter
1055 2123 1217 2165 paucas
1241 2123 1415 2152 casuum
1440 2109 1632 2152 ordinem

121 2180 286 2233 placuit
316 2180 490 2221 servari.

239 2248 603 2290 Substantiva
632 2249 830 2290 Latina
862 2252 1071 2290 471—80.

238 2317 478 2358 Declinatio
522 2317 663 2371 prima
706 2321 800 2368 471,
830 2320 865 2357 2.
939 2317 991 2358 de
1025 2316 1220 2370 genetivo
1251 2316 1431 2370 pluralis
1466 2316 1633 2357 numeri

123 2385 174 2426 cf.
210 2389 304 2427 475.
367 2385 556 2427 secunda
587 2389 796 2428 472——75.
858 2386 989 2427 tertia
1021 2388 1218 2427 475—78
1251 2384 1322 2438 (de
1355 2384 1500 2426 dativo
1531 2385 1573 2425 in
1610 2398 1631 2425 e

123 2457 306 2495 exeunte
339 2453 388 2495 cf.
423 2458 504 2497 497
536 2455 658 2508 init).
721 2458 877 2508 quarta
909 2458 1004 2505 478,
1035 2458 1071 2495 9.
1134 2454 1285 2507 quinta
1314 2457 1408 2504 479,
1441 2457 1507 2496 80.

237 2521 526 2564 Adiectiva
557 2523 756 2564 Latina
784 2526 994 2565 480—85.

236 2590 478 2632 Declinatio
518 2591 658 2644 prima
699 2596 741 2633 et
786 2591 976 2633 secunda
1016 2593 1227 2634 480—83.
1289 2590 1419 2632 tertia
1457 2594 1552 2642 483,
1593 2595 1629 2631 4.

124 2660 442 2713 comparativus
474 2662 516 2701 et
555 2660 841 2713 superlativus
875 2664 970 2702 484.
1032 2659 1253 2713 genetivus
1288 2659 1332 2699 in
1375 2656 1496 2700 ‘ius'.
1557 2659 1630 2700 da-

123 2727 236 2769 tivus
271 2728 314 2768 in
359 2725 412 2768 ‘i'
449 2731 544 2770 484.
606 2728 684 2770 alis
717 2732 812 2770 485.
875 2728 1084 2770 alteruter
1116 2731 1210 2770 485.

237 2796 564 2838 Pronomina
596 2800 804 2839 485—87.

238 2864 497 2907 Pronomina
519 2865 764 2919 personalia
785 2865 851 2907 vel
872 2865 1115 2919 possessiva
1146 2868 1239 2905 485.
1289 2863 1629 2905 demonstrativa

124 2937 205 2975 485
219 2959 253 2963 —-
268 2938 332 2975 87.

1285 2988 1355 3022 39*
