1898 3292
189 154 206 191 1
217 154 269 192 28
793 163 913 188 LIBER
931 163 1087 190 PRmvs.

187 264 395 317 mitigato,
427 265 538 305 sicut
569 264 730 306 factum
763 265 866 306 alibi
897 266 939 306 in
971 266 1177 320 glyconio.
1230 280 1313 308 non
1345 267 1484 308 minus
1517 282 1568 309 ex
1600 282 1695 322 sap-

185 333 311 386 phico
342 347 518 375 numero
551 333 817 375 descendunt
845 334 972 376 haec:

644 424 900 469 Ophioniaque
926 425 1049 460 caede.

643 482 750 516 molis
775 483 974 518 immensae
999 482 1250 528 Danaumque.

185 567 415 616 praeterea
449 565 729 616 systematum
773 577 937 614 eorum⁷
978 563 1133 616 quibus
1175 564 1457 606 informandis
1499 565 1697 607 adhibuit

185 631 392 672 Horatius
435 645 583 672 versus
628 645 761 685 supra
801 636 1082 682 memoratos,
1125 632 1295 674 diversa
1335 638 1473 674 metra
1509 634 1611 675 item
1654 635 1697 675 in

185 700 251 740 his
295 703 445 740 extant
486 700 677 741 canticis.
739 713 790 740 ac
831 700 1014 754 primum
1047 700 1220 754 quidem
1253 701 1370 743 haud
1402 702 1698 756 infrequenter

183 769 397 810 invenitur
438 783 588 810 versus
640 768 838 818 adonius,
891 769 1092 823 deinceps
1145 769 1333 811 alcaicus
1386 771 1696 826 decasyllabus‚

183 837 257 878 sed
294 837 363 878 hic
404 838 644 887 rarissime,
692 841 782 878 tum
828 837 1011 892 glyconii
1057 838 1244 879 admisso
1282 853 1609 897 >nonnumquam
1655 840 1698 880 in

182 906 307 947 basin
347 906 571 955 trochaeo,
620 905 734 959 quod
782 905 943 959 alioqui
989 906 1150 947 vitatur
1192 921 1217 948 a
1263 908 1436 949 Seneca.
1506 913 1697 949 ceterum

183 976 298 1016 ultra
332 975 520 1029 syllabas
554 975 699 1025 denas,
733 988 843 1028 quae
877 975 1049 1028 quidem
1082 976 1279 1030 exempla
1309 977 1582 1030 paucissima,
1614 991 1697 1018 non

183 1044 521 1097 progrediuntur
562 1044 740 1085 numeri.
795 1069 850 1073 —
900 1048 1130 1097 praeterea
1175 1059 1311 1098 aeque
1356 1046 1585 1087 Horatiani
1632 1061 1698 1087 re-

183 1113 409 1165 periuntur
441 1127 588 1153 versus
617 1112 925 1166 ithyphallicus
959 1117 1000 1154 et
1040 1114 1179 1154 minor
1211 1114 1443 1168 sapphicus
1475 1115 1562 1156 sive
1597 1129 1698 1156 ana--

185 1184 410 1222 creonteus
444 1185 485 1222 et
513 1185 766 1222 tetrameter
799 1181 1048 1236 dactylicus,
1080 1182 1228 1235 quales
1260 1183 1395 1224 habes
1426 1183 1526 1224 hos:

644 1266 779 1301 educas
804 1267 980 1302 alumnos.

644 1324 877 1368 pulveramx'e
904 1326 1049 1360 nubem.

644 1384 682 1416 et
707 1393 798 1426 quos
823 1382 965 1416 vicinus
991 1382 1131 1417 Boreas
1158 1382 1252 1417 ferit.

184 1476 312 1516 porro
357 1462 616 1516 aliquotiens
663 1462 717 1503 ab
761 1462 854 1516 ipso
899 1463 1061 1505 Seneca
1104 1463 1207 1504 alibi
1253 1464 1296 1504 in
1344 1464 1528 1505 choricis
1569 1466 1698 1519 positi

185 1535 333 1571 extant
365 1531 668 1585 anapaesticus
707 1535 974 1573 monometer
1011 1546 1090 1573 nec
1122 1547 1205 1573 non
1237 1533 1419 1574 dimeter
1450 1533 1698 1575 trochaicus

186 1599 476 1650 catalecticus,
510 1600 583 1652 qui
614 1600 748 1641 habet
770 1601 957 1642 secundo
980 1600 1075 1642 loco
1099 1601 1334 1655 spondeum
1363 1603 1482 1656 (nam
1505 1602 1698 1644 diversus

185 1672 250 1708 est
283 1668 451 1709 Horatii
482 1668 506 1709 l.
539 1668 579 1709 II
609 1668 652 1709 in
685 1682 718 1709 c.
756 1670 842 1722 18),
875 1674 923 1711 ut
954 1674 1080 1723 puta:

699 1763 736 1795 te
762 1760 871 1795 decet
897 1761 995 1806 cingi
1023 1772 1175 1796 comam.

184 1854 330 1881 verum
362 1839 549 1894 plurima
580 1840 705 1894 longe
738 1841 792 1882 ab
816 1841 998 1883 Horatio
1031 1841 1280 1895 repetenda,
1313 1842 1381 1883 cui
1413 1843 1541 1884 etiam
1573 1843 1616 1884 in
1649 1857 1698 1884 eo

184 1923 347 1950 morem
380 1909 512 1962 gessit
543 1909 634 1960 ille,
667 1909 780 1963 quod
814 1909 955 1950 aliena
987 1910 1041 1951 ab
1075 1910 1330 1964 aequalibus
1361 1911 1564 1953 libertate
1596 1927 1699 1953 usus

183 1977 249 2019 bis
271 1978 314 2018 in
335 1977 419 2019 fine
442 1991 590 2019 versus
613 1982 656 2019 et
678 1978 851 2032 quidem
873 1979 916 2019 in
939 1980 1257 2032 Agamemnone
1282 1979 1511 2034 discerpsit
1539 1994 1698 2032 vocem,

183 2050 340 2100 parata
377 2060 479 2087 sane
512 2061 536 2088 a
568 2047 739 2088 nomine
770 2047 946 2101 proprio
980 2048 1269 2090 excusatione.
1332 2063 1442 2103 quae
1471 2063 1525 2090 an
1558 2064 1696 2091 emen-

186 2115 316 2156 dandi
339 2115 649 2169 probabilitate
672 2116 765 2157 tolli
787 2117 954 2170 possint
986 2117 1194 2171 exempla,
1228 2117 1549 2160 diiudicandum
1573 2118 1699 2159 relin-

185 2197 268 2236 quo
302 2184 408 2225 aliis.
470 2198 567 2226 nam
602 2185 685 2226 iria
716 2185 759 2226 in
792 2185 942 2226 eadem
974 2185 1124 2227 fabula
1156 2187 1295 2241 posita
1326 2187 1453 2229 talia:

735 2282 802 2305 nec
832 2272 1016 2316 impotens
1041 2283 1124 2317 pro-

736 2328 828 2362 cella
853 2329 1021 2363 fortunae

735 2387 925 2420 servitium
953 2390 1142 2432 contemp-

734 2446 794 2477 tor
817 2443 953 2477 levium
977 2444 1141 2479 deorum.

734 2503 818 2534 tuus
843 2501 903 2535 ille
928 2502 1040 2536 bisse-

736 2569 782 2591 no
811 2559 946 2593 meruit
970 2559 1095 2593 labore

189 2636 431 2677 novissimis
464 2637 577 2677 curis
608 2637 694 2677 iam
727 2637 900 2679 sublata
930 2652 956 2679 a
986 2639 1122 2680 nobis.
1185 2644 1285 2681 sunt
1314 2640 1447 2693 igitur
1472 2640 1600 2681 haec:

737 2734 916 2767 carusque
943 2723 1037 2757 Peli*

736 2779 803 2814 dae
828 2780 980 2813 nimium
1008 2781 1135 2815 feroci.

736 2841 799 2871 aut
824 2848 907 2871 cuni
933 2838 1011 2882 ipse
1038 2837 1132 2872 Peli-

735 2894 800 2928 des
828 2895 969 2929 animos
993 2895 1146 2929 feroces.
