1898 3292
268 196 349 235 586
871 206 1109 232 opvscvnvm
1128 207 1177 233 1v.

266 333 321 338 -
354 322 404 348 ex
428 307 606 349 Graecis
648 322 748 349 vero
793 297 1044 349 centonibus
1086 309 1333 350 notissimus
1375 309 1574 362 idemque
1608 310 1662 350 ad
1695 310 1774 351 cri-

267 376 397 417 ticam
439 376 673 417 carminum
718 376 935 430 Euripidis
977 376 1260 417 factitandam
1305 377 1555 419 utilissimus
1589 379 1776 433 Χριστὸς

267 444 461 501 πάσχων,
493 445 646 486 aetatis
670 459 791 486 serae
814 444 1056 495 admodum,
1089 459 1139 486 ex
1160 445 1275 486 illius
1297 445 1507 487 conflatus
1528 447 1775 500 tragoediis.

382 514 584 554 Romanis
627 517 767 555 autem
813 517 974 566 quanto
1017 527 1146 566 opere
1187 514 1273 554 iam
1314 514 1429 555 circa
1470 528 1505 555 a.
1537 530 1576 568 p.
1608 515 1703 556 Chr.
1737 530 1774 556 n.

268 585 351 624 200
393 582 638 636 placuerint
678 582 798 623 lusus
838 582 946 622 tales
986 586 1169 635 apparet
1208 582 1302 623 1000
1335 582 1607 634 Tertulliani,
1649 598 1775 637 quem

266 651 462 704 respexit
505 650 708 692 Isidorus.
782 651 843 692 sic
889 650 1000 691 enim
1045 650 1116 691 ille
1167 650 1277 692 libro
1330 651 1381 693 de
1426 653 1775 707 praescriptioni-

267 720 346 760 bus
378 719 695 761 haereticorum
731 718 844 775 [39]:
894 723 1005 760 vides
1047 722 1167 760 leodic
1208 733 1259 760 ea·
1298 722 1472 771 Verytlto
1508 724 1693 772 fabulam
1735 726 1773 762 ἱη

265 795 386 829 totam
418 791 538 829 aliam
571 792 765 839 componi,
798 791 970 829 materia
991 792 1212 828 secundam
1235 802 1388 837 versas,
1422 792 1603 830 versibus
1634 804 1775 831 secan—

266 860 358 897 dam
398 860 607 897 maoeriam
652 860 916 897 concinnatis.
982 859 1156 906 denique
1198 859 1389 898 Hosidias
1447 860 1546 898 Geta
1593 861 1777 900 Medeam

265 928 520 975 trayoecliam
552 939 603 966 ea:
640 927 814 977 Verqttto
837 928 1076 975 plenissime
1109 928 1313 978 exsuxit„
1347 939 1457 966 meas
1490 929 1653 977 (saidam
1679 942 1775 978 pro-

258 996 440 1043 pinquas
480 1007 531 1034 ca:
572 998 708 1034 ecdem
740 1000 866 1044 poeta
912 997 1018 1034 inter
1060 1000 1197 1034 cetera
1238 996 1319 1034 stili
1367 998 1432 1034 sai
1472 997 1553 1035 otia
1584 999 1775 1046 pinacem

272 1063 426 1102 Cebetis
459 1066 666 1113 erplicait.

383 1131 514 1171 Porro
566 1145 713 1172 eorum
754 1131 870 1184 leges
913 1131 973 1172 sic
1018 1130 1165 1171 definit
1211 1130 1422 1172 Ausonius
1467 1129 1615 1187 [praef.
1668 1136 1776 1173 cent.

265 1204 383 1252 nupt.
414 1214 482 1253 pg.
510 1203 590 1242 140
619 1200 682 1240 ed.
707 1199 928 1254 Schenk.]:
964 1197 1110 1240 ‘variis
1143 1203 1192 1240 cle
1224 1203 1321 1240 locis
1351 1202 1614 1250 sensibusque
1647 1203 1776 1241 diver-

264 1272 320 1308 sis
365 1273 565 1318 quaedam
607 1272 800 1310 carminis
841 1276 1051 1309 structura,
1092 1271 1312 1317 solidatur,
1357 1272 1398 1308 in
1440 1283 1560 1309 titiam
1602 1270 1777 1320 (versum

265 1335 499 1390 addedd.)
531 1345 573 1378 at
607 1345 750 1378 cocant
782 1345 852 1378 aa!
882 1341 993 1378 caesi
1024 1351 1164 1378 versas
1197 1337 1295 1390 (om.
1320 1336 1432 1389 cdd.)
1466 1340 1544 1377 (Zao
1575 1345 1645 1377 aut
1675 1352 1778 1378 anas

265 1412 301 1445 et
330 1420 503 1456 sequens
532 1409 686 1447 medias
714 1406 828 1459 (add.
848 1406 922 1446 Th.
943 1406 1203 1459 Momsenus)
1235 1419 1322 1446 cam
1352 1409 1492 1446 medio,
1555 1420 1646 1446 nam
1679 1410 1778 1447 duos

265 1477 429 1514 iunctim
474 1479 612 1515 locare
653 1479 829 1526 ineptam
872 1483 930 1515 est
971 1482 1009 1515 et
1051 1482 1133 1515 tres
1175 1488 1256 1515 ana
1296 1477 1404 1514 serie
1443 1487 1580 1515 merae
1628 1488 1774 1526 nayae.

266 1546 497 1593 diffinditar
538 1551 668 1584 [itatem
708 1558 789 1595 per
840 1558 1037 1584 caesuras
1085 1557 1242 1591 onmes,
1299 1557 1399 1593 qaas
1442 1546 1589 1593 recipit
1635 1557 1778 1584 versus

264 1615 476 1661 heroicas,
522 1616 739 1654 convenire
782 1621 822 1653 at
855 1616 989 1664 possit
1030 1619 1100 1653 aut
1127 1614 1456 1662 penthemimeris
1496 1625 1581 1652 cum
1620 1615 1776 1663 reliquo

263 1683 527 1730 anapaestico
559 1689 629 1722 aa(
661 1684 867 1722 trochaice
899 1695 986 1722 cam
1020 1684 1252 1731 posteriore
1291 1688 1494 1731 seymento
1525 1687 1595 1721 aut
1625 1688 1776 1731 septem

263 1752 488 1799 semipedes
525 1763 610 1790 cam
649 1753 912 1800 anapaestico
945 1752 1106 1790 chorico
1149 1756 1219 1789 aat
1258 1755 1341 1790 tres
1373 1753 1597 1800 semipedes
1630 1756 1668 1789 et
1707 1750 1775 1803 (tr.

262 1832 293 1858 s.
327 1825 364 1857 et
393 1831 473 1858 om.
497 1818 609 1872 cdd.)
642 1827 736 1869 post
763 1823 961 1870 dactylum
993 1825 1113 1869 atque
1144 1821 1383 1868 semipedem
1417 1820 1617 1868 quidquid
1647 1824 1775 1858 restat

263 1884 538 1928 hexametro'.
600 1901 746 1929 verum
780 1888 994 1928 enimvero
1026 1901 1104 1928 nec
1134 1887 1226 1940 ipse
1258 1887 1471 1927 Ausonius
1504 1889 1593 1926 tam
1626 1899 1773 1927 severe

263 1968 456 1996 normam
493 1956 680 2009 optinuit
721 1955 855 2009 (velut
896 1955 1029 1997 habet
1069 1955 1298 2008 aliquoties
1340 1955 1613 1996 continuatos
1652 1954 1776 1995 binos

262 2037 410 2064 versus
440 2024 650 2078 integros)
675 2029 717 2066 et
747 2024 881 2066 multo
912 2025 1052 2065 minus
1085 2024 1228 2065 ceteri.
1291 2024 1363 2077 qui
1393 2037 1445 2064 110
1475 2023 1580 2064 1111111
1603 2022 1776 2076 quidem

264 2092 455 2133 vitarunt
477 2098 593 2146 (nam
627 2107 826 2134 sensuum
858 2093 1043 2146 ineptias
1067 2094 1325 2146 praetereo),
1357 2091 1585 2145 nequando
1607 2091 1776 2145 longior

263 2160 392 2213 paulo
425 2162 512 2202 sive
546 2161 718 2203 brevior
748 2161 950 2203 evaderet
981 2165 1057 2203 aut
1086 2161 1247 2214 alioqui
1276 2160 1498 2202 laberetur
1529 2174 1688 2201 versus.

365 2229 464 2276 ‚Sed
497 2231 664 2271 omissis
706 2230 946 2284 plerisque,
989 2243 1100 2283 quae
1140 2243 1252 2270 nunc
1284 2229 1415 2270 Riesii
1446 2228 1776 2281 Schenkeliique

263 2297 523 2339 editionibus
575 2298 790 2340 habentur
841 2299 1000 2353 optime
1051 2298 1242 2347 reddita,
1293 2297 1461 2339 Hosidii
1506 2297 1775 2351 tragoediam

264 2366 451 2408 secundo
492 2368 673 2408 tertiove
714 2383 753 2421 p.
786 2368 882 2409 Chr.
915 2383 953 2408 11.
998 2367 1169 2409 saeculo
1213 2366 1439 2420 scriptam,
1482 2366 1602 2407 cuius
1644 2379 1776 2419 supra

263 2434 422 2476 iniecta
452 2437 670 2487 memoria,
703 2437 1025 2490 perlustremus.
1086 2448 1225 2489 neque
1259 2435 1369 2476 enim
1402 2434 1593 2475 dubitari
1620 2438 1774 2487 potest,

265 2504 367 2556 quin
398 2504 576 2546 Medeae
620 2504 769 2546 fabula
808 2505 919 2546 libro
960 2504 1259 2557 antiquissimo
1292 2503 1560 2544 Salmasiano
1604 2506 1774 2543 servata

264 2572 414 2613 eadem
456 2575 531 2623 sit,
579 2587 707 2626 quam
746 2573 908 2614 indicat
952 2573 1242 2614 Tertullianus
1286 2571 1311 2612 1.
1354 2585 1486 2625 supra
1525 2574 1773 2620 memorato,

263 2640 365 2681 licet
394 2641 437 2681 in
467 2641 540 2683 illo
572 2643 762 2683 auctoris
794 2657 948 2684 nomen
980 2655 1064 2682 11011
1094 2640 1318 2682 referatur.
1352 2664 1406 2671 —-
1436 2640 1569 2693 igitur
1602 2653 1774 2680 carmen

263 2709 344 2749 hoc
374 2709 569 2752 versibus
604 2711 700 2764 plus
733 2711 900 2752 CCCCL
938 2713 1139 2751 constans
1168 2709 1346 2750 Medeae
1380 2712 1422 2750 et
1451 2708 1616 2749 Iasonis
1648 2707 1772 2748 disci-

264 2777 380 2818 dium
415 2778 588 2820 heroico
619 2793 809 2829 numero,
842 2792 926 2832 quo
959 2777 1336 2819 sermocinantium
1370 2781 1517 2830 partes
1556 2776 1772 2817 continen-

263 2851 352 2896 tur⁷
397 2851 438 2887 et
469 2848 756 2900 paroemiaco,
800 2861 883 2900 quo
916 2847 1057 2895 chori,
1100 2845 1385 2899 persequitur.
1447 2845 1489 2885 in
1522 2843 1773 2885 adornanda

268 2920 411 2964 =autem
445 2915 594 2957 fabula
626 2916 815 2958 Senecae
838 2915 1034 2957 Medeam
1063 2914 1117 2956 ab
1142 2913 1320 2956 Hosidio
1355 2913 1626 2954 observatam
1657 2915 1772 2953 recte
