1898 3292
732 172 965 198 opvscvmm
989 173 1031 198 111
1555 163 1634 202 563

131 274 426 327 incuriaeque,
470 274 544 315 sed
584 273 740 314 rationi
779 277 819 313 et
852 273 1027 314 consilio
1059 273 1267 314 notissimi
1302 288 1497 315 versuum
1532 275 1635 315 Ver·

132 343 219 394 gilii
253 342 507 394 Horatiique
546 346 585 382 et
618 341 756 381 Ovidii
800 341 958 381 exitus:
1001 345 1175 392 exifflczcs
1203 355 1313 389 musy
1351 345 1508 383 ilicibus
1542 357 1636 393 sus,-

132 413 335 451 dlssiim'le's
355 414 436 459 8237
466 413 664 451 ridiculus
685 423 796 457 mus,-
827 412 1036 458 vulnificus
1057 424 1137 449 sus.
1189 409 1344 462 quibus
1375 410 1633 463 iungendum

131 479 259 518 etiam
302 478 438 530 magis
478 478 642 518 insuavi
684 491 786 518 sono
826 477 990 529 insigne
1028 477 1197 517 Horatii
1239 477 1343 518 illud
1384 492 1514 527 pares
1554 492 1635 525 rex,

129 547 230 587 item
266 546 475 587 Martialis
518 544 695 586 ‘Sabelle
728 542 848 586 belle'
888 545 998 599 [XIL
1033 548 1097 596 39,
1128 545 1191 599 4]‚
1236 545 1349 598 quod
1381 559 1513 598 genus
1544 560 1633 587 ver-

131 629 251 655 suum
277 615 423 656 Servio
458 618 564 655 teste
597 614 753 654 <licitur
786 613 1004 654 echoicum
1039 614 1225 668 [centim.
1252 614 1390 668 1826}
1437 628 1515 655 nec
1537 629 1635 656 vero

130 683 214 723 huc
244 683 461 737 pertinent
499 683 777 736 repetitiones
810 681 1038 723 verborum
1074 683 1262 723 oratorio
1291 682 1449 724 affectu
1481 683 1635 731 factae,

130 752 171 792 in
205 751 361 804 quibus
392 751 483 791 soni
517 751 757 804 aequalitas
790 751 951 791 maiore
985 750 1170 804 quadam
1195 752 1452 792 necessitate
1474 756 1634 805 tempe-

130 823 263 860 ratur.
334 819 486 872 quodsi
532 819 573 859 in
620 822 685 859 tot
726 819 896 860 milibus
938 833 1135 860 versuum
1183 833 1499 873 nonnumquam
1548 821 1636 860 sine

131 887 406 928 excusatione
439 900 566 928 sonus
599 891 641 928 et
674 887 839 927 aurium
872 887 988 940 leges
1020 888 1289 929 invenientur
1320 892 1483 942 spreta,
1521 888 1636 929 haud

130 955 256 997 facile
297 955 523 1009 quisquam
564 955 660 997 ideo
703 955 919 996 dubitabit
958 955 1009 995 de
1040 956 1198 1009 regulis
1230 970 1361 1010 supra
1390 957 1635 1010 propositis

244 1036 333 1077 Iam
367 1035 418 1077 de
445 1036 752 1077 allitteratione
785 1037 972 1089 (utemur
996 1037 1105 1077 enim
1129 1036 1336 1078 vocabulo
1360 1050 1442 1077 non
1465 1037 1634 1090 quidem

131 1104 323 1158 antiquo,
346 1104 420 1146 sed
439 1105 537 1146 olim
556 1105 747 1158 recepto)
771 1108 824 1155 et,
848 1104 961 1157 quod
978 1105 1274 1157 proximumst,
1292 1105 1636 1147 homoeoteleuto

129 1172 361 1214 videamus.

245 1253 386 1306 Atque
413 1252 597 1306 primum
628 1252 710 1293 hoc
741 1252 1013 1303 monendum,
1059 1267 1143 1306 quo
1187 1253 1389 1306 ambigua
1420 1253 1485 1294 vel
1526 1253 1636 1295 falsa

131 1320 429 1372 secludantur,
476 1324 703 1373 utramque
746 1319 925 1374 figuram
971 1325 1012 1362 et
1050 1322 1270 1374 propriam
1309 1321 1439 1362 fuisse
1482 1322 1636 1363 Roma-

130 1402 280 1430 norum
323 1390 561 1443 priscorum
605 1389 954 1442 Graecorumque
997 1393 1039 1429 et
1076 1389 1254 1430 eandem
1293 1389 1636 1440 vetustissimam,

131 1457 205 1498 sed
237 1457 446 1499 hactenus
478 1457 651 1499 differre
684 1471 763 1498 usu
796 1470 821 1497 a
856 1457 1144 1499 recentiorum
1174 1458 1429 1511 populorum
1453 1458 1636 1511 placitis,

131 1525 245 1579 quod
267 1526 382 1580 apud
403 1526 499 1567 illos
531 1530 596 1566 est
626 1525 854 1575 rhetorica,
887 1525 1002 1579 apud
1031 1525 1109 1566 hos
1141 1527 1322 1580 poetica.
1377 1541 1636 1581 quamquam

132 1594 472 1644 allitterationis,
512 1594 547 1635 si
589 1594 888 1647 antiquissima
927 1593 1240 1635 Germanorum
1286 1596 1506 1649 exceperis
1546 1610 1637 1636 car-

131 1662 246 1703 mina
287 1666 330 1704 et
372 1662 523 1704 horum
566 1662 852 1703 aemulatione
884 1662 1000 1703 facta
1031 1662 1241 1715 quaedam
1278 1667 1424 1704 nostro
1453 1665 1638 1709 saeculo,

131 1730 248 1771 velut
279 1729 521 1781 Rueckerti,
552 1730 810 1784 perexiguus
840 1730 921 1771 fuit
949 1745 1051 1772 usus
1082 1735 1130 1771 ut
1159 1731 1323 1784 figurae
1354 1733 1561 1785 poet-icae.

247 1813 307 1852 Ac
339 1810 391 1851 de
424 1810 732 1851 allitteratione
762 1809 934 1863 quidem
966 1810 1122 1851 Latina
1164 1814 1262 1864 post
1295 1811 1401 1852 alios
1430 1812 1638 1865 plurimos

131 1878 240 1919 dixit
270 1880 318 1919 A.
349 1878 540 1920 Naekius
573 1878 709 1919 Musei
738 1878 935 1919 Rhenani
976 1892 1026 1919 ea
1066 1882 1206 1932 parte,
1250 1893 1361 1932 quae
1402 1880 1563 1933 prodiit
1601 1895 1637 1921 a.

131 1946 461 1988 MDCCCXXIX
498 1947 583 2001 [pg.
618 1947 878 2001 324—4ls]‚
920 1947 1047 1988 solita
1087 1947 1258 1999 quidem
1299 1947 1370 1988 ille
1413 1948 1638 1999 industria,

132 2014 206 2056 sed
235 2028 319 2056 non
349 2015 527 2068 perinde
557 2019 762 2057 accurato
794 2029 895 2056 usus
929 2015 1098 2056 iudicio.
1148 2016 1251 2057 item
1282 2016 1334 2056 de
1365 2016 1514 2057 eadem
1542 2021 1640 2069 post

133 2083 363 2124 editionem
409 2083 596 2137 priorem
642 2083 741 2124 libri
788 2083 914 2124 huius
964 2088 1139 2137 praeter
1187 2084 1293 2125 alios
1343 2084 1639 2126 disseruerunt

132 2151 183 2192 H.
216 2151 425 2193 Iordanus
455 2151 636 2206 [observ.
669 2152 767 2205 ling.
797 2152 887 2193 Lat.
914 2165 949 2192 a.
971 2155 1078 2193 1879
1112 2153 1296 2207 emissis]
1330 2156 1371 2193 et
1405 2153 1449 2194 E.
1482 2153 1639 2194 Woelf-

131 2219 243 2260 linus
274 2219 401 2274 [actis
436 2219 625 2261 academ.
659 2219 900 2261 Monacens.
935 2234 970 2261 a.
1006 2221 1151 2275 1882],
1184 2220 1263 2261 viri
1296 2220 1542 2262 doctissimi.

247 2298 381 2340 Nobis
413 2312 523 2352 quae
555 2299 683 2352 digna
714 2300 919 2340 memoria
950 2299 1209 2351 viderentur,
1244 2300 1352 2342 haec
1382 2301 1514 2342 fuere.

247 2378 383 2431 Igitur
413 2378 568 2432 figura,
611 2379 663 2420 de
693 2393 779 2432 qua
811 2380 895 2420 iam
929 2383 1185 2433 exponetur,
1229 2384 1399 2421 constat
1431 2384 1639 2422 concentu

133 2447 258 2488 unius
304 2447 391 2487 sive
436 2447 622 2500 plurium
670 2447 914 2488 litterarum
966 2448 1272 2489 collocatarum
1318 2449 1442 2489 initio
1490 2449 1639 2490 verbo-

133 2529 227 2556 rum
268 2514 333 2555 vel
377 2514 604 2556 confinium
636 2515 701 2556 vel
744 2515 962 2557 breviculo
1006 2516 1233 2558 intervallo
1274 2517 1521 2558 distantium
1566 2521 1641 2558 aut

135 2585 250 2623 certe
291 2582 483 2624 radicum
529 2597 675 2625 eorum
720 2609 773 2613 -—
813 2598 911 2625 nam
948 2585 1074 2626 aliter
1104 2585 1255 2626 mediis
1286 2585 1327 2625 in
1360 2586 1535 2627 vocibus
1567 2586 1639 2626 ad-

134 2651 264 2692 missa
290 2651 542 2705 plerumque
571 2652 691 2692 fallet
723 2666 849 2693 aures
879 2677 950 2693 ——.
1010 2653 1077 2694 cui
1109 2654 1413 2694 contrariumst
1442 2654 1640 2695 homoeo—

134 2719 336 2760 teleuton.

250 2799 326 2840 His
372 2799 577 2840 orationis
619 2800 881 2841 ornamentis
930 2814 1023 2842 cum
1071 2815 1271 2842 sonorum
1310 2801 1424 2842 velut
1464 2802 1641 2843 vinculis

135 2866 275 2919 iugari
307 2867 472 2920 possint
504 2882 629 2908 sensu
659 2869 723 2908 vel
755 2869 878 2922 paria
911 2869 975 2909 vel
1007 2870 1236 2920 contraria,
1267 2870 1380 2922 quod
1412 2871 1642 2923 plurimum

1300 2937 1367 2971 36*
