1898 3292
818 192 944 216 INDEX
963 192 1003 217 11.
1581 183 1627 220 61
1639 182 1660 219 7

884 339 942 384 A.

273 432 488 474 ablativus
520 432 829 473 adiectivorum
860 435 902 472 et
933 431 1260 485 participiorum
1301 433 1456 473 tertiae
1486 435 1567 474 483
1601 446 1661 485 sq.

273 501 508 543 absconsus
541 505 634 543 577.
687 500 737 541 cf.
766 504 858 543 511.

273 570 508 612 abstemius
540 573 634 612 454.

274 653 325 680 ac
355 642 449 680 426.
480 642 559 680 502
593 652 652 691 sq.

274 711 476 749 accentus
507 707 648 760 gravis
686 707 728 747 in
769 706 1074 761 monosyllabis
1114 721 1191 760 per
1233 707 1494 748 rhetoricum
1537 706 1664 747 affec-

159 781 249 818 tum
280 790 513 830 numquam
545 778 736 816 mutatus
767 776 809 815 in
839 779 1012 816 acutum
1046 779 1139 816 341.

274 848 476 885 accentus
517 845 560 884 in
599 844 826 897 plusquam
872 844 1093 898 disyllabis
1133 844 1261 897 longa
1308 843 1575 897 paenultima
1624 848 1665 884 et

160 913 312 954 ultima
344 912 448 953 elisa
479 926 711 965 numquam
743 916 958 953 retractus
989 913 1031 953 in
1062 913 1236 953 tertiam
1269 927 1293 953 a
1327 912 1409 952 fine
1444 916 1536 952 341.

276 984 457 1022 accentu
487 981 715 1034 insignitae
746 981 914 1022 vocales
947 984 1173 1034 correptae
1206 981 1270 1021 vel
1300 975 1482 1021 omissae
1515 984 1609 1021 442.

275 1053 478 1090 accentus
510 1064 610 1089 num
644 1049 775 1090 faciat
807 1049 861 1090 ad
891 1050 1155 1103 quantitates
1187 1049 1415 1090 mutandas
1438 1050 1479 1090 in
1503 1050 1666 1090 Latinis

160 1122 369 1160 441—43.
420 1118 464 1158 in
496 1118 674 1159 Graecis
704 1121 798 1168 443,
832 1121 868 1158 4.

275 1190 529 1228 accentuum
559 1187 602 1227 in
628 1186 774 1239 lingua
804 1186 956 1227 Latina
987 1187 1176 1227 rationes
1211 1190 1291 1228 467
1322 1202 1412 1240 sqq.
1447 1188 1667 1235 (accentus

163 1256 303 1309 gravis
340 1259 434 1296 467.
496 1258 698 1296 accentus
729 1255 771 1295 111
814 1255 1136 1308 pronominibus
1170 1255 1235 1297 vel
1276 1256 1499 1308 particulis
1541 1255 1668 1308 disyl-

161 1324 271 1365 labis
294 1328 388 1365 467.
441 1327 643 1364 accentus
675 1337 907 1376 numquam
939 1323 1053 1364 ultra
1086 1323 1293 1377 syllabam
1326 1338 1350 1364 a
1380 1324 1463 1364 fine
1495 1324 1667 1364 tertiam

162 1393 366 1434 recedens
411 1393 453 1432 in
497 1392 638 1433 verbis
684 1393 911 1446 plusquam
958 1392 1264 1446 monosyllabis
1312 1406 1390 1433 nec
1434 1394 1475 1433 in
1518 1392 1669 1433 ultima

163 1461 400 1503 subsistens
432 1465 607 1515 praeter
639 1461 933 1515 monosyllaba
964 1465 1058 1511 467,
1082 1466 1118 1503 8.
1172 1461 1333 1502 nullum
1357 1462 1532 1502 verbum
1566 1460 1668 1501 duo-

161 1530 242 1572 bus
266 1530 515 1571 accentibus
539 1530 699 1571 elatum
723 1533 901 1583 excepto
925 1530 1096 1583 quando
1119 1530 1167 1571 fit
1195 1530 1340 1571 tmesis
1373 1533 1466 1571 468.
1520 1543 1668 1570 accen-

163 1603 233 1640 tus
270 1600 313 1639 in
344 1598 486 1640 verbis
526 1599 906 1653 proparoxytonis,
947 1599 1246 1653 paroxytonis,
1279 1598 1670 1652 properispomenis

163 1672 257 1709 468.
310 1671 512 1708 accentus
545 1671 643 1708 ante
676 1667 884 1721 syllabam
916 1667 1143 1720 principali
1174 1671 1275 1708 tono
1297 1667 1542 1720 insignitam
1575 1669 1669 1707 468.

163 1736 214 1776 cf.
248 1739 340 1777 242.
403 1739 605 1777 accentus
638 1735 936 1776 circumflexus
968 1739 1050 1777 468
1083 1737 1174 1789 sq).

277 1808 491 1858 acceptor.
554 1805 793 1857 acceptoris
827 1808 920 1845 477.

278 1873 431 1914 Accius
464 1877 499 1913 7.
533 1876 597 1914 60.
634 1876 699 1923 62,
733 1876 768 1913 3.
803 1877 867 1915 85.
908 1873 1022 1914 alibi.
1076 1873 1230 1914 Accius
1268 1873 1490 1913 doctrinae
1521 1886 1670 1913 versus

164 1943 347 1984 saturnii
369 1945 520 1983 auctor
554 1945 619 1983 63.
673 1955 722 1982 eo
744 1956 846 1983 usus
878 1946 920 1982 et
949 1942 1040 1995 ipse
1074 1945 1137 1983 63.
1191 1941 1457 1982 Graecarum
1480 1940 1671 1981 finalium

164 2025 312 2053 amans
344 2014 408 2052 63.
441 2013 535 2052 487.
569 2014 662 2052 488.

278 2080 398 2120 Accii
429 2079 568 2120 studia
601 2079 780 2120 metrica
812 2082 862 2119 62
898 2093 958 2132 sq.

278 2148 433 2189 Accius
465 2162 542 2188 em.
573 2151 666 2189 295.
700 2151 792 2189 550.

279 2216 550 2258 accusativus
583 2215 774 2257 Graecus
809 2220 901 2257 516.

278 2285 521 2338 acipensem
552 2288 647 2326 477.

279 2367 388 2394 acua
422 2357 516 2396 308.
550 2356 642 2395 309.

280 2421 460 2463 adfatim
491 2425 586 2463 442.
637 2421 687 2463 cf.
720 2425 814 2464 468.

281 2490 494 2531 adiectiva
527 2505 621 2531 cum
653 2491 932 2532 substantivis
964 2491 1111 2532 iuncta
1143 2494 1235 2531 278.

280 2559 492 2600 adiectiva
524 2573 575 2600 ex
607 2559 848 2600 nominibus
878 2563 920 2600 et
942 2559 1083 2601 verbis
1112 2559 1350 2613 composita
1382 2562 1474 2599 243.
1505 2562 1583 2599 481
1611 2571 1671 2610 sq.

282 2627 495 2669 adiectiva
526 2642 578 2669 ex
608 2628 850 2669 nominibus
888 2632 930 2668 et
962 2628 1103 2669 verbis
1144 2628 1382 2680 composita
1423 2641 1501 2680 per
1539 2630 1673 2667 meta-

165 2696 378 2749 plasmum
407 2709 486 2750 pro
518 2710 586 2737 -ns
618 2696 850 2737 adsumunt
872 2711 940 2737 -us
963 2697 1029 2737 vel
1051 2711 1128 2737 -er.
1188 2697 1292 2737 item
1315 2699 1507 2736 extrema
1529 2698 1673 2736 aetate

166 2778 241 2805 -ax
272 2768 356 2806 480
389 2778 449 2817 sq.

283 2833 495 2874 adiectiva
527 2833 743 2886 geminata
776 2837 868 2875 278.

282 2902 496 2944 adiectiva
526 2903 570 2944 in
600 2916 707 2955 -eus,
739 2917 808 2944 -us
840 2903 1041 2944 exeuntia
1074 2905 1167 2944 327.
