1898 3292
734 257 854 281 LIBER
873 257 1061 288 QVARTVS.
1572 254 1593 290 2
1601 254 1622 291 9
1629 256 1651 291 5

145 372 293 412 peram
326 358 578 399 Consentius
619 360 698 413 [gr.
730 359 755 399 l.
788 360 834 409 V,
868 363 969 411 3873
1003 361 1105 414 392]
1146 362 1300 402 asserit
1342 362 1528 404 barbare
1569 363 1652 405 dici

145 427 269 480 vulgo
302 430 458 477 coperil
490 441 569 480 pro
601 431 745 478 operit,
778 427 940 469 scilicet
961 442 1045 470 non
1067 428 1296 480 intellecto,
1330 431 1401 483 qui
1434 431 1489 472 sit
1511 435 1652 473 ortum

143 494 257 536 istud
289 495 555 546 vocabulum,
589 495 703 548 quod
736 499 778 537 et
801 496 984 537 Gellium
1017 497 1087 552 [IL
1113 500 1175 548 17,
1202 497 1244 551 7]
1276 497 1430 539 fefellit
1461 503 1503 540 et
1532 500 1650 542 alios.

144 562 296 604 deinde
328 562 554 604 Lucretius
588 563 717 604 etiam
749 564 895 617 posuit
935 565 990 619 [1,
1023 569 1103 606 977
1119 581 1127 616 3
1158 565 1237 616 III,
1268 567 1368 620 862]
1404 571 1578 617 probeat
1609 573 1652 610 et

135 634 283 681 probel
306 635 348 672 et
372 636 492 683 slulat
513 632 604 686 [HL
631 633 741 687 189]
792 636 1021 686 praeterea
1044 638 1161 675 desse
1187 637 1230 674 et
1262 638 1438 676 clerrclre
1469 636 1539 690 [cf.
1560 637 1648 678 Vel.

143 700 272 754 2227]
307 700 523 741 constanti
555 714 723 754 semper
753 715 833 742 usu
865 701 1034 742 dicitur.
1096 702 1255 756 quippe
1287 707 1403 744 [lesse
1434 705 1651 757 geminata

143 782 164 808 e
203 767 277 808 ubi
317 771 505 821 ponatur
546 782 757 822 nusquam
790 769 931 811 inveni
962 774 1137 823 praeter
1168 784 1299 811 unum
1330 785 1499 813 versum
1532 774 1649 828 ryth-

141 836 297 877 micum
339 836 523 890 [Daniel.
556 837 591 887 I,
627 840 723 888 102,
760 838 828 892 12]
878 836 1011 879 ‘abesl
1053 842 1188 887 limus,
1231 843 1342 879 deest
1377 845 1519 889 lineus,
1564 846 1649 883 lues

140 909 252 945 nulla
284 902 507 946 eernllur’.
569 905 721 946 deinde
750 906 861 947 sicut
891 920 969 960 pro
1007 910 1167 947 chortes
1200 906 1400 948 dixerunt
1432 908 1504 949 alii
1537 924 1648 951 coer-

141 981 212 1022 les,
253 973 316 1014 ita
357 976 602 1014 coartantes
644 973 858 1015 disiuncta
889 979 1074 1016 coherces
1105 975 1231 1028 vulgo
1262 977 1650 1029 promintiaverunt

140 1048 271 1082 corles
301 1041 409 1096 [Vel.
434 1042 576 1095 2234}
637 1056 766 1095 porro
804 1050 1018 1084 coneslare
1058 1043 1166 1084 dixit
1198 1044 1353 1085 Accius
1389 1044 1470 1086 hoc
1501 1060 1648 1088 versu:

344 1139 412 1171 pro
437 1139 475 1161 se
502 1128 654 1171 quisque
681 1140 763 1161 cum
790 1140 927 1162 corona
953 1129 1091 1162 clarum
1118 1132 1287 1164 conestat
1312 1133 1434 1174 caput.

138 1216 235 1253 nam
266 1201 519 1242 traditumst
549 1202 787 1255 antiquitus
816 1209 974 1243 eonslal
1006 1203 1071 1244 vel
1103 1210 1298 1245 conectat.

251 1270 342 1310 Iam
363 1283 636 1324 exponemus,
659 1284 871 1323 quaenam
894 1271 936 1311 in
960 1271 1264 1313 contrahendis
1286 1272 1370 1313 illis
1392 1277 1500 1322 mihi,
1533 1277 1646 1323 nihil,

130 1342 361 1389 prehendo,
394 1342 616 1387 vehemens,
649 1343 878 1380 mehercule
900 1339 1005 1393 (sive
1027 1342 1295 1394 mehercules)
1318 1341 1552 1394 optinuerit
1573 1342 1646 1383 ob-

138 1407 366 1447 servantia.
429 1410 470 1447 et
504 1411 716 1457 prehendo
749 1407 921 1460 quidem
955 1422 1005 1448 ac
1030 1413 1194 1458 prendo
1228 1412 1371 1450 utrum
1403 1410 1646 1463 promiscue

136 1474 413 1516 adhibuerint
461 1475 647 1515 scaenici
695 1489 748 1516 an
793 1475 967 1517 exclusa
1010 1476 1149 1517 forma
1189 1476 1403 1530 longiore,
1456 1478 1644 1519 nondum

136 1546 204 1584 sat
233 1546 412 1584 constat.
465 1542 665 1597 dactylici
696 1546 880 1597 utraque
911 1545 978 1585 usi
1010 1548 1119 1595 sunt,
1152 1545 1226 1586 sed
1257 1546 1402 1599 potius
1434 1546 1642 1588 breviore.

136 1614 179 1652 et
210 1625 338 1664 saepe
366 1611 408 1652 in
441 1611 689 1665 compositis
719 1612 971 1666 trisyllabae
1003 1626 1156 1666 parum
1190 1613 1272 1654 fuit
1301 1613 1396 1655 loci.
1449 1628 1471 1655 e
1503 1629 1643 1667 gram-

135 1679 316 1731 maticis,
348 1680 421 1732 qui
453 1679 622 1721 diversa
653 1680 843 1731 tradunt,
877 1681 1023 1722 Velius
1058 1680 1205 1737 [22293
1230 1682 1356 1738 2234]
1392 1685 1434 1723 ct
1456 1684 1645 1725 Scaurus

138 1747 284 1803 [2256]
319 1747 526 1789 damnant
565 1748 780 1789 adiectum
824 1749 1032 1802 spiritum.
1094 1753 1139 1790 at
1170 1750 1277 1791 illud
1306 1755 1515 1792 vehemens
1548 1767 1644 1793 cum

134 1816 434 1857 Lachmannus
473 1820 602 1870 neget
646 1817 828 1870 reperiri
872 1817 1091 1859 distractis
1130 1818 1304 1872 syllabis
1335 1819 1475 1872 prima
1506 1823 1642 1861 etse-

135 1884 275 1925 cunda
325 1887 500 1938 praeter
549 1884 957 1940 hendecasyllabum
1000 1886 1054 1927 M.
1102 1886 1266 1927 Aurelii
1313 1887 1509 1928 Caesaris
1559 1887 1641 1944 [ap.

133 1953 335 1994 Fronton.
367 1966 435 2006 pg.
460 1956 513 1995 30
543 1953 606 1994 ed.
634 1953 795 2010 Naber]
842 1953 933 1995 ‘nos
967 1958 1056 1995 isle'e
1088 1959 1340 1995 vehementer
1371 1954 1642 2005 (leslummls’,

133 2018 212 2062 ne'c
235 2021 328 2075 ipse
349 2021 435 2062 alia
455 2022 651 2075 exempla
666 2022 806 2063 inveni
829 2026 1008 2076 excepto
1027 2037 1111 2064 uno
1128 2023 1351 2064 Prudentii
1376 2022 1641 2080 [p.st.ss,20]:

339 2108 561 2151 praeceptor
586 2107 782 2142 vehemens
808 2108 927 2142 eundo
954 2108 1084 2142 firmat.

132 2180 364 2222 verendum
395 2184 558 2232 tamen,
598 2196 651 2222 ne
690 2181 864 2235 quidam
904 2182 948 2223 id
981 2185 1175 2223 statuant
1207 2196 1309 2223 casu
1341 2196 1434 2224 esse
1466 2183 1641 2235 factum,

134 2263 394 2303 quamquam
432 2249 587 2290 asserit
617 2250 762 2291 Velius
807 2264 901 2291 cum
946 2251 1109 2291 Scauro
1152 2251 1420 2292 emendatius
1463 2251 1547 2293 dici
1579 2266 1640 2293 ee-

133 2332 256 2359 mens.
320 2317 503 2370 denique
533 2321 762 2360 mehercule
792 2318 931 2360 tribus
964 2318 1140 2373 syllabis
1185 2319 1344 2360 elatum
1386 2320 1532 2373 posuit
1562 2320 1640 2361 Ca-

132 2385 263 2427 tullus
295 2385 376 2442 [38,
409 2385 450 2442 2]
464 2401 472 2427 :

338 2471 468 2505 malest
491 2471 653 2505 mercule
680 2474 717 2505 et
742 2474 797 2505 cst
820 2472 1013 2506 laboriose.

134 2546 202 2586 cui
234 2544 401 2586 accedit
421 2544 657 2597 Phaedrus,
689 2544 804 2599 apud
836 2560 961 2599 quem
993 2547 1153 2600 ubique
1184 2547 1400 2588 invenitur
1429 2551 1639 2596 mercules,

133 2613 248 2667 quod
279 2613 408 2654 etiam
440 2627 466 2653 a
495 2613 619 2654 nobis
650 2614 942 2655 restitutumst
973 2614 1059 2655 fab.
1092 2615 1183 2656 Per.
1220 2619 1283 2666 12,
1319 2619 1355 2656 3.

247 2681 337 2721 Iam
367 2680 472 2721 illud
503 2684 623 2730 nihil,
663 2681 778 2734 quod
818 2696 896 2735 pro
940 2683 1103 2736 origine
1136 2683 1368 2736 aliquando
1402 2682 1456 2723 ab
1489 2682 1639 2723 Ovidio

135 2749 375 2790 adhibitum
397 2749 580 2790 iambico
601 2749 688 2790 iam
709 2751 854 2791 monui
875 2750 918 2790 in
940 2751 1203 2804 prohoemio,
1235 2751 1362 2804 plane
1384 2753 1433 2791 ut
1458 2754 1638 2799 nihilum,

135 2821 263 2866 nihili,
295 2820 433 2865 nihile,
468 2830 637 2870 semper
670 2821 775 2870 puto
799 2819 1136 2860 contractionem
1168 2833 1343 2872 passum
1374 2818 1489 2871 apud
1521 2832 1639 2859 scae-

134 2886 270 2936 nicos,
311 2888 379 2935 ut,
420 2884 556 2925 sicubi
594 2884 780 2926 diductis
823 2890 1053 2927 occurrant
1082 2886 1293 2927 voeabula
1335 2886 1420 2927 ista
1451 2886 1639 2940 syllabis,

136 2952 376 3008 exemplum
398 2952 464 2994 vel
486 2955 735 3007 corruptum
768 2954 1005 2996 existimem
1028 2954 1093 2995 vel
1124 2954 1441 3009 interpolatum.
1493 2969 1639 2996 verum
