1898 3292
751 215 870 239 LIBER
888 214 1044 239 Plevs.
1601 204 1650 242 57

147 319 268 360 tinua
295 318 537 371 neglectum
568 316 743 358 incuria.
798 316 912 357 hunc
939 318 1270 369 praecesserunt
1291 318 1444 368 poetae
1467 314 1653 367 plurimi,

147 388 183 430 si
214 401 298 429 non
330 386 486 440 magni,
519 389 634 427 certe
666 400 749 426 11011
777 384 1038 439 paenitendi,
1070 384 1142 425 ille
1175 398 1286 425 anno
1319 387 1551 436 antequam
1574 381 1655 423 fuit

147 460 286 508 natus,
317 456 503 510 primum
534 454 673 496 Tullio
706 457 816 495 teste
846 453 1039 494 fabulam
1075 452 1223 494 docuit
1253 452 1408 493 Livius.
1471 450 1654 504 denique

148 524 403 579 Klopstokio
435 523 557 565 licuit
584 522 650 565 vel
672 522 806 564 malos
829 535 976 564 versus
999 535 1094 563 011111
1116 534 1326 575 prospera
1348 534 1422 574 spe
1445 519 1654 570 emittere,

148 594 350 638 barbaris
391 592 555 635 scilicet
594 590 838 633 hominibus
880 590 1135 641 destinatos,
1176 590 1248 643 qui
1287 589 1460 630 minime
1498 587 1655 630 Graeci

149 678 225 706 seu
255 661 396 704 Latini
425 661 664 703 hexametri
707 659 914 701 callerent
949 659 1219 713 elegantiam,
1251 657 1366 700 nullo
1398 656 1655 711 quantitatis

150 731 412 788 syllabarum
436 730 501 772 vel
518 729 662 771 hiatus
685 742 811 771 sensu
840 727 1040 783 praediti,
1072 728 1146 769 sed
1179 727 1324 781 digitis
1356 728 1656 780 computantes

149 814 361 852 numeros,
396 799 555 853 quique
587 798 722 840 oculis
753 797 889 851 magis
917 811 1046 851 quam
1080 796 1258 838 auribus
1288 795 1422 837 libros
1453 797 1656 844 tererent,

150 869 313 911 Ennius
343 867 572 922 temptavit
592 866 797 908 iudicium
820 866 959 919 gentis
983 879 1244 919 quamquam
1266 864 1385 906 rudis
1407 878 1491 905 non
1512 866 1657 905 tamen

150 937 386 992 degeneris.
458 936 691 989 degeneres
739 935 851 977 0111111
894 934 948 976 ab
993 938 1086 975 arte
1128 934 1308 975 metrica
1350 936 1542 974 veterum
1585 945 1656 972 eos

150 1009 317 1049 tantum
358 1004 690 1054 nominabimus,
734 995 891 1057 quiin
928 1003 1122 1045 versibus
1162 1001 1401 1056 pangendis
1429 1000 1659 1055 prosodiae

150 1075 312 1117 nullam
333 1074 579 1116 habuerunt
601 1073 824 1124 rationem,
846 1072 889 1114 id
912 1072 1028 1126 quod
1048 1072 1233 1126 primum
1257 1070 1427 1113 saeculo
1450 1085 1489 1124 p.
1505 1069 1600 1111 Chr.
1622 1083 1658 1109 11.

152 1145 288 1186 altero
320 1143 471 1185 evenit.

264 1212 414 1266 Neque
444 1215 589 1253 tamen
621 1210 877 1252 crediderim
909 1210 1112 1252 statuisse
1134 1209 1318 1251 Ennium
1341 1206 1658 1250 subsistendum

151 1283 195 1324 in
227 1282 287 1323 eis
319 1294 429 1335 quae
459 1280 551 1335 ipse
583 1282 816 1322 novaverat
846 1293 984 1332 neque
1007 1279 1137 1332 digna
1168 1292 1259 1320 esse
1290 1277 1530 1319 imitatione
1561 1275 1660 1330 lyri—

154 1365 300 1393 corum
333 1353 567 1391 metrorum
597 1349 817 1402 pleraque.
879 1348 964 1389 alia
995 1348 1107 1389 enim
1138 1346 1345 1389 sermonis
1377 1345 1537 1396 Latini,
1576 1344 1662 1385 alia

153 1419 375 1461 Teutonici
391 1419 520 1468 >ratio.
573 1417 648 1459 sed
671 1418 906 1471 quaeritur,
940 1431 1016 1458 cur
1038 1416 1232 1458 sotadico
1263 1429 1440 1457 numero
1472 1428 1574 1456 usus
1607 1414 1662 1454 sit

152 1488 278 1530 idem.
338 1487 420 1529 hoc
455 1488 499 1529 in
531 1486 635 1528 Sota
671 1489 849 1540 propter
881 1486 1107 1527 materiam
1138 1485 1239 1527 libri
1268 1488 1310 1526 et
1333 1483 1489 1526 Graeci
1521 1495 1661 1524 exem-

152 1557 287 1612 plaris
318 1556 601 1598 imitationem
642 1555 804 1597 factum
843 1558 1036 1609 apparet.
1098 1558 1143 1596 at
1184 1553 1289 1595 alibi
1327 1553 1499 1595 lusuum
1532 1565 1662 1605 quen-

155 1626 253 1668 dam
285 1639 336 1667 ac
366 1624 621 1667 facetiarum
653 1637 882 1678 arguemus
915 1637 1117 1675 amorem,
1151 1637 1176 1665 a
1198 1636 1282 1677 quo
1303 1621 1476 1663 minime
1499 1621 1663 1662 alienus

154 1695 237 1737 fuit
265 1694 349 1736 ille.

270 1763 503 1805 Praeterea
533 1763 577 1804 in
603 1762 726 1804 libris
758 1762 848 1803 eius
879 1776 962 1803 non
994 1761 1201 1803 scaenicis
1231 1760 1506 1802 inveniuntur
1528 1759 1663 1800 solum

157 1832 315 1875 senarii
345 1829 519 1873 iambici
541 1835 583 1873 et
604 1830 815 1872 trochaici
837 1830 1081 1885 septenarii.
1137 1830 1252 1884 quod
1274 1843 1326 1870 ne
1349 1842 1452 1870 casu
1474 1827 1665 1869 evenisse

157 1905 408 1952 statuamus,
441 1903 484 1942 et
508 1914 685 1942 numero
707 1899 1045 1954 fragmentorum
1072 1899 1190 1941 haud
1210 1900 1272 1940 ita
1292 1911 1426 1952 parvo
1450 1900 1492 1939 et
1513 1896 1665 1938 Lucilii

159 1973 486 2023 ceterorumque
517 1970 711 2011 Varrone
744 1969 937 2023 priorum
975 1972 1203 2023 poetarum
1233 1971 1428 2009 vetamur
1459 1964 1664 2019 exemplo.

269 2038 407 2092 Igitur
438 2041 621 2092 apparet
651 2037 830 2079 diversis
861 2040 991 2091 atque
1024 2037 1131 2079 adeo
1165 2036 1393 2079 contrariis
1424 2033 1666 2076 rationibus

159 2121 259 2149 usos
289 2107 333 2147 in
363 2105 511 2148 metris
542 2105 798 2148 adhibendis
831 2106 1050 2148 scaenicos
1082 2109 1124 2147 et
1156 2104 1409 2160 dactylicos,
1442 2104 1515 2157 qui
1545 2102 1667 2144 fuere

157 2189 294 2229 usque
325 2174 380 2216 ad
411 2175 664 2229 Augustum.
714 2188 812 2216 nam
845 2189 940 2216 cum
972 2189 1022 2216 ex
1054 2174 1138 2216 illis
1169 2173 1445 2223 vetustiores,
1476 2171 1520 2213 id
1552 2169 1667 2224 quod

159 2244 303 2286 Plauti
324 2244 508 2285 maxime
538 2243 750 2297 probatur
782 2243 955 2295 fabulis,
984 2243 1223 2285 diversitati
1252 2241 1477 2284 studerent
1509 2242 1666 2281 metro-

160 2328 267 2365 rum,
288 2327 373 2355 11011
392 2312 572 2366 perinde
593 2312 872 2354 rotunditatis
894 2326 1170 2354 numerorum
1193 2315 1235 2353 et
1256 2315 1438 2353 naturae
1461 2307 1668 2351 sermonis

161 2381 303 2423 Latini
333 2381 486 2423 habita
514 2381 700 2432 ratione,
732 2381 994 2423 recentiores
1025 2381 1080 2423 ad
1112 2381 1377 2435 sapientiora
1407 2381 1668 2427 convertere⁷

160 2453 209 2492 ut
239 2450 440 2501 Terentii,
471 2450 656 2492 hominis
687 2450 988 2504 perelegantis,
1022 2450 1090 2491 cui
1111 2450 1303 2504 praeisse
1334 2448 1446 2489 viam
1474 2445 1669 2500 suspicor

162 2518 406 2570 Caecilium,
436 2522 610 2573 poetam
640 2519 743 2560 item
772 2519 990 2573 suptilem,
1022 2518 1271 2560 declaratur
1303 2515 1508 2569 exemplo.
1570 2527 1669 2554 nam

161 2587 198 2629 is
237 2601 375 2641 paene
415 2587 516 2629 solis
560 2587 748 2628 numeris
788 2587 983 2629 iambicis
1022 2601 1072 2628 ac
1097 2586 1330 2628 trochaicis
1364 2599 1477 2627 usus.
1538 2582 1670 2635 igitur

164 2655 278 2709 quod
325 2669 409 2697 non
447 2656 563 2697 intra
602 2656 820 2697 trimetros
861 2655 1145 2707 substitisset,
1185 2655 1330 2710 paullo
1372 2650 1669 2694 inclementius

162 2724 376 2778 increpuit
407 2724 694 2775 Quintilianus
726 2724 795 2779 [X,
830 2728 864 2775 1,
897 2725 981 2778 99].
1043 2724 1163 2765 0111115
1205 2723 1376 2777 quidem
1411 2720 1543 2762 verba
1586 2733 1669 2760 11011

163 2795 331 2833 tantum
364 2792 416 2834 de
448 2793 616 2834 senario
649 2792 833 2834 iambico
862 2792 1167 2846 intellegenda,
1209 2791 1283 2833 sed
1327 2791 1456 2832 etiam
1490 2788 1542 2830 de
1575 2802 1668 2842 sep-

164 2861 330 2902 tenario
361 2860 581 2902 trochaico
612 2860 836 2914 probabile
868 2861 974 2902 facit
1015 2861 1125 2902 alter
1156 2859 1346 2902 eiusdem
1376 2858 1496 2900 locus
1535 2857 1604 2912 [X,
1631 2860 1668 2907 4,

168 2929 290 2987 140]:
327 2928 388 2971 ‘at
418 2933 484 2971 ille
516 2933 689 2972 comicus
720 2944 848 2981 aeque
868 2933 1072 2980 senarius,
1106 2943 1219 2980 quem
1243 2930 1490 2969 {romaicum
1512 2932 1667 2975 vocant,
