1898 3292
706 235 826 258 LIBER
845 233 1034 264 QVARTVS.
1541 223 1618 260 281

116 340 159 380 in
199 338 391 380 confiniis
422 338 648 378 verborum
690 351 839 389 pai-uin
887 335 1130 388 frequentes
1170 334 1363 387 adeoque
1401 334 1622 387 aliquanto

116 408 342 462 pauciores
384 422 511 460 quam
549 405 749 460 permulti
784 421 805 445 e
838 403 1114 457 sequentibus
1158 403 1400 457 dactylicis,
1444 403 1496 444 de
1539 416 1624 456 qua

117 490 163 516 re
193 479 236 517 et
267 476 380 516 infra
415 475 599 524 dicetur,
642 473 685 514 id
730 486 991 526 quamquam
1022 485 1106 512 non
1139 471 1228 512 sine
1261 471 1525 512 Graecorum
1558 485 1623 512 re-

118 547 268 597 spectu
298 544 535 593 instituisse
567 541 875 584 existimandus
908 545 990 585 est,
1032 544 1176 580 tamen
1216 553 1300 581 non
1331 539 1505 580 admisit
1534 539 1623 580 sine

117 612 311 665 exemplo
334 612 497 652 Latino.
549 625 647 652 nam
681 614 723 650 et
754 610 796 650 in
820 609 925 650 Livii
948 608 1184 661 Naeviique
1207 607 1468 649 carminibus
1492 607 1623 661 epicis

117 694 378 734 quamquam
409 684 458 721 ut
486 679 752 732 longioribus
773 678 1046 719 inveniuntur
1067 677 1212 730 plures
1235 676 1474 718 collisiones
1496 689 1622 716 voca-

116 749 219 790 lium
252 763 379 802 quam
421 749 463 789 in
496 748 671 798 ceteris,
716 761 826 800 quae
869 750 1036 791 extant,
1080 745 1365 786 monumentis
1407 744 1624 794 saturniis,

116 822 258 859 tamen.
298 817 432 859 multo
475 817 614 858 minor
652 819 717 857 est
757 829 959 856 numerus
1006 827 1134 867 quam
1181 813 1296 868 apud
1338 813 1537 854 Plautum
1584 815 1627 854 et

117 886 374 927 Terentium.

231 954 391 996 Contra.
422 967 654 1006 sanequam
684 951 953 1006 probabilest
983 952 1025 992 in
1065 949 1327 991 carminibus
1356 949 1486 991 metri
1519 949 1628 990 anti-

118 1023 311 1076 quissimi
342 1022 574 1063 levioribus
612 1025 655 1062 et
695 1021 871 1074 propius
915 1019 1220 1061 accedentibus
1263 1018 1317 1059 ad
1350 1017 1626 1067 comoediam,

119 1096 166 1133 ut
193 1094 301 1145 puta
327 1090 603 1132 Fescenninis
635 1094 677 1131 et
709 1088 936 1139 Atellanis,
974 1087 1153 1129 eandem
1184 1086 1249 1128 vel
1281 1086 1462 1128 similem
1495 1085 1627 1127 fuisse

119 1160 307 1202 elisionis
339 1159 405 1200 vel
437 1159 638 1213 synizesis
670 1157 957 1211 frequentiam
989 1156 1306 1209 licentiamque.

232 1229 309 1269 His
340 1227 586 1281 praemissis
615 1226 720 1268 nihil
752 1226 908 1276 obstat,
942 1225 1043 1278 quin
1066 1224 1256 1278 singulas
1280 1223 1627 1265 concurrentium

117 1298 278 1338 interse
309 1296 518 1338 vocalium
561 1295 699 1348 leges,
741 1294 889 1347 quales
927 1307 999 1334 ore
1031 1293 1223 1334 Romano
1266 1296 1365 1333 sunt
1405 1291 1628 1342 formatae,

117 1379 439 1419 persequamur.
500 1364 620 1418 prius
664 1363 715 1404 de
755 1363 876 1403 hiatu
919 1376 1003 1403 uno
1035 1361 1166 1402 verbo
1206 1364 1430 1402 constante
1462 1363 1627 1413 agetur.

233 1434 427 1486 Itaque
465 1433 691 1486 primum
736 1431 964 1473 omnium
1007 1444 1105 1471 non
1148 1430 1284 1471 licet
1316 1429 1626 1470 coeuntium

120 1503 227 1544 sine
260 1515 497 1543 consona
527 1500 703 1542 media
735 1499 1069 1554 syllabarum
1098 1499 1336 1553 priorem
1369 1511 1486 1539 esse
1517 1511 1628 1551 pro-

120 1571 354 1619 ductam,
384 1571 521 1611 licet
551 1569 930 1624 posteriorem.
983 1581 1146 1622 porro
1178 1581 1273 1621 pro
1305 1566 1629 1607 diversitate

121 1654 372 1682 sonorum
413 1639 616 1688 evenit,
658 1636 1019 1678 continuandi
1061 1649 1179 1677 sese
1223 1639 1274 1676 et
1313 1634 1629 1689 excipiendi

120 1709 275 1750 varia
306 1711 362 1749 ut
389 1707 525 1749 insit
553 1706 841 1747 vocalibus
873 1705 1130 1746 facultas.
1194 1704 1394 1758 quippe
1425 1703 1625 1757 partim

120 1790 424 1830 numquam,
456 1776 654 1830 partim
688 1775 973 1816 rarissime
1005 1788 1029 1814 α
1068 1773 1203 1814 velo
1235 1787 1346 1814 cum
1376 1772 1630 1826 qualibet

121 1845 297 1886 vocali
327 1844 664 1898 insequenti,
699 1858 719 1884 e
753 1858 859 1884 cum
892 1842 1072 1883 altera
1104 1856 1125 1883 e
1157 1842 1403 1895 componi
1437 1841 1627 1882 solent.

120 1914 406 1969 proximae
437 1913 882 1954 inconcinnitate
914 1910 1185 1952 accedunt
1214 1910 1435 1951 iunctae
1468 1913 1525 1957 2'2',
1559 1913 1627 1958 iu,

122 1987 193 2033 ui,
234 1997 316 2032 uu,
354 1983 433 2023 ita
473 1981 708 2035 quidem,
750 1984 806 2021 ut
836 1993 969 2033 quas
1000 1979 1173 2032 primo
1206 1982 1257 2019 et
1284 1982 1482 2032 quarto
1510 1977 1629 2019 loco

121 2051 279 2106 posui
325 2050 575 2092 deterius
621 2052 918 2090 nectantur
964 2061 1117 2101 quam
1163 2046 1384 2088 mediae.
1457 2060 1630 2099 neque

122 2120 300 2161 refert
338 2118 737 2172 inelegantiae,
782 2117 826 2157 si
863 2130 923 2157 ex
966 2115 1244 2169 coiugatis
1276 2115 1359 2156 his
1391 2128 1631 2155 consona

123 2189 196 2230 sit
227 2188 420 2229 altera.
460 2187 733 2228 minimum
766 2184 972 2226 habent
1002 2184 1335 2238 asperitatis
1369 2197 1439 2231 ea,
1472 2186 1529 2231 ei,
1563 2197 1629 2232 eo,

124 2272 203 2306 eu,
240 2261 309 2306 ἱα,
350 2260 417 2305 ie,
456 2260 523 2304 ἑο,
553 2270 638 2303 ua,
672 2269 751 2303 ue,
786 2268 855 2295 κιο.
918 2257 1215 2307 praeterea
1246 2266 1346 2293 non
1379 2255 1461 2293 est
1491 2251 1630 2304 quod

124 2326 297 2366 dicam
329 2324 620 2374 vocalium,
653 2337 785 2376 quas
815 2323 866 2363 in
898 2336 1051 2363 unam
1085 2320 1353 2376 syllabam
1385 2320 1505 2373 cogi
1535 2334 1631 2360 non

122 2394 278 2444 licet,
311 2393 649 2447 asperiorem
682 2405 1004 2432 concursum
1036 2390 1304 2442 mitigari,
1347 2390 1389 2430 si
1420 2391 1632 2429 mutata

125 2462 405 2503 alterutra
436 2460 766 2501 efficiantur
798 2473 966 2500 nexus
998 2459 1064 2508 ei,
1098 2472 1229 2511 quos
1260 2458 1434 2498 minus
1464 2456 1632 2498 offen-

125 2530 297 2571 sionis
326 2529 531 2570 habere
564 2527 803 2582 exposui.

239 2598 347 2639 Iam
376 2597 595 2651 legibus
626 2596 710 2637 his
750 2601 806 2637 ut
847 2595 1272 2649 responderent,
1318 2593 1504 2635 tribus
1547 2607 1632 2633 ra-

125 2666 374 2707 tionibus
422 2665 735 2706 effecerunt
775 2669 1031 2714 veteres,
1079 2664 1324 2705 scilicet
1371 2661 1631 2703 vocalem

126 2735 364 2788 priorem
397 2737 489 2774 aut
521 2733 896 2786 corripiendo,
939 2733 982 2773 si
1025 2736 1171 2773 esset
1210 2732 1393 2783 longa,
1436 2733 1547 2780 aut,
1588 2730 1632 2771 si

125 2802 332 2852 brevis,
364 2801 653 2843 abiciendo
683 2803 991 2854 (utrumque
1023 2805 1074 2841 et
1106 2800 1245 2854 apud
1278 2799 1520 2839 Graecos
1552 2812 1631 2839 re-

126 2871 361 2925 peritur)
408 2874 499 2911 aut
545 2869 850 2927 copulando
896 2883 991 2922 per
1036 2868 1473 2912 contractionem
1518 2880 1630 2913 cum

126 2953 382 2993 proxima.
