1898 3292
230 188 311 226 348
818 194 936 219 LIBER
956 194 1146 225 QwfflTvs⁴

228 299 269 339 in
303 297 458 351 quibus
490 301 633 338 tamen
667 297 770 351 ipsis
803 297 1003 338 eveniunt
1032 297 1263 337 rarissime.
1324 299 1474 337 contra
1505 296 1619 350 apud
1643 296 1731 337 Sta-

228 367 335 409 tium
367 367 409 407 in
442 366 527 408 illis
561 366 693 421 [theb.
726 366 774 416 V,
803 366 928 420 456]:

779 440 849 474 scit
875 452 961 474 cura
989 440 1108 482 deum,
1137 440 1205 474 etsi
1232 439 1387 474 blandus
1415 438 1527 473 Iason

640 498 843 541 virginibus
876 497 962 531 dare
984 497 1104 530 vincla
1128 497 1231 531 novis

229 562 425 604 existimo
470 560 767 602 scribendum:
809 564 885 601 scit
923 574 1025 602 cura
1065 564 1181 601 deum
1223 568 1281 608 et,
1322 563 1358 599 si
1398 562 1571 600 blandas
1604 562 1739 600 Iason.

228 629 301 672 ubi
332 633 380 679 si,
409 633 457 671 ut
488 643 629 683 saepe,
661 632 829 670 tantum
864 642 948 670 non
979 627 1111 670 habet
1142 628 1225 669 vim
1257 627 1484 669 causalem.

343 698 503 739 Contra
523 698 776 752 particulae,
809 697 959 751 quales
981 701 1081 738 sunt
1111 701 1227 746 enlm,
1262 700 1434 748 quidem,
1466 696 1741 737 inveniuntur

230 767 345 822 apud
376 766 606 821 plerosque
640 781 734 808 cum
772 766 891 808 brevi
923 766 989 807 vel
1030 770 1159 808 acuta
1202 765 1430 819 copulatae
1462 790 1516 794 —
1548 764 1741 818 quamvis

229 836 300 877 alii
332 835 398 877 vel
434 836 516 877 hac
558 835 806 877 abstineant
846 835 1065 876 collisione
1108 859 1184 885 -,
1227 834 1302 876 sed
1344 833 1477 875 ferme
1519 833 1562 874 in
1603 833 1741 886 primo

228 904 478 946 choriambo
510 904 575 945 vel
605 903 715 958 pede
745 903 894 957 quinto
927 904 1015 945 sive
1045 904 1298 957 insequente
1330 902 1468 944 vocali
1499 902 1660 944 eadem.

343 973 420 1014 His
460 972 618 1014 addam
660 972 920 1014 simillimam
962 971 1094 1014 fuisse
1139 972 1457 1013 observantiam
1503 974 1545 1012 et
1585 971 1627 1012 in
1669 971 1742 1012 eli-

229 1042 379 1083 dendis
425 1041 649 1096 dactylicis
690 1044 732 1082 et
770 1040 1054 1095 pyrrichiacis
1097 1041 1178 1090 eis,
1223 1054 1333 1094 quae
1371 1041 1413 1081 in
1455 1055 1480 1081 a
1520 1039 1585 1081 vel
1618 1054 1638 1080 ο
1671 1054 1742 1081 ex-

232 1113 422 1152 currunt.
484 1123 583 1151 nam
615 1110 657 1150 in
693 1113 706 1149 ἱ
734 1108 800 1151 vel
835 1124 855 1150 e
888 1109 1148 1159 desinentia,
1193 1123 1303 1162 quae
1335 1108 1504 1150 vocales
1540 1112 1640 1149 sunt
1669 1108 1741 1149 ad-

229 1179 401 1220 modum
424 1182 586 1229 tenues,
610 1178 832 1232 aliquanto
855 1178 1027 1232 saepius
1048 1178 1370 1219 imminuuntur.
1422 1178 1569 1231 itaque
1592 1180 1743 1218 notan-

230 1247 374 1289 dumst
417 1247 634 1302 plerisque
678 1250 902 1288 auctorum
946 1246 1219 1301 pyrrichiaca
1265 1250 1341 1287 aut
1379 1246 1593 1300 dactylica
1633 1246 1676 1286 in
1719 1260 1744 1285 a

232 1316 434 1357 exeuntia
464 1319 639 1370 praeter
671 1316 843 1357 nomina
873 1315 1051 1369 propria
1081 1329 1165 1356 non
1196 1315 1337 1369 iugari
1373 1329 1467 1355 cum
1499 1314 1631 1362 brevi,
1664 1314 1743 1355 nisi

230 1388 305 1426 aut
334 1385 376 1426 in
404 1385 546 1438 prima
578 1384 678 1426 sede
709 1398 857 1425 versus
890 1388 966 1425 aut
997 1387 1203 1437 sequente
1234 1384 1363 1425 etiam
1396 1398 1431 1424 α.
1487 1397 1669 1437 quorum
1701 1383 1742 1424 in

230 1467 407 1495 numero
439 1453 617 1494 fuerunt
648 1453 841 1495 Catullus
873 1453 916 1494 in
946 1452 1222 1503 hexametris,
1255 1452 1373 1503 Cato,
1407 1451 1615 1503 Tibullus,
1647 1452 1743 1493 Ovi-

231 1522 339 1573 dius,
373 1522 583 1573 Grattius,
627 1525 779 1563 auctor
811 1523 986 1571 Aetnae,
1020 1521 1233 1563 Homerus
1264 1520 1457 1571 Latinus,
1497 1520 1660 1562 Seneca
1702 1521 1744 1560 in

230 1591 424 1641 choricis,
458 1590 662 1644 Sulpicia,
701 1591 913 1641 Lucanus,
947 1590 1222 1639 Claudianus,
1265 1588 1564 1640 Merobaudes,
1597 1589 1745 1643 Corip-

231 1674 310 1713 pus
352 1660 395 1701 in
425 1659 628 1701 laudibus
659 1660 824 1710 Iustini,
857 1659 1070 1709 Sidonius,
1104 1658 1314 1700 Sedulius.
1376 1672 1475 1699 nam
1516 1657 1632 1711 apud
1662 1658 1745 1699 Lu-

232 1743 386 1769 canum
432 1727 547 1782 quod
591 1728 749 1782 legitur
797 1728 844 1783 [1,
878 1728 978 1782 487]
1024 1726 1119 1768 ‘secl
1159 1730 1278 1768 curia
1319 1735 1356 1768 et
1397 1724 1514 1777 Ipsi’,
1562 1726 1745 1767 nominis

232 1797 397 1851 proprii
428 1798 565 1838 instar
597 1801 663 1838 est
693 1801 823 1838 curia.
885 1797 928 1837 in
959 1795 1099 1838 Ovidii
1144 1795 1265 1837 libris
1302 1809 1413 1849 quae
1453 1795 1652 1836 feruntur
1684 1794 1745 1836 di-

231 1879 357 1907 versa
388 1879 413 1906 a
444 1865 538 1920 lege
570 1865 697 1908 modo
727 1865 963 1920 proposita,
997 1879 1047 1906 ea
1069 1878 1169 1906 vero
1202 1868 1302 1906 sunt
1332 1863 1444 1905 falsa
1475 1867 1518 1905 et
1549 1863 1691 1904 aliena
1721 1878 1747 1904 a

230 1934 438 1976 memoria
481 1935 678 1976 codicum
704 1938 909 1976 veterum.
971 1933 1089 1975 velut
1121 1932 1439 1975 scribendumst
1475 1932 1519 1974 in
1561 1931 1747 1986 epistula

235 2002 414 2044 Medeae
449 2004 534 2058 [12‚
569 2004 663 2058 65]:

439 2081 522 2112 orat
547 2089 654 2122 opem
682 2076 830 2122 Minyis.
879 2077 974 2121 petit
1000 2076 1124 2120 altera,
1151 2080 1189 2111 at
1215 2076 1331 2110 altera
1357 2075 1529 2119 habebat,

232 2146 275 2186 in
308 2146 349 2188 II
379 2146 588 2188 librorum
621 2160 673 2188 ex
704 2146 841 2187 Ponto
875 2147 932 2201 [4,
957 2146 998 2199 7]
1033 2159 1128 2187 cum
1160 2144 1286 2198 vulgo
1317 2144 1505 2186 feratur:

440 2229 524 2261 ante
554 2226 680 2260 oculos
707 2228 854 2259 nostros
879 2228 942 2260 tua
968 2226 1075 2269 enim,
1103 2229 1166 2260 tua
1191 2236 1337 2269 semper
1362 2225 1494 2269 imago,

233 2294 477 2348 ponendum
526 2294 608 2336 erit
649 2301 718 2335 tua
762 2299 900 2343 adest,
942 2294 1024 2335 nisi
1060 2294 1238 2348 propius
1270 2308 1296 2334 a
1326 2307 1425 2334 vero
1458 2292 1573 2334 absit
1608 2296 1745 2333 vivasl.

233 2377 363 2417 porro
394 2363 510 2417 apud
542 2363 777 2404 Homerum
800 2362 1000 2404 Latinum
1032 2377 1116 2404 non
1146 2362 1281 2404 habet
1312 2365 1430 2403 recte
1459 2360 1573 2415 quod
1606 2364 1672 2402 est
1704 2361 1747 2401 in

235 2432 382 2474 codiee
424 2431 665 2473 Erfurtensi
709 2431 827 2486 [599]
873 2430 1166 2483 ‘concretaque
1198 2436 1376 2483 fulgsura
1407 2438 1444 2471 et
1475 2427 1631 2482 lynes’,
1673 2429 1748 2471 sed

235 2501 433 2542 altiorem
461 2500 600 2542 latere
631 2499 923 2553 corruptelam
955 2499 1261 2554 dittographiis
1300 2499 1510 2541 librorum
1549 2497 1746 2540 efficitur.

234 2570 420 2611 fortasse
464 2568 738 2611 scribendum
781 2572 962 2609 concreti
996 2573 1255 2620 fulmo-aque
1297 2571 1403 2620 iqnis
1442 2581 1517 2609 seu
1559 2574 1747 2608 concreto

229 2642 487 2690 fulguraque
511 2641 618 2689 ique.
672 2640 862 2678 ceterum
895 2637 1070 2690 quidam
1094 2651 1145 2678 ex
1166 2636 1262 2688 illis,
1294 2651 1400 2690 quos
1423 2649 1556 2690 supra
1577 2649 1747 2676 enumc-

236 2707 340 2755 ravi,
372 2706 593 2748 rarissime
623 2709 804 2747 utuntur
836 2705 1011 2747 elisione
1043 2705 1109 2747 vel
1139 2706 1234 2747 ista.
1283 2708 1511 2759 praeterea
1543 2703 1674 2745 semel
1704 2704 1747 2743 in

237 2774 392 2829 epyllio
422 2775 648 2816 Petronius
681 2774 924 2828 synizesim,
957 2773 1008 2814 de
1041 2787 1127 2827 qua
1158 2774 1313 2827 agitur,
1356 2772 1474 2814 nulla
1504 2771 1747 2825 mitigatam

237 2844 514 2889 excusatione
546 2843 772 2885 admisisse
804 2841 974 2883 videtur
1000 2842 1062 2883 ita
1095 2843 1132 2897 [l
1151 2846 1210 2893 19,
1247 2842 1340 2896 14]:

444 2918 633 2963 quaeritur
658 2917 695 2950 in
721 2917 845 2952 silvius
870 2915 1011 2953 Mauris
1035 2916 1113 2952 fera·
1137 2919 1174 2953 et
1198 2916 1348 2953 ultimus
1372 2915 1570 2951 Hammon.
