1898 3292
759 265 879 291 LIBER
897 264 1107 291 SECVNDVS,
1607 257 1685 296 139

295 369 399 412 Sed
430 373 481 412 et
512 369 646 411 haec
676 371 727 410 et
759 367 919 421 siqua
949 380 1065 409 vere
1097 367 1486 421 exceptionum
1516 367 1685 408 instar

181 441 307 481 sunt
336 436 607 489 habenda,
640 435 803 479 simul
833 435 1056 478 diversa
1082 439 1370 490 poetarum
1401 449 1566 490 aeque
1595 434 1684 477 bo-

180 520 368 549 norum
412 506 585 548 isdem
629 505 690 546 de
736 504 900 546 rebus
946 504 1161 559 placita
1206 508 1412 559 septem
1451 503 1685 558 potissi-

179 589 314 618 mum
346 574 624 617 contineri
654 572 914 615 videntur
945 573 1142 615 causis.

296 644 531 695 Quarum
564 642 739 697 prima
777 641 928 683 venit
967 640 1030 683 ab
1066 641 1188 696 ipsa
1228 641 1450 683 ratione
1487 644 1685 683 metro-

180 726 293 754 rum
324 715 375 754 et
404 715 622 754 secreta
654 710 974 764 elegantiae
1005 710 1146 764 lege,
1183 710 1365 752 altera
1392 723 1419 752 a
1448 709 1684 753 vocabu-

179 781 374 832 lorum,
405 780 605 836 quibus
635 782 865 822 utuntur
895 793 958 834 po
973 782 1111 831 etae,
1142 778 1531 834 plerorumque
1563 792 1685 820 con-

180 849 423 901 dicione,
472 849 644 891 tertia
690 862 715 890 a
755 861 1012 890 sensuum
1060 848 1110 889 vi
1167 861 1260 890 seu
1307 849 1685 903 proprietate,

180 932 283 972 qua
316 917 618 972 aliquando
648 917 1010 959 invertuntur
1039 916 1191 971 leges
1229 931 1445 968 versus,
1488 919 1688 970 quarta

180 1001 207 1029 a
232 1000 551 1041 progressu,
584 999 737 1040 quem
764 985 816 1027 in
844 989 965 1027 arte
996 985 1214 1027 faciunt
1244 989 1462 1040 poetae,
1494 985 1687 1039 quinta

180 1069 206 1097 a
237 1055 491 1098 novitate
521 1058 842 1106 metrorum,
875 1058 1034 1096 sexta
1066 1055 1126 1098 ab
1160 1055 1488 1110 optimorum
1523 1067 1686 1095 exem-

178 1124 409 1180 plorum,
453 1137 678 1178 quorum
709 1123 1004 1178 praevalet
1034 1124 1373 1176 auctoritas,
1413 1122 1686 1165 differen-

179 1193 280 1245 tia,
313 1192 551 1247 septima
581 1207 607 1234 a
640 1192 977 1234 diversitate
1010 1193 1318 1236 carminum.
1379 1192 1441 1234 de
1468 1191 1554 1233 his
1584 1190 1686 1232 iam

180 1261 426 1303 omnibus
459 1275 571 1303 cum
603 1275 734 1303 cura
762 1260 1146 1316 exponendum.

292 1330 322 1372 I.
372 1330 526 1384 Itaque
558 1343 654 1371 cum
684 1329 824 1384 prima
851 1330 1162 1384 potissimaque
1191 1330 1262 1372 lex
1292 1329 1347 1372 sit
1374 1342 1522 1372 versus
1545 1327 1687 1369 Latini

182 1424 234 1430 —
265 1412 364 1440 nam
395 1398 511 1452 apud
544 1398 733 1440 Graecos
766 1412 850 1440 non
880 1399 1059 1453 perinde
1091 1402 1288 1440 servatur
1327 1423 1381 1428 —
1422 1401 1471 1439 ut
1502 1396 1686 1439 cuiusvis

180 1466 342 1509 ordinis
372 1456 540 1509 metrici
555 1497 558 1500 -
570 1467 666 1509 finis
698 1466 896 1521 proprios
929 1468 994 1509 sui
1025 1467 1187 1509 referat
1223 1481 1436 1519 numeros,
1479 1470 1524 1508 at
1563 1465 1687 1507 initia

179 1536 314 1578 ferme
358 1535 603 1577 habeantur
649 1535 945 1577 indifferenter
958 1570 966 1587 ,
1012 1537 1097 1578 iam
1143 1539 1325 1591 apparet
1368 1536 1435 1577 his
1482 1534 1535 1577 ob
1580 1532 1687 1575 illud

179 1604 321 1659 ipsum
350 1603 556 1645 maiorem
588 1604 757 1646 evenire
786 1604 1045 1647 libertatem.
1107 1608 1277 1647 constat
1315 1608 1459 1646 autem
1490 1603 1587 1645 finis
1619 1616 1686 1644 or-

180 1672 291 1714 dinis
324 1672 368 1713 in
401 1672 541 1714 medio
575 1686 699 1714 versu
725 1672 956 1715 desinentis
982 1674 1159 1727 singulis
1181 1673 1377 1728 pedibus,
1405 1676 1451 1715 at
1471 1673 1515 1714 in
1535 1671 1685 1714 ultimo

180 1740 347 1783 duobus
389 1744 465 1782 aut
504 1754 588 1783 uno
629 1755 681 1782 ac
720 1741 954 1783 dimidiato.
1013 1746 1243 1796 praeterea
1274 1742 1570 1796 dignissimum
1599 1754 1686 1782 me-

178 1809 316 1851 moria
358 1809 554 1863 legitimov
599 1809 785 1863 quodam
829 1824 1064 1864 progressu
1110 1815 1153 1852 et
1196 1810 1362 1853 intendi
1407 1814 1450 1852 et
1492 1808 1687 1851 imminui

178 1878 445 1920 diversarum
476 1878 666 1932 partium
702 1878 920 1920 licentiam
932 1912 941 1929 ,
982 1879 1046 1920 ita
1087 1879 1260 1933 quidem
1298 1883 1346 1921 ut
1385 1879 1551 1933 priores
1592 1879 1686 1920 loco

180 1947 309 1988 etiam
336 1946 541 1988 libertate
573 1947 658 1988 sint
687 1947 889 2001 potiores.
950 1947 1083 1990 veluti
1115 1949 1159 1989 in
1189 1948 1441 1990 hexametro
1475 1947 1686 2002 dactylico

179 2014 487 2068 semiquinaria
527 2028 708 2057 caesura
747 2015 945 2069 praedito
989 2017 1133 2070 quarti
1164 2021 1206 2058 et
1236 2017 1375 2070 quinti
1407 2015 1686 2070 semipedum,

179 2083 335 2137 quibus
372 2083 492 2137 prior
528 2083 633 2125 ordo
676 2083 864 2125 cluditur
876 2117 885 2135 ,
926 2084 1066 2127 minus
1097 2084 1278 2127 firmiter
1311 2085 1401 2127 fere
1432 2084 1687 2127 observatur

177 2165 329 2193 norma
359 2165 501 2205 quam,
533 2151 688 2205 quibus
712 2152 938 2206 posterior,
970 2153 1127 2207 pedum
1150 2154 1289 2207 quinti
1311 2167 1362 2195 ac
1384 2153 1505 2196 sexti.
1556 2166 1685 2207 porro

178 2220 342 2274 primus
373 2219 568 2274 dactylus
600 2234 696 2261 cum
727 2220 950 2263 dimidiato
981 2222 1178 2276 proximo
1206 2222 1335 2264 etiam
1358 2223 1497 2276 agitat
1517 2220 1687 2263 facilius

180 2301 309 2341 quam
348 2302 444 2330 cum
475 2288 590 2330 tertii
623 2292 748 2343 parte
783 2289 921 2332 altera
952 2294 1145 2344 quartus.
1206 2305 1353 2333 verum
1384 2292 1492 2333 haec
1520 2291 1564 2332 in
1595 2289 1686 2331 uni-

179 2370 350 2398 versum
382 2370 477 2399 cum
507 2357 700 2399 habeant
729 2359 986 2411 rectissime,
1017 2373 1070 2401 ne
1101 2363 1246 2401 tamen
1277 2374 1467 2401 errorem
1499 2359 1686 2410 trahant,

180 2424 291 2467 duae
321 2439 391 2467 res
423 2429 548 2467 erunt
580 2426 830 2469 monendae.
880 2428 1065 2481 primum
1098 2428 1208 2469 enim
1240 2428 1411 2479 nullius,
1442 2442 1495 2469 ne
1522 2428 1686 2482 primae

179 2493 353 2546 quidem
394 2493 524 2546 sedis,
566 2498 656 2535 tam
687 2495 844 2536 eximia
874 2499 1018 2549 potest
1049 2510 1141 2538 esse
1169 2497 1361 2547 licentia,
1402 2496 1499 2538 ideo
1531 2495 1687 2550 princi-

177 2561 299 2615 pales
339 2575 488 2603 versus
529 2563 719 2605 rationes
759 2567 803 2605 et
845 2567 1048 2606 aeternae
1089 2565 1207 2618 leges
1250 2565 1489 2619 elegantiae
1530 2568 1578 2606 ut
1609 2565 1685 2605 mi-

179 2633 367 2682 grentur.
430 2629 582 2672 deinde
613 2634 758 2685 potest
787 2631 881 2673 fieri
913 2632 1145 2686 aliquando
1173 2634 1218 2674 in
1247 2634 1392 2675 mixtis
1432 2633 1599 2684 metris,
1639 2636 1687 2674 ut

179 2697 296 2739 nullo
326 2702 468 2752 pacto,
497 2713 550 2741 ne
583 2700 618 2741 si
646 2700 739 2753 ipse
769 2700 942 2754 quidem
964 2701 1065 2742 velit
1086 2702 1292 2756 Iuppiter,
1324 2705 1471 2756 partes
1495 2702 1686 2743 securius

178 2764 355 2807 habitae
387 2780 564 2820 prorsus
596 2768 762 2821 possint
782 2769 1005 2822 percipere
1025 2769 1271 2811 libertatem
1293 2770 1547 2823 permissam
1568 2769 1684 2823 ipsis.

180 2833 296 2886 quod
324 2833 399 2876 ubi
436 2835 594 2887 evenit,
635 2836 824 2889 legitime
856 2837 1118 2879 transfertur
1150 2838 1324 2880 licentia
1355 2838 1411 2879 ad
1440 2838 1685 2892 proximum

179 2915 326 2943 versus
358 2903 614 2955 membrum,
652 2904 714 2945 illi
745 2905 859 2958 quod
890 2906 1042 2947 melius
1076 2906 1310 2948 conveniat.
1374 2910 1523 2948 contra
1553 2907 1685 2961 pedes

180 2970 385 3012 severiori
425 2971 532 3014 alias
573 2971 747 3015 obnoxii
792 2987 968 3016 normae
1014 2978 1079 3017 est
1125 2974 1200 3017 ubi
1242 2974 1296 3017 ob
1339 2978 1479 3018 certas
1521 2978 1565 3018 et
1600 2989 1685 3023 non
