1898 3292
200 173 279 212 160
774 181 893 206 LIBER
912 181 1122 206 SECVNDVS.

193 285 237 326 id
270 299 353 339 quo
385 285 600 338 pertineat
631 284 807 326 alterius
840 286 1028 326 auctoris
1060 299 1196 338 aeque
1226 284 1426 338 ignobilis
1457 285 1701 326 testimonio

195 355 398 395 docemur
437 354 656 408 [analecta
688 368 863 407 gramm.
896 354 1090 394 Endlich.
1124 354 1179 404 ΙΙ,
1214 355 1334 408 51η,
1377 355 1449 407 qui
1495 358 1704 395 memorat

193 423 405 476 tragicum
439 436 531 463 esse
563 426 764 472 metrum,
808 422 922 475 quod
964 422 1109 475 plures
1141 422 1352 476 spondeos
1384 422 1545 463 habeat
1576 427 1618 463 et
1649 423 1704 463 sit

196 492 362 539 elatius,
395 491 525 532 veluti
557 491 643 531 tale
687 489 727 531 ‘0
754 504 915 541 parens
947 494 1116 541 antiqua
1147 498 1312 532 nostrae
1336 495 1481 542 qemi&
1513 495 1703 541 Arye'mmn

197 557 358 601 decus’.
419 559 610 613 apertius
646 559 772 599 etiam
806 573 895 599 rem
927 559 1089 600 indicat
1121 563 1272 600 auctor
1303 560 1508 609 incertus,
1545 560 1617 612 qui
1649 560 1702 600 ad

195 628 429 682 epodorum
454 628 621 668 Horatii
644 628 811 668 initium
843 631 966 668 notat
994 628 1185 681 recipere
1217 628 1458 669 trimetrum
1493 629 1703 681 tragicum

194 697 325 750 pedes
359 697 592 750 spondeum
626 697 831 749 primum7
863 697 1059 746 tertium,
1093 697 1300 749 quintum,
1332 697 1521 737 iambum
1554 711 1703 738 secun-

196 766 317 814 dum,
351 769 572 818 quartum⁷
605 769 793 815 sextum,
835 765 961 817 quale
1003 765 1058 805 sit
1101 765 1181 806 hoc
1214 780 1337 806 versu
1382 764 1484 806 ‘divi
1517 773 1704 816 polentes

188 840 301 885 ferte
333 838 489 875 vexatis
522 831 672 884 opem'.
734 833 844 874 adde
876 834 1122 874 Terentiani
1154 834 1228 874 illa
1259 835 1388 888 [2205
1418 835 1550 888 sqq.]:

471 916 508 947 at
534 914 594 957 qui
622 913 812 947 cothurnis
839 913 959 957 regios
989 916 1092 946 actus
1118 914 1250 957 lerant,
1290 894 1295 896 >

471 973 511 1004 ut
535 982 654 1004 sermo
681 982 838 1014 pompae
864 970 986 1014 regiae
1013 982 1129 1014 capax
1154 971 1259 1013 foret,

470 1028 587 1072 magis
612 1028 801 1071 magisque
828 1028 1020 1061 latioribus
1046 1028 1143 1061 sonis

470 1085 582 1129 pedes
609 1085 854 1128 frequentant,
879 1085 961 1128 lege
987 1088 1130 1118 servata
1154 1088 1287 1128 tamen⁷

470 1142 556 1175 dum
582 1154 646 1186 pes
672 1142 863 1184 secundus,
891 1145 1041 1185 quartus
1068 1145 1104 1175 et
1129 1143 1346 1175 novissimus

469 1210 615 1243 semper
641 1199 783 1232 dicatus
809 1199 870 1232 uni
897 1199 1018 1232 iambo
1045 1199 1189 1233 serviat.

194 1275 237 1316 id
282 1278 424 1315 autem
465 1277 742 1327 praeceptum
784 1273 838 1313 ab
886 1273 1183 1313 Alexandrinis
1220 1273 1436 1315 inventum
1470 1275 1609 1327 poetis
1641 1274 1705 1314 vel

196 1343 490 1394 grammaticis
514 1342 782 1382 demonstrat
802 1341 922 1382 locus
948 1342 1114 1382 Horatii
1139 1355 1163 1381 a
1186 1342 1481 1395 superioribus
1513 1346 1706 1396 tompore

197 1412 333 1452 doctis
366 1410 477 1451 male
507 1410 751 1451 intellectus
783 1410 866 1464 [ep.
890 1410 941 1459 II,
967 1413 1002 1460 3,
1027 1414 1108 1451 254
1132 1411 1254 1464 sqq.].
1313 1410 1385 1451 ubi
1421 1410 1528 1451 haec
1560 1412 1706 1463 legun-

195 1484 266 1520 tur
297 1480 348 1520 de
382 1480 578 1520 trimetro
612 1479 801 1531 tragico:

883 1569 954 1592 non
984 1558 1035 1593 ita
1059 1559 1213 1603 pridem⁷

470 1615 611 1649 tardior
636 1619 677 1650 ut
702 1615 824 1659 paullo
850 1616 1069 1659 graviorque
1095 1617 1237 1650 veniret
1262 1616 1307 1650 ad
1333 1627 1449 1659 aures,

471 1673 654 1717 spondeos
680 1673 829 1706 stabiles
856 1673 890 1706 in
918 1673 997 1706 iura
1023 1676 1177 1717 paterna
1203 1674 1344 1717 recepit

472 1730 686 1765 commodus
716 1733 753 1763 et
777 1730 931 1774 patiens,
959 1741 1030 1763 non
1057 1733 1098 1764 ut
1123 1731 1166 1763 de
1193 1731 1279 1765 sede
1305 1731 1466 1764 secunda

472 1788 622 1822 cederet
647 1790 710 1821 aut
734 1791 863 1831 quarta
891 1788 1087 1822 socialiter.

197 1884 294 1910 nam
325 1869 391 1909 his
413 1868 555 1909 verbis
579 1868 826 1909 declaratur
847 1868 1035 1909 iambum
1061 1868 1239 1909 cessisse
1262 1868 1370 1922 pede
1392 1868 1542 1922 primo,
1565 1870 1707 1917 tertio,

198 1939 369 1991 quinte,
408 1950 492 1990 quo
522 1936 774 1977 succederet
805 1937 1019 1990 spondeus
1047 1937 1139 1977 iure
1171 1936 1287 1977 velut
1318 1937 1592 1977 hereditario.
1656 1952 1706 1978 ac

198 2006 315 2047 nulla
346 2019 523 2059 prorsus
556 2009 621 2045 est
653 2018 802 2056 causa,
847 2005 949 2058 quin
981 2005 1156 2046 Varium
1190 2005 1520 2058 Gracchumque
1553 2019 1603 2046 ac
1635 2006 1707 2046 Se-

196 2089 345 2116 necam
387 2078 430 2115 et
461 2073 741 2127 Pomponium
785 2088 880 2114 cum
914 2074 1068 2115 ceteris
1099 2078 1331 2127 praecepto
1363 2075 1432 2114 isti
1466 2075 1570 2115 satis
1602 2075 1707 2115 spito

198 2148 241 2184 et
272 2147 429 2184 natura
470 2143 565 2196 ipsa
604 2143 920 2193 commendato,
962 2142 1105 2195 quoad
1148 2143 1313 2193 liceret,
1359 2142 1587 2184 obsecutos
1621 2144 1707 2183 exi-

196 2202 429 2253 stimemus.
500 2211 609 2251 bene
655 2211 788 2263 igitur
835 2211 1123 2261 Quintilianus
1174 2211 1270 2265 [IX‚
1308 2215 1351 2261 4,
1394 2211 1520 2265 140]:
1570 2215 1708 2261 itaque

198 2283 460 2331 trayoecliae,
508 2282 576 2320 ubi
623 2293 788 2320 necesse
835 2286 914 2328 est,
962 2284 1200 2330 affectcmnus
1250 2283 1368 2320 etiam
1426 2288 1616 2320 tumorem
1657 2294 1709 2319 ea·

196 2351 388 2399 spondeis
429 2354 549 2398 alque
586 2351 728 2389 iambis
759 2351 927 2388 invicem
958 2351 1270 2388 suceedentibus
1300 2351 1462 2389 me‘xtae.
1525 2362 1616 2388 nam
1646 2351 1708 2388 leis

195 2421 367 2457 maxime
399 2419 640 2457 continetur.
702 2415 777 2457 ubi
815 2415 948 2457 verba
988 2419 1155 2457 invicem
1196 2419 1505 2457 succedentibus
1542 2420 1705 2457 mixtae.

198 2499 289 2526 nam
323 2488 386 2526 leis
418 2485 469 2525 de
505 2484 753 2525 coniectura
783 2484 1039 2527 addidimus.

313 2553 396 2594 Sed
428 2553 539 2593 enim
570 2553 802 2594 immensae
834 2553 916 2594 fuit
942 2566 1097 2606 operae
1119 2556 1185 2593 tot
1207 2552 1418 2606 spondeos
1442 2565 1706 2606 comparare.

197 2635 326 2675 porro
357 2621 592 2662 timendum
623 2625 729 2671 erat,
760 2634 824 2672 ne,
857 2620 972 2674 quod
994 2621 1247 2674 aequalitati
1271 2625 1313 2662 et
1335 2621 1538 2674 gravitati
1560 2635 1707 2661 versus

198 2689 441 2740 accederet,
486 2689 730 2730 demeretur
772 2689 1012 2742 elegantiae
1043 2703 1094 2730 ac
1125 2689 1338 2730 varietati.
1400 2703 1534 2742 quare
1565 2689 1707 2742 potius

197 2762 374 2799 tenuere
406 2757 587 2798 alteram
618 2757 823 2810 regulam,
856 2761 903 2798 ut
934 2757 1200 2810 paenultima
1231 2761 1347 2798 certe
1379 2757 1513 2798 thesis
1543 2771 1594 2797 ne
1617 2771 1707 2798 um·

199 2840 326 2879 quam
351 2829 570 2867 constaret
589 2825 708 2866 brevi
731 2825 908 2880 syllaba.
960 2825 1012 2866 de
1035 2839 1118 2878 quo
1141 2826 1203 2866 ita
1226 2825 1454 2866 Diomedes
1485 2826 1569 2880 [pg.
1585 2826 1706 2879 507]:

198 2897 391 2935 iambicus
434 2898 641 2945 ltaye'cus,
684 2901 727 2934 vecl
765 2897 933 2947 yravior
975 2897 1092 2934 iuxla
1138 2898 1336 2935 materiae
1382 2898 1548 2944 pondus
1590 2901 1706 2937 esses,
