1898 3292
243 243 325 280 474
825 252 945 276 LIBER
963 252 1163 277 SEPTIMVS.

241 353 466 407 Propertio
500 353 564 409 [V,
601 358 634 405 1,
666 353 732 410 34]
771 357 871 394 Gabi
904 357 946 394 et
978 353 1150 395 Manilio
1182 354 1225 410 [I,
1252 354 1347 411 780]
1386 358 1483 396 Deci
1515 356 1617 395 dicti
1648 370 1746 409 pro-

241 422 432 475 priorum
472 423 615 475 potius
656 423 871 464 nominum
913 422 1109 472 licentia,
1152 437 1234 463 11011
1267 423 1465 476 vulgatae
1497 425 1745 477 pronuntia-

241 490 369 531 tionis
398 490 637 532 rationibus
669 494 930 532 excusantur
962 490 1149 545 [Lachm.
1183 506 1221 544 p.
1254 492 1366 545 252]

356 560 411 600 At
443 559 495 600 de
526 560 732 612 genetivis
754 559 796 600 in
827 573 890 600 um
924 560 1178 601 exeuntibus
1201 559 1262 600 sic
1284 560 1418 601 refert
1440 561 1611 601 Servius
1634 575 1746 601 com-

241 627 450 668 mentario
484 628 537 669 ad
561 627 771 668 Aeneidos
804 627 842 668 II
873 626 979 683 [18]:
1024 625 1194 668 ‘virum'
1244 643 1324 678 pro
1368 626 1603 669 ‘ve'r01·ecm'.
1668 644 1747 679 qua

235 701 375 747 fissura
418 704 455 736 el
496 700 537 737 in
575 710 708 747 prosa
744 699 904 737 utimur.
967 699 1064 736 dicit
1102 710 1202 737 sane
1234 700 1390 737 Plinius
1427 700 1502 737 hoc
1532 700 1572 737 in
1604 705 1746 737 neutro

241 778 318 804 non
352 778 439 805 esse
462 768 714 816 laciendum,
745 767 899 806 scillcet
922 771 1097 814 propter
1129 778 1294 805 casuum
1324 768 1636 814 sc'me'liludincm,
1669 770 1747 806 nise?

233 836 347 883 forle
380 836 503 874 nenia
530 837 647 874 mclre'
679 836 899 874 necessitas
931 840 1061 883 σοφαί.
1123 846 1201 873 1100
1242 832 1415 874 hercule
1454 832 1626 874 brevior
1662 837 1746 874 ter-

241 900 418 942 minatio
462 901 577 955 apud
619 900 853 955 dactylicos
889 901 1079 954 exceptis
1110 901 1380 954 paucissimis
1409 927 1465 931 —
1493 902 1609 942 velut
1641 902 1748 942 dixit

241 968 401 1010 Ennius
434 973 595 1011 verbum
632 984 709 1023 pro
741 972 952 1010 verbor-mn
987 968 1098 1025 [ann.
1133 969 1253 1025 307],
1295 969 1487 1011 Catullus
1528 973 1747 1022 cymbalam

240 1035 321 1091 [63,
355 1037 423 1093 21]
458 1063 510 1068 -
544 1038 758 1079 invenitur
792 1041 914 1079 extra
946 1037 1194 1078 masculina.
1244 1041 1287 1078 013
1312 1038 1544 1091 plurimum
1574 1038 1746 1091 quidem

239 1105 430 1158 pedestri
473 1121 552 1147 usu
596 1120 706 1147 saec.
738 1120 773 1147 a.
807 1106 953 1147 Cinnl
996 1106 1181 1159 viguisse
1218 1106 1314 1147 illa:
1358 1111 1492 1155 (leam,
1536 1122 1745 1154 nummum,

239 1176 420 1223 liberum,
452 1178 681 1228 praeterea
702 1175 744 1215 in
767 1174 962 1215 formulis
985 1174 1242 1227 quibusdam
1267 1189 1328 1225 ea,
1351 1188 1462 1228 quae
1485 1179 1584 1216 sunt
1605 1179 1745 1225 virum,

233 1244 414 1291 fabrum,
448 1247 582 1292 (lecum,
615 1243 837 1284 notissimo
869 1243 1065 1284 Oratoris
1089 1243 1355 1284 Ciceroniani
1393 1243 1486 1284 loco
1519 1244 1748 1285 edocemur

241 1308 322 1365 μῦ,
350 1314 426 1352 1:35
451 1311 572 1368 sqq.].
621 1312 768 1365 itaque
802 1326 853 1352 ex
884 1312 1023 1365 poetis
1047 1313 1239 1365 Augusto
1263 1311 1517 1365 aequalibus
1540 1311 1746 1354 Horatius

237 1378 460 1420 imminuta
483 1379 601 1421 finali
631 1384 798 1421 tantum
830 1380 1029 1421 adhibuit
1060 1380 1126 1422 bis
1158 1385 1287 1429 (leam,
1320 1380 1449 1422 semel
1480 1395 1676 1422 mammam
1705 1385 1747 1422 ct

240 1447 411 1500 quidem
445 1448 488 1489 in
521 1448 688 1490 Saturis
717 1449 1009 1503 Epistulisque
1044 1448 1138 1505 [sat.
1168 1449 1218 1500 ΙΙ,
1249 1453 1285 1499 2,
1314 1453 1412 1500 104,
1446 1453 1481 1499 6,
1506 1452 1579 1500 65;
1610 1463 1672 1502 ep.
1696 1450 1745 1499 ΙΙ,

240 1520 277 1567 2,
310 1516 378 1573 2:33]
421 1517 552 1570 (idem
585 1518 756 1571 saepius
788 1521 967 1566 deorum,
1000 1518 1277 1571 nummorzme).
1339 1517 1414 1559 sed
1446 1531 1583 1571 neque
1617 1522 1747 1559 divum.

239 1584 294 1626 ab
324 1599 373 1626 eo
405 1585 565 1628 dictum
606 1600 684 1640 pro
728 1589 929 1635 clivorum,
977 1586 1029 1627 de
1070 1599 1154 1639 qua
1190 1600 1236 1627 re
1280 1600 1416 1639 nuper
1455 1586 1663 1627 monitum
1704 1587 1747 1628 in

240 1655 491 1696 commentis
520 1654 575 1696 acl
605 1655 693 1696 Sat.
716 1654 746 1705 I,
780 1659 815 1705 3,
854 1658 944 1705 117,
983 1659 1025 1696 01
1056 1654 1190 1696 11111110
1222 1655 1361 1696 minus
1395 1668 1550 1706 equam,
1582 1658 1746 1703 Salium,

238 1725 385 1763 [mlum
417 1722 496 1779 [ep.
528 1723 580 1774 II,
614 1728 649 1774 3,
683 1727 758 1775 843
791 1736 919 1764 carm.
948 1723 978 1774 I,
1013 1727 1077 1774 36,
1113 1727 1186 1775 123
1215 1723 1284 1774 IV,
1322 1727 1354 1774 1,
1379 1727 1452 1774 :253
1482 1723 1533 1773 II,
1572 1727 1633 1774 13,
1666 1723 1745 1779 18].

238 1790 322 1831 iam
355 1795 529 1844 praeter
558 1792 633 1832 illa
675 1796 810 1840 (lemn,
842 1806 1058 1841 uzmmmme,
1090 1795 1219 1832 virum
1262 1792 1367 1833 satis
1404 1805 1532 1845 saepe
1568 1792 1746 1847 dactyli—

239 1872 386 1900 corum
413 1860 628 1902 invenitur
669 1861 712 1901 111
753 1859 876 1901 libris
917 1874 1122 1911 superum,
1160 1860 1262 1901 item
1295 1863 1451 1910 dzssvzmz;
1489 1874 1586 1902 nam
1632 1862 1746 1915 apud

238 1927 316 1968 hos
349 1932 475 1978 divus,
510 1933 590 1970 clivi
617 1932 704 1970 tam
736 1929 985 1982 frequenter
1016 1929 1158 1982 posita
1186 1942 1315 1982 quam
1348 1942 1447 1970 raro
1482 1929 1597 1982 apud
1629 1944 1745 1971 scae-

238 1996 355 2037 nicos
388 1997 709 2050 antiquissimos
742 1997 808 2053 [cf.
839 1997 910 2038 vit.
940 1996 1043 2037 Eun.
1067 2010 1133 2050 pg.
1159 1996 1270 2053 206]
1331 2011 1460 2051 porro
1492 2002 1539 2038 ut
1565 2001 1745 2047 liberum,

239 2069 475 2118 usurpatur
514 2070 691 2117 inferum
729 2066 771 2106 in
809 2066 957 2107 metris
988 2078 1071 2106 non
1103 2065 1337 2120 dactylicis.
1399 2065 1464 2107 his
1494 2066 1626 2119 igitur
1658 2066 1746 2107 fere

240 2134 447 2186 genetivis
493 2134 640 2175 addito
687 2148 770 2175 11110
822 2134 1012 2175 alterove
1059 2134 1228 2175 nomine
1276 2135 1452 2188 proprio
1498 2134 1746 2176 continuere

238 2201 455 2243 licentiam
485 2202 693 2256 plerique.
755 2216 936 2256 quorum
971 2203 1013 2243 in
1054 2216 1231 2244 numero
1273 2202 1390 2244 fuere
1422 2202 1632 2253 Catullus,
1674 2204 1746 2256 qui

239 2283 333 2310 eam
360 2275 396 2311 'a
432 2271 693 2312 carminibus
735 2270 978 2324 argumenti
1015 2270 1188 2312 levioris
1229 2271 1403 2312 seclusit
1446 2271 1516 2325 [cf.
1548 2271 1658 2312 Ries.
1692 2271 1746 2312 ad

243 2341 305 2389 14,
343 2340 433 2393 19],
474 2339 685 2390 Tibullus,
718 2339 937 2388 Manilius,
969 2338 1243 2392 Calpurnius,
1282 2343 1433 2380 auctor
1461 2340 1636 2390 Aetnae,
1668 2340 1746 2381 Pe-

238 2408 421 2457 tronius,
454 2408 667 2449 Homerus
698 2408 895 2457 Latinus,
928 2407 1119 2458 Persius,
1151 2407 1374 2458 Martialis,
1404 2407 1628 2458 Iuvenalis,
1662 2408 1745 2449 Na-

239 2476 466 2526 matianus,
496 2476 580 2517 alii.
630 2491 650 2517 e
679 2475 835 2529 quibus
857 2476 1042 2516 maxime
1064 2475 1273 2528 insignest
1295 2476 1535 2530 exemplum
1558 2478 1746 2518 Senecae

239 2543 442 2585 collatum
474 2558 569 2585 cum
601 2544 778 2597 tragicis
810 2544 1012 2597 antiquis,
1052 2557 1234 2596 quorum
1275 2544 1493 2586 licentiam
1526 2549 1568 2586 et
1598 2545 1745 2586 Cicero

237 2611 332 2653 loco
372 2626 505 2666 supra
541 2612 655 2653 dicto
699 2613 899 2666 probavit
941 2612 1136 2665 pluribus
1183 2616 1225 2653 et
1262 2612 1484 2654 Phaedrus
1527 2614 1632 2655 scite
1675 2629 1745 2655 ex-

237 2681 406 2733 pressit,
438 2680 512 2722 ubi
545 2681 756 2733 tragicam
788 2680 965 2721 affectat
998 2681 1253 2733 gravitatem
1286 2682 1374 2736 [lV,
1409 2686 1444 2733 7,
1482 2682 1572 2735 10];

512 2760 744 2804 inhospitalis
770 2760 887 2804 prima
911 2771 1003 2803 quac
1030 2761 1133 2804 ponti
1160 2761 1258 2794 sinus

513 2817 691 2861 patefecit
716 2818 753 2850 in
780 2816 981 2861 perniciem
1008 2816 1157 2851 Graium
1187 2820 1224 2851 et
1248 2818 1455 2851 barbarum.

237 2885 279 2929 in
312 2885 468 2937 quibus
506 2893 653 2935 pamm
687 2899 767 2925 non
801 2889 883 2924 est.
919 2885 1031 2938 quod
1064 2885 1234 2926 videtur
1262 2886 1492 2939 plerisque,
1525 2887 1745 2940 proprium

239 2967 410 3003 nomen,
459 2954 533 2994 sed
575 2954 896 3008 appellativum,
946 2959 993 2994 ut
1034 2959 1217 3007 apparet
1258 2969 1308 2995 ex
1351 2956 1428 3004 eis,
1478 2969 1588 3009 quae
1634 2954 1746 2997 infra
