1898 3292
688 269 805 293 LIBER
826 269 847 298 Q
855 270 872 290 1-
881 268 1012 291 ,111113
1523 258 1601 294 313

100 371 255 424 quibus
297 370 507 412 accedunt
550 370 673 411 simili
728 384 830 410 sono
872 369 1090 422 praedita,
1136 382 1245 421 quae
1278 373 1373 421 post
1417 382 1437 407 e
1478 367 1543 408 vel
1584 382 1604 408 0

99 439 165 480 vel
197 454 222 480 u
253 439 414 480 habent
445 442 457 478 ι’
487 452 715 480 consonam
746 441 951 491 sequente
983 436 1133 487 vocali,
1164 435 1310 489 qualia
1341 439 1439 477 sunt
1483 434 1603 485 ‘elus,

101 510 256 558 quoius,
278 511 410 556 huius,
433 497 598 548 reicio’.
647 509 689 547 et
711 506 791 547 hae
815 505 985 558 quidem
1010 504 1316 558 compositione
1340 504 1603 545 diversarum

99 589 249 617 vocum
281 589 356 617 seu
386 575 531 616 mixtis
562 574 768 628 stirpibus
801 577 843 615 et
873 573 1128 615 flexionibus
1161 573 1368 614 oriuntur.

216 643 299 685 Sed
328 643 496 697 singula
532 643 617 684 iam
658 642 916 684 adnotanda.
977 642 1108 695 igitur
1149 645 1261 690 dem,
1294 644 1459 689 deinde,
1492 645 1604 681 dein-

101 726 196 763 ceps
238 725 322 753 11011
361 712 634 753 inveniuntur
676 711 861 752 diductis
894 709 1069 765 syllabis
1102 714 1295 763 tempore
1323 709 1519 762 antiquo,
1559 713 1606 749 ut

98 780 342 822 verissimus
385 780 516 822 fuerit
551 779 850 821 Fleckeisenus
886 793 1053 820 versum
1096 778 1376 820 bacchiacum
1414 777 1603 818 Terentii

99 849 160 890 310
191 848 417 890 scribendo
451 848 594 905 [Andr.
626 847 753 904 483]:

348 940 444 962 1111110
474 928 631 972 primum
658 928 713 962 fac
744 928 813 962 ista
838 931 878 962 111
903 929 1009 962 lavet.
1059 930 1165 971 poste
1195 927 1337 969 deinde,
1384 975 1387 978 η

99 1011 194 1038 011111
226 996 351 1050 vulgo
388 997 554 1038 feratur
589 1004 682 1048 post
725 1001 882 1038 deinde.
945 995 1070 1037 aliter
1113 996 1277 1050 primus
1308 995 1604 1045 Terentianus,

99 1065 218 1106 cuius
241 1068 339 1106 sunt
369 1065 477 1106 haec
510 1064 629 1121 [1953
657 1069 759 1116 4303
784 1064 881 1120 207]
924 1063 964 1105 ‘c
992 1068 1177 1115 pressius
1208 1071 1340 1116 uryel.
1395 1067 1486 1104 (lein
1511 1067 1605 1104 ltine

97 1142 135 1173 et
165 1137 258 1175 hinc
288 1131 495 1179 remittit’:
538 1132 590 1185 ’3,
623 1137 770 1175 deinde
806 1135 933 1185 ἰῶτα,
976 1136 1135 1174 Graeca
1181 1138 1289 1184 quod
1328 1136 1524 1184 diplzonos
1570 1149 1605 1175 ει

95 1199 258 1251 .s·0nat';
311 1200 603 1253 ‘quasczmzque
655 1206 846 1252 deinceps
898 1205 1019 1243 libeat
1071 1205 1217 1253 iuyare
1268 1199 1425 1242 voces'.
1503 1215 1601 1241 mox

97 1270 228 1311 ceteri
269 1270 430 1323 passim
469 1270 533 1311 usi
577 1270 801 1311 dihaeresi.
875 1270 988 1323 quod
1037 1275 1188 1311 contra
1236 1274 1381 1311 dehinc
1426 1272 1603 1323 propter

97 1338 280 1379 mediam
323 1342 348 1379 h
388 1338 640 1392 plerumque
685 1343 910 1392 separatas
951 1338 1083 1379 habet
1114 1339 1295 1380 vocales.
1357 1339 1447 1379 eius
1485 1337 1604 1378 verbi

97 1410 320 1448 contracta
350 1406 488 1448 forma
517 1407 775 1460 aliquotiens
806 1422 907 1448 usus
932 1406 1156 1459 Vergilius,
1190 1406 1319 1448 semel
1351 1406 1601 1460 Propertius

97 1474 163 1531 [IL
196 1479 233 1526 4,
263 1475 318 1532 6],
351 1475 481 1517 semel
513 1475 688 1517 Ovidius
721 1476 832 1532 [fast.
856 1476 924 1526 VI,
949 1475 1060 1532 788}
1123 1479 1167 1517 at
1198 1489 1431 1528 numquam
1463 1474 1603 1516 Statio

96 1557 190 1585 eam
230 1543 458 1597 probatam
502 1544 812 1585 demonstravit
853 1544 898 1585 O.
936 1544 1167 1585 Muellerus
1210 1545 1382 1595 Quaest.
1421 1543 1602 1584 Statian.

95 1625 163 1665 pg.
198 1615 261 1653 13.
322 1626 420 1653 nam
453 1612 602 1653 Achill.
633 1612 663 1662 Ι,
700 1616 781 1654 370
822 1612 1095 1653 scribendum
1138 1627 1232 1654 cum
1275 1611 1491 1654 nonnullis
1535 1625 1603 1652 co-

96 1680 285 1722 dicibus:

347 1737 429 1771 dein
456 1738 596 1772 sociare
624 1737 755 1772 choros
782 1738 965 1782 castisque
991 1737 1169 1773 accedere
1195 1738 1318 1771 sacris.

95 1804 226 1847 Theb.
257 1805 309 1856 II,
345 1809 425 1848 100
455 1820 557 1860 pars
587 1806 795 1847 librorum
828 1806 983 1848 habet:

345 1885 519 1919 vittarum
544 1887 715 1930 provenit
739 1886 866 1920 honos.
905 1886 989 1920 dein
1015 1890 1166 1931 tangere
1193 1898 1303 1921 raino.

94 1967 173 1995 nec
204 1953 340 2007 magis
375 1953 578 1995 Horatius
609 1955 752 2008 posuit
784 1954 1123 2009 monosyllabum
1165 1954 1231 2011 [cf.
1265 1970 1413 1997 00111111.
1446 1955 1488 1995 111
1522 1959 1600 1996 sat.

95 2022 126 2072 Ι,
161 2027 198 2073 5,
220 2021 310 2078 97];
342 2036 480 2075 neque
512 2023 648 2076 inagis
682 2023 906 2074 Ausonius,
939 2023 1054 2077 apud
1085 2038 1210 2077 quem
1238 2024 1281 2064 111
1312 2038 1439 2065 versu
1472 2023 1600 2079 [XXL

97 2093 134 2141 2,
169 2094 218 2132 15
251 2090 314 2132 ed.
341 2090 561 2147 Schenk.]:

346 2170 482 2204 frustra
506 2170 638 2205 dehinc
665 2172 742 2206 solo
771 2171 996 2216 Caprearum
1023 2172 1166 2206 clausus
1192 2173 1228 2206 in
1254 2176 1359 2206 antro

93 2237 201 2279 illud
232 2243 400 2290 frustra
431 2253 620 2292 aequare
651 2240 902 2281 trochaeum
941 2245 1058 2282 recte
1099 2241 1279 2282 adnotat
1309 2241 1601 2283 Schenkelius.

96 2331 148 2335 —-
193 2307 409 2348 invenitur
452 2322 554 2349 sane
596 2309 663 2350 bis
705 2313 824 2350 terve
865 2312 1061 2350 coactum
1103 2314 1249 2351 dehinc
1289 2310 1404 2364 apud
1450 2313 1602 2364 poetas

96 2375 364 2427 christianos,
396 2379 445 2417 ut
475 2377 591 2429 apud
617 2377 832 2418 Victorem
866 2376 1008 2433 [aleth.
1041 2379 1114 2429 ΙΙΙ,
1147 2379 1267 2435 676];

343 2458 433 2495 ‘non
460 2458 626 2505 perdam'
654 2462 756 2496 dixit.
793 2463 924 2497 dehinc
952 2465 1207 2507 percunctatio
1233 2465 1386 2508 blanda,

94 2533 168 2575 ubi
205 2538 351 2576 tamen
394 2535 527 2576 codex
569 2550 594 2576 a
639 2536 780 2589 prima
823 2551 952 2578 manu
990 2537 1159 2579 videtur
1210 2539 1413 2580 habuisse
1457 2543 1600 2587 delum,

94 2605 142 2642 ut
181 2602 408 2655 probabile
449 2604 503 2644 311
539 2603 765 2656 legendum
809 2609 925 2647 dee'm.
987 2606 1103 2659 apud
1145 2607 1325 2649 eundem
1368 2607 1472 2649 alibi
1514 2607 1601 2663 [HL

96 2668 193 2726 529]
228 2670 337 2711 citra
366 2671 619 2712 varietatem
653 2672 893 2725 scripturae
926 2673 1085 2715 fertur:

344 2752 558 2784 terrestrem
584 2751 713 2785 fecisse
736 2763 893 2786 manum.
935 2753 1067 2787 dehinc
1095 2757 1173 2788 tota
1198 2755 1338 2788 beatae.

93 2816 156 2857 ita
186 2820 230 2858 et
258 2817 504 2859 Priscianus
537 2818 709 2875 [perieg.
742 2819 866 2876 475]:

345 2897 396 2931 sic
423 2897 507 2932 alibi
533 2902 695 2942 generat.
739 2899 870 2934 dehinc
897 2912 1006 2945 rupes
1032 2901 1281 2935 Aeolidaruni.

96 2966 225 3017 atque
262 2965 602 3021 monosyllabum
631 2966 765 3009 habes
796 2968 1029 3010 identidem
1061 2970 1175 3024 apud
1207 2970 1465 3012 Venantium
1498 2971 1546 3027 [c.
1568 2972 1599 3027 1,
