1898 3292
261 206 341 243 {5130
847 214 967 237 LIBER
987 213 1175 244 QVARTVS.

266 321 296 365 l,
336 316 423 370 10],
468 316 617 357 similis
659 316 833 357 licentia
874 316 989 356 haud
1022 316 1148 356 dubie
1181 316 1322 369 11011111
1358 316 1495 356 locum
1532 315 1692 355 habore
1725 315 1765 354 in

260 384 501 425 nominibus
546 384 734 438 propriis
779 399 857 425 1100
903 384 1041 437 magis
1084 384 1364 437 perspicitur,
1411 398 1486 424 cur
1524 384 1596 436 qui
1639 382 1767 424 ‘Coeo

263 450 588 505 Encelacloque’,
634 451 805 493 ‘Troiae
838 450 1062 493 exrcislizctn’
1100 453 1210 507 [aen.
1245 452 1312 502 IV,
1350 456 1445 504 1793
1481 452 1526 502 V,
1560 453 1681 506 626],
1714 453 1768 493 si-

259 522 378 562 milia
422 522 575 562 extulit
622 536 715 562 cum
764 521 939 562 elisione
988 521 1201 574 Vergilius
1248 520 1450 561 maluerit
1502 535 1595 561 cum
1646 520 1769 561 hiatu

262 590 502 640 durissimo,
534 590 578 630 id
611 590 726 643 quod
759 589 922 643 placuit
954 589 1241 639 Lachmanno,
1275 589 1417 630 dicere
1459 588 1660 640 ‘Alpheae
1690 593 1769 630 0νὶ-

260 657 377 710 (χῖ116’
424 660 534 714 [aen.
565 659 615 707 X,
651 659 748 713 179]
789 672 868 712 pro
911 672 959 699 eo
1000 658 1115 711 quod
1158 658 1320 699 habent
1360 658 1459 699 libri
1500 662 1680 708 Alpheae
1720 662 1768 699 ab

265 731 435 780 origjine.
505 741 583 768 nec
622 741 722 768 vero
765 741 1010 768 concessum
1053 726 1107 767 ab
1148 726 1381 767 Ritschelio
1423 726 1494 781 [ad
1525 727 1640 768 Pers.
1669 728 1769 781 409]

261 797 402 837 caveri
435 811 460 837 a
492 796 645 836 Plauto
676 795 799 846 illud,
837 809 889 836 ne
920 796 1049 848 longa
1077 795 1364 849 praecedente
1397 796 1532 837 vocali
1562 810 1673 849 pura
1706 811 1768 837 50-

261 880 394 918 (1110115
436 866 538 906 110111
578 865 708 918 longa
747 865 1084 905 imminueretur.
1147 878 1257 917 quae
1298 879 1392 905 cum
1434 865 1496 905 ita
1538 865 1642 915 51111,
1688 880 1769 905 11011

261 935 396 987 magis
427 948 555 987 quam
590 947 614 974 a
648 933 820 974 Lucano
853 936 895 973 et
927 933 1116 986 Vergilio
1160 933 1356 986 exempla
1391 947 1522 987 supra
1561 933 1772 973 collocata

262 1018 287 1044 a
320 1004 523 1044 Cicerone
567 1001 911 1043 abiudicabimus
954 1001 1061 1042 illud
1103 1001 1175 1056 [de
1207 1001 1333 1042 divin.
1366 1002 1401 1051 Ι,
1436 1005 1503 1051 13,
1538 1002 1607 1054 221
1652 1005 1771 1051 inque

261 1074 479 1112 Academia
523 1073 748 1122 umbrifera
788 1074 996 1121 nitidoque
1033 1073 1187 1122 Lyaeo,
1233 1070 1306 1111 ubi
1351 1070 1402 1111 (10
1443 1070 1565 1111 hiatu
1610 1070 1771 1110 frustra

263 1140 506 1193 suspicatus
539 1142 604 1180 est
636 1139 947 1180 Lachmannus.
1008 1153 1107 1179 nam
1146 1139 1273 1180 5011101
1307 1153 1332 1179 a
1364 1153 1407 1180 se
1439 1140 1482 1179 111
1508 1139 1772 1179 hexametris

263 1207 498 1249 admissum
520 1208 685 1248 hiatum
715 1208 810 1249 loco
834 1222 965 1261 supra
987 1208 1128 1261 posito
1151 1208 1346 1248 Oratoris
1380 1208 1463 1261 145,
1492 1207 1586 1263 152]
1620 1207 1771 1248 testari

262 1276 433 1318 videtur
466 1276 627 1317 Cicero.
689 1290 818 1330 porro
863 1290 915 1317 ne
957 1290 981 1317 a
1010 1276 1286 1317 Lachmanno
1327 1276 1499 1328 quidem
1541 1275 1773 1316 sollicitata

263 1360 287 1385 a
319 1346 482 1386 Seneca
516 1349 558 1386 et
590 1345 785 1385 Phaedro
816 1345 858 1385 in
890 1345 1039 1398 quinta
1071 1345 1255 1386 trimetri
1296 1345 1382 1385 arsi
1421 1344 1609 1385 admissa
1652 1344 1771 1384 elisio

262 1414 360 1455 talis
396 1413 513 1470 [Oed.
545 1417 648 1465 2883
683 1417 786 1466 3053
822 1413 930 1454 Med.
956 1417 1060 1465 4713
1094 1415 1241 1466 Agam.
1266 1417 1370 1465 9183
1406 1413 1530 1454 Herc.
1554 1413 1646 1453 Oet.
1671 1416 1771 1464 7163

261 1483 330 1534 IV,
363 1486 428 1533 23,
458 1482 510 1538 S}
571 1483 695 1523 mitto
727 1482 902 1523 Paeonii
933 1496 1115 1533 versum,
1148 1482 1220 1535 qui
1247 1482 1406 1535 legitur
1433 1496 1498 1535 ap.
1522 1481 1771 1522 Diomedem

261 1565 328 1604 pg.
362 1555 456 1602 498,
490 1565 617 1605 quem
646 1553 708 1592 ita
737 1551 929 1592 restituit
957 1550 1194 1604 Hauptius:

582 1631 663 1666 Eoo
692 1631 841 1666 Oceano
863 1630 1058 1676 Hyperion
1086 1631 1248 1675 fulgurat
1272 1630 1384 1665 Euro.

264 1714 361 1740 nam
394 1700 454 1741 ibi
486 1704 534 1741 ut
576 1701 815 1742 rectissime
851 1700 985 1741 habet
1024 1699 1130 1740 illud
1160 1703 1262 1748 Eoo,
1304 1699 1366 1740 ita
1403 1704 1563 1740 Oceano
1605 1699 1774 1740 videtur

265 1773 527 1822 corruptum.
589 1769 665 1810 sed
709 1769 820 1810 addo
862 1769 970 1810 haec
1000 1769 1138 1823 petita
1172 1768 1226 1809 ab
1260 1768 1510 1809 auctoribus
1545 1768 1650 1808 seris
1682 1767 1773 1820 qui—

264 1837 359 1878 dem
391 1841 557 1889 aetate,
602 1842 647 1878 at
684 1838 857 1878 minime
890 1838 1005 1878 circa
1035 1837 1300 1891 copulandas
1331 1837 1500 1878 vocales
1532 1836 1771 1877 incuriosis.

262 1906 410 1959 itaque
439 1907 554 1961 apud
586 1907 891 1947 Terentianum
923 1906 1057 1947 habes
1089 1905 1197 1947 haec
1230 1905 1397 1961 [1579]:

538 1986 694 2020 bacchio
721 1986 894 2020 adversus
920 1985 984 2020 fiet
1009 1998 1085 2030 pes.
1128 1997 1211 2019 nam
1237 1986 1358 2020 brevis
1384 1988 1524 2028 antest3

267 2059 308 2095 et
342 2055 459 2109 apud
492 2055 769 2096 Prudentium
806 2054 1003 2111 [hamart.
1037 2053 1155 2110 286]:

470 2135 606 2169 vellere
632 2147 705 2169 non
732 2135 864 2178 ovium⁷
892 2135 956 2169 sed
984 2146 1050 2168 eoo
1078 2146 1122 2168 ex
1152 2136 1241 2169 orbe
1267 2135 1404 2179 petitis.

265 2207 307 2244 et
338 2204 543 2245 Paulinus
576 2203 656 2260 [247
688 2203 812 2260 455]:

363 2274 366 2277 Ι
473 2284 737 2328 speculumque
763 2284 895 2318 mentis
922 2287 959 2318 et
988 2284 1073 2318 fidei
1098 2285 1213 2317 instar
1239 2286 1334 2318 tuae.

266 2359 327 2400 sic
350 2359 479 2400 etiam
501 2359 544 2399 in
565 2358 751 2399 iambico
774 2362 912 2399 metro
935 2358 1130 2412 adeoque
1147 2358 1213 2399 bis
1231 2359 1416 2399 Avienus
1442 2358 1516 2414 [or.
1536 2372 1639 2399 mar.
1654 2358 1775 2414 314]:

472 2438 637 2483 Erythea
661 2439 705 2473 ab
732 2450 827 2473 arce.
868 2451 938 2482 qua
963 2438 1036 2472 diei
1063 2450 1215 2473 occasus
1240 2442 1304 2473 est.

266 2527 344 2555 nec
375 2516 520 2554 tamen
554 2517 618 2554 est
648 2513 823 2555 dubium
847 2528 1001 2567 parum
1023 2517 1190 2567 gratam
1216 2527 1307 2555 esse
1331 2513 1561 2564 elisionem,
1595 2513 1629 2554 si
1651 2527 1775 2566 prae-

268 2582 395 2623 cedat
439 2581 696 2623 minuendae
743 2582 934 2636 syllabae
980 2582 1141 2624 vocalis
1185 2582 1530 2635 qualiscumque,
1576 2582 1621 2622 id
1662 2581 1776 2635 quod

267 2655 386 2692 certa
419 2651 705 2692 demonstrari
735 2654 880 2704 potest
910 2651 1089 2692 ratione.
1143 2651 1297 2692 etenim
1327 2665 1422 2692 cum
1446 2650 1603 2692 vocalis
1626 2651 1777 2691 ultima

269 2719 585 2772 quadamtenus
619 2718 906 2760 absorbeatur
938 2720 1133 2773 synizesi‚
1165 2720 1261 2761 finis
1292 2720 1408 2760 verbi
1446 2720 1524 2761 sub
1558 2719 1774 2760 elisionem

269 2788 461 2829 cadentis
507 2787 562 2828 ad
602 2788 842 2841 proximam
889 2788 1053 2828 recedit
1099 2788 1326 2842 syllabam,
1374 2802 1484 2841 quae
1531 2788 1565 2828 si
1608 2788 1777 2839 integra

267 2857 525 2897 terminatur
557 2856 715 2902 vocali,
755 2856 894 2897 denuo
933 2856 1070 2897 oritur
1108 2856 1422 2897 incommodum
1463 2856 1599 2897 simile
1631 2856 1775 2895 hiatus

270 2925 506 2967 eonstantis
539 2925 656 2966 exitu
687 2925 813 2966 vocis.
876 2929 918 2965 et
948 2924 1071 2979 peius
1103 2925 1274 2978 quidem
1306 2925 1350 2966 id
1381 2926 1528 2966 vitium
1564 2925 1607 2966 in
1638 2924 1777 2965 vocali
