1898 3292
215 200 296 240 384
807 209 928 233 Lmen
949 208 1127 238 va'rvs.

216 310 353 365 possit
394 310 654 363 quantitate,
697 309 812 350 haud
857 309 982 350 facile
1030 309 1278 362 intellegas,
1330 323 1409 350 nec
1453 311 1605 363 magis,
1650 324 1724 352 cur

212 381 403 429 (senelre'a‘
444 378 530 419 sive
563 381 760 419 meretrix
794 377 980 430 refugiat
1013 378 1094 418 vim
1136 378 1382 430 positionis,
1425 392 1553 431 quam
1596 393 1723 433 saepe

212 446 386 488 admisit
417 460 437 487 e
467 447 509 487 in
544 450 761 497 pharetra.
943 497 946 501 ι

326 515 526 556 Ceterum
555 514 672 556 haud
703 513 890 555 absurde
922 513 1209 555 Schneiderus
1241 528 1300 567 gr.
1331 514 1404 555 lat.
1434 515 1465 565 Ι,
1489 518 1566 556 681
1605 515 1724 565 dixit,

212 583 327 637 quod
358 584 402 624 in
435 583 612 625 Graecis
642 582 869 633 nonnullis,
902 586 950 623 ut
991 585 1161 626 Codrus.
1200 586 1399 633 Daphnis,
1439 586 1626 633 Cecrops,
1658 584 1725 623 vel

212 666 445 706 numquam
467 652 533 693 vel
556 652 774 693 rarissime
797 651 1040 692 inveniatur
1073 654 1273 705 correpta
1304 652 1464 692 vocalis
1496 656 1594 693 ante
1627 666 1723 693 con-

212 735 338 762 sonas
371 721 496 772 duas,
528 721 573 761 id
601 734 726 774 posse
758 720 893 760 videri
927 720 1145 773 epicorum
1180 720 1441 761 Graecorum
1476 720 1721 773 antiquissi-

211 804 378 831 morum
423 790 662 830 imitatione
708 788 893 839 factum,
940 788 1055 842 apud
1102 802 1209 841 quos
1255 793 1373 829 muta
1420 803 1515 829 cum
1560 788 1724 842 liquida

211 862 378 899 tantum
410 871 495 899 non
526 871 694 911 semper
725 856 991 910 producatur
1019 857 1166 898 littera
1198 857 1474 911 praecedens.

326 927 485 968 Contra
516 930 700 968 latrandi
729 925 1002 976 vocabulum,
1048 925 1099 966 de
1141 939 1224 979 quo
1267 926 1430 979 primus
1467 929 1583 967 recte
1616 926 1724 967 iudi-

211 996 323 1036 cavit
354 994 575 1035 Bentleius
608 995 776 1049 [comm.
811 995 853 1034 in
885 994 1067 1035 Phaedr.
1101 994 1147 1044 V,
1188 998 1249 1043 10,
1283 995 1347 1049 7],
1385 1009 1469 1036 11011
1500 995 1723 1048 positione,

212 1064 286 1105 sed
329 1067 485 1104 natura
526 1063 698 1116 longam
740 1063 901 1105 habere
942 1078 967 1104 α
1009 1077 1103 1104 cum
1144 1063 1390 1104 declaretur
1426 1077 1551 1104 versu
1582 1063 1724 1104 Plauti

212 1132 315 1187 [mil.
349 1132 453 1185 glor.
489 1132 589 1186 681]
633 1131 712 1173 ‘set
743 1137 832 1173 nolo
864 1136 916 1172 mi
947 1134 1250 1173 oblatratricem
1289 1136 1329 1172 in
1371 1135 1486 1173 aedis
1528 1136 1723 1173 intromit-

213 1198 320 1241 tere’
355 1225 409 1230 —
452 1200 611 1254 quippe
645 1199 798 1241 debilis
828 1200 1055 1253 positionis
1087 1200 1205 1240 nulla
1236 1200 1298 1241 vis
1339 1204 1404 1242 est
1446 1201 1561 1254 apud
1605 1214 1722 1242 scae-

211 1269 330 1311 nicos
352 1294 420 1320 -,
444 1268 557 1322 quod
577 1269 762 1310 Avienus
786 1282 880 1309 cum
902 1268 1120 1321 plerisque
1142 1272 1368 1322 poetarum
1393 1269 1724 1310 christianorum

213 1337 393 1391 corripit
424 1338 514 1379 eius
536 1337 736 1378 vocabuli
765 1337 961 1391 primam,
996 1351 1141 1378 errore
1164 1335 1325 1378 factum
1348 1351 1440 1378 esse
1462 1337 1723 1391 putabimus,

210 1405 313 1447 licet
351 1405 541 1459 alioquin
582 1405 643 1446 illi
685 1409 752 1447 sat
788 1405 974 1446 fideliter
1017 1405 1282 1458 quantitates
1318 1410 1541 1450 serventur
1571 1407 1614 1447 in
1644 1406 1723 1447 La-

211 1475 324 1516 tinis.
386 1488 485 1515 nam
533 1478 575 1516 et
618 1478 892 1523 involuerum,
939 1478 1169 1522 lavacrum,
1216 1477 1393 1515 salubris
1438 1474 1660 1529 [Prudent.
1690 1489 1722 1516 c.

215 1543 371 1598 Symm.
401 1544 420 1585 I
462 1543 598 1597 praef.
630 1547 705 1596 543
753 1543 933 1584 Venant.
964 1542 1139 1583 miscell.
1174 1543 1221 1594 V,
1256 1547 1297 1593 5,
1339 1558 1378 1597 p.
1416 1547 1516 1595 189,
1563 1543 1722 1585 anthol.

216 1615 308 1663 184,
341 1616 364 1653 8
398 1612 465 1666 Β]
509 1626 585 1666 per
626 1616 814 1653 aetatem
845 1615 1082 1652 extremam
1113 1611 1283 1665 imperii
1315 1612 1495 1652 Romani
1524 1616 1725 1666 correpta

211 1681 486 1722 inveniuntur
531 1680 698 1735 syllaba
741 1680 1017 1734 paenultima.
1088 1679 1203 1733 quod
1242 1679 1493 1734 plerumque
1533 1680 1725 1721 adducor

212 1752 260 1790 ut
289 1748 462 1790 credam
496 1763 545 1790 eo
578 1763 723 1791 errore
756 1750 958 1800 evenisse,
992 1762 1076 1802 quo
1098 1762 1210 1789 nunc
1231 1749 1540 1802 imperitissimi
1570 1763 1723 1803 puero-

212 1832 307 1859 rum
348 1821 544 1859 statuunt
583 1831 708 1872 posse
750 1832 834 1859 non
877 1817 1003 1859 modo
1046 1817 1228 1871 produci
1268 1817 1436 1869 breves,
1480 1817 1555 1859 sed
1595 1818 1722 1859 etiam

214 1886 372 1940 corripi
401 1886 564 1939 longas,
597 1887 633 1928 si
664 1891 785 1928 muta
817 1890 1025 1940 sequatur
1055 1900 1149 1927 cum
1180 1886 1356 1939 liquida.

327 1956 383 1995 At
411 1968 596 2009 syncope
628 1959 724 1996 orta
755 1970 885 2006 supra
917 1959 959 1996 et
991 1958 1210 2006 disciplina
1233 1955 1344 1996 sicut
1366 1956 1579 1996 communi
1601 1969 1723 1996 usur-

212 2026 372 2077 pantur
403 2024 542 2077 prima
573 2024 639 2065 vel
671 2024 880 2075 secunda,
924 2024 1194 2065 Sammonico
1225 2029 1409 2065 nucleum
1442 2023 1561 2065 brevi
1592 2039 1617 2065 u
1650 2024 1723 2065 ad-

214 2092 397 2133 hibitum
425 2092 546 2147 [404]
568 2092 766 2134 firmatur
787 2092 898 2134 libro
922 2092 1155 2134 Turicensi.
1201 2096 1267 2134 est
1290 2096 1433 2134 autem
1456 2106 1604 2134 versus
1631 2093 1721 2134 hic:

466 2165 637 2201 Persicus
663 2167 748 2201 huic
775 2170 904 2212 potum
930 2178 949 2202 e
976 2167 1107 2201 nucleo
1135 2167 1237 2202 dabit
1261 2167 1448 2202 interiore.

217 2233 368 2280 contra
400 2229 584 2271 Ennium
615 2230 723 2271 scito
757 2231 929 2272 invento
973 2234 1015 2272 et
1047 2230 1262 2284 probabili
1292 2230 1591 2272 emendatione
1623 2244 1725 2272 usus

218 2297 436 2339 Vahlenus
477 2299 694 2352 persuasit
736 2299 838 2340 mihi
880 2299 924 2340 in
962 2299 1173 2354 dactylico
1215 2303 1352 2341 metro
1389 2299 1548 2341 dixisse
1581 2300 1725 2353 potius

210 2364 408 2407 ‘reddere
440 2370 527 2417 opis
564 2365 766 2418 pretium'
803 2381 930 2420 quam
964 2366 1149 2418 ‘oprae'.
1212 2381 1350 2422 neque
1381 2368 1486 2409 satis
1518 2371 1726 2409 certumst

216 2438 484 2485 olm-e'rteentzmz
530 2449 585 2476 an
631 2442 904 2487 oper-mentum
952 2436 1146 2490 posuerit
1184 2436 1443 2478 Prudentius
1483 2450 1610 2477 versu
1651 2436 1724 2477 illo

214 2503 377 2558 [psych.
410 2504 536 2559 462]:

466 2578 564 2613 velat
589 2578 810 2623 oprimento.
858 2579 965 2613 velox
990 2591 1073 2613 nam
1099 2579 1230 2614 dextra
1254 2580 1409 2624 rapinas⁴

216 2650 261 2687 at
288 2647 331 2687 in
362 2650 539 2698 maniplo
573 2660 742 2701 semper
770 2661 795 2688 a
817 2647 1039 2703 dactylicis
1061 2648 1298 2690 intenditur
1317 2649 1595 2702 paenultima,
1628 2663 1723 2690 cum

217 2728 242 2756 a
273 2715 479 2757 scaenicis
514 2715 775 2769 corripiatur
806 2716 962 2770 [Plaut.
994 2717 1174 2759 mostell.
1209 2718 1321 2772 312}
1382 2716 1565 2771 denique
1593 2721 1723 2768 publi-

216 2796 286 2824 cus
320 2783 374 2825 ab
407 2784 602 2837 utrisque
633 2797 802 2838 semper
838 2784 967 2838 longa
996 2785 1174 2827 effertur
1205 2800 1255 2835 u,·
1293 2786 1397 2827 item
1428 2788 1607 2834 Publius,
1649 2785 1722 2826 ad-

217 2865 352 2905 eoque
383 2852 468 2893 iam
500 2853 541 2893 in
573 2852 792 2906 epitaphio
825 2853 1010 2906 quodam
1043 2854 1289 2908 Scipionum
1321 2855 1378 2909 [5,
1412 2855 1474 2908 7];

467 2930 575 2970 terra,
603 2926 722 2970 Publi,
748 2930 968 2971 prognatum
996 2927 1139 2972 Publio,
1167 2928 1324 2962 Corneli.
