1898 3292
288 209 335 248 21
346 212 368 249 2
884 219 1004 243 LIBER
1022 218 1197 244 TERTIVS.

403 322 601 363 Ceterum
633 321 823 362 rationes
854 335 904 361 ac
936 321 1130 362 modulos
1161 321 1380 362 incisionis
1409 335 1506 362 vere
1537 321 1798 371 trochaicae,

287 404 397 443 quae
430 389 603 443 quidem
636 389 751 443 apud
775 390 990 430 Romanos
1022 389 1148 442 longe
1182 390 1323 430 rarius
1351 390 1491 430 evenit
1514 403 1642 442 quam
1664 389 1797 443 heph-

286 458 553 499 themimeris
599 458 713 511 apud
762 457 973 509 Graecos,
1021 458 1154 511 siquis
1202 458 1326 511 plene
1371 471 1629 510 cognoscere
1673 457 1799 508 volet,

285 527 403 580 legat
443 527 621 580 Vergilii
660 526 820 572 libros,
867 527 939 578 qui
985 541 1068 567 non
1111 526 1239 566 aliam
1280 527 1342 567 rei
1383 526 1589 567 metricae
1631 530 1799 580 partem

288 595 512 649 suptiliore
545 608 649 636 cura
681 594 1009 635 administravit.
1072 609 1256 648 namque
1297 595 1433 635 utitur
1461 594 1535 634 illa
1568 608 1798 647 numquam

287 664 368 704 nisi
410 663 539 704 certis
581 663 905 704 condicionibus
947 667 1021 704 aut
1053 663 1211 703 additis
1244 663 1463 704 vocabulis
1494 663 1682 716 propriis
1714 663 1801 703 sive

287 732 496 773 technicis
529 745 604 773 seu
634 731 914 786 polysyllabis
947 735 1022 772 aut
1044 732 1241 785 repetitis
1265 732 1455 772 oratorio
1479 731 1637 772 affectu
1659 731 1800 772 verbis

288 801 375 841 sive
419 801 647 841 cumulatis
695 804 770 840 aut
816 800 868 840 ad
917 800 1201 841 describenda
1243 801 1391 853 gravia
1432 799 1692 853 indignaque
1736 800 1801 840 vel

287 869 405 910 lenta
449 873 492 910 et
539 869 685 922 quieta
732 873 806 909 aut
852 868 978 909 aliter
1029 883 1106 922 per
1158 869 1504 922 paronomasian.
1573 872 1802 921 praeterea

288 937 523 978 notabilest
564 936 618 978 ad
658 936 871 978 sedandos
912 936 1092 978 affectus
1134 937 1342 978 orationis
1379 937 1629 990 gravissime
1662 937 1801 977 conci-

288 1010 406 1047 tatae
439 1010 515 1047 aut
546 1006 728 1047 sublime
760 1006 901 1046 elatae
931 1005 1057 1046 finem
1082 1005 1314 1059 aliquando
1337 1005 1430 1046 fieri
1451 1005 1657 1046 incisione
1679 1006 1800 1046 muli-

289 1074 381 1115 ebri
404 1075 536 1116 veluti
559 1075 676 1116 exitu
698 1074 797 1115 libri
828 1075 954 1128 primi
987 1075 1284 1128 georgicorum
1316 1079 1391 1115 aut
1423 1074 1575 1115 ultima
1606 1075 1800 1115 oratione

288 1144 474 1195 Iunonis,
507 1157 617 1197 quae
645 1144 803 1196 legitur
825 1144 1028 1185 aeneidos
1058 1143 1082 1184 l.
1107 1144 1145 1184 X
1172 1144 1295 1184 initio
1324 1144 1378 1198 [v.
1403 1143 1486 1197 95].
1539 1156 1641 1183 sane
1665 1142 1801 1183 simile

288 1213 509 1266 praeierat
538 1211 732 1253 Catullus
763 1212 826 1252 ita
856 1213 941 1267 [64‚
974 1212 1097 1266 204]:

520 1292 648 1326 adnuit
672 1292 810 1326 invicto
840 1292 1041 1326 caelestum
1066 1292 1214 1326 numine
1240 1295 1374 1335 rector,

520 1361 592 1394 quo
619 1352 723 1383 motu
749 1349 858 1383 tellus
886 1352 996 1393 atque
1021 1349 1172 1383 horrida
1198 1351 1504 1383 contremuerunt

519 1418 679 1450 aequora
705 1406 965 1449 concussitque
992 1406 1167 1440 micantia
1192 1406 1312 1440 sidera
1336 1406 1504 1439 mundus.

406 1477 548 1529 Atque
593 1475 702 1516 haec
748 1475 814 1516 vel
863 1475 969 1516 talia
1016 1489 1109 1516 cum
1157 1475 1199 1515 in
1248 1474 1434 1516 editione
1481 1474 1623 1528 priore
1671 1474 1802 1515 disse-

293 1545 548 1594 ruissemus,
594 1544 877 1598 plurimorum
926 1547 1025 1584 sunt
1065 1543 1251 1596 probata
1291 1543 1488 1584 adsensu.
1560 1557 1696 1596 eaque
1738 1543 1804 1584 vel

290 1628 402 1654 nunc
433 1612 642 1654 habemus
672 1626 750 1666 pro
785 1612 926 1662 certis,
959 1626 1009 1652 ac
1041 1626 1092 1652 ne
1122 1612 1371 1653 abdicemus
1402 1625 1454 1652 ne
1478 1611 1678 1652 Guilelmi
1711 1612 1802 1665 qui-

290 1682 385 1723 dem
408 1681 570 1732 Meieri,
603 1681 669 1722 cui
692 1680 921 1735 plurimum
944 1680 1187 1731 tribuimus,
1221 1680 1397 1721 adducti
1421 1695 1566 1722 sumus
1589 1681 1803 1721 sententia

289 1751 471 1801 diversa,
505 1763 555 1791 ac
586 1749 721 1791 multo
753 1750 892 1790 minus
924 1749 1118 1791 aliorum.

403 1819 513 1860 Nam
560 1832 656 1859 cum
701 1817 773 1859 ille
818 1818 861 1858 in
908 1818 1018 1859 libro
1071 1817 1293 1859 doctrinae
1344 1817 1483 1859 bonae
1533 1817 1801 1872 plenissimo,

293 1901 420 1941 quem
462 1887 514 1928 de
554 1886 807 1927 hexametro
847 1886 1013 1927 Graeco
1057 1890 1099 1927 et
1137 1886 1291 1927 Latino
1333 1887 1541 1940 scriptum
1584 1887 1800 1928 Monachii

289 1969 326 1997 a.
356 1955 740 1997 MDCCCLXXXV
774 1954 920 2005 edidit,
949 1955 992 1995 in
1024 1959 1160 1996 metro
1193 1955 1291 1996 tali:

518 2035 708 2068 infandum
733 2035 861 2079 regina
885 2035 991 2068 iubes
1016 2046 1193 2068 renovare
1221 2034 1387 2069 dolorem

288 2104 503 2158 triplicem
544 2118 694 2145 rursus
735 2107 948 2144 statueret
993 2117 1085 2144 esse
1128 2117 1351 2144 caesuram
1392 2103 1477 2158 [pg.
1515 2104 1663 2158 1065]‚
1704 2103 1801 2144 ideo

288 2173 473 2214 maxime
503 2186 529 2214 a
559 2172 731 2226 placitis
762 2172 921 2213 nostris
953 2171 1183 2225 digressus,
1229 2171 1345 2225 quod
1379 2176 1556 2225 putaret
1586 2173 1802 2213 Romanos

289 2242 415 2282 sicuti
448 2241 638 2282 Graecos
668 2241 712 2281 in
745 2241 874 2281 tertio
905 2241 1175 2294 potissimum
1207 2240 1317 2293 pede
1348 2241 1581 2282 consistere
1614 2240 1797 2282 voluisse

288 2310 561 2361 incisionem,
606 2323 683 2363 ego
724 2323 824 2350 vero
866 2309 977 2349 hanc
1019 2309 1318 2362 gravissimam
1361 2308 1649 2350 differentiam
1689 2310 1801 2350 inter

290 2379 489 2419 Latinum
522 2378 819 2419 hexametrum
861 2381 904 2418 et
936 2377 1150 2418 Graecum
1194 2378 1402 2418 interesse
1443 2381 1485 2418 et
1527 2377 1625 2419 olim
1668 2379 1800 2419 statui

289 2449 332 2487 et
362 2460 475 2487 nunc
504 2449 642 2496 teneo,
676 2445 791 2499 quod
824 2446 1017 2497 Romani,
1049 2460 1102 2486 ne
1129 2446 1172 2486 in
1203 2445 1286 2486 hac
1318 2445 1490 2499 quidem
1526 2449 1648 2499 parte
1677 2446 1800 2487 obliti

286 2514 517 2564 libertatis,
550 2527 679 2567 quam
708 2514 939 2568 plurimum
972 2513 1250 2555 declararunt
1282 2514 1325 2554 in
1356 2514 1635 2555 traducendis
1668 2514 1798 2555 Grae-

290 2595 436 2623 corum
460 2582 620 2632 metris,
652 2583 892 2635 proximam
924 2587 1022 2636 post
1044 2582 1425 2635 penthemimerem
1449 2583 1702 2636 dignitatem
1724 2583 1799 2623 tri—

287 2650 477 2692 buerunt
507 2650 878 2704 hephthemimeri.
932 2651 1045 2703 quod
1079 2651 1235 2704 quibus
1265 2651 1450 2704 permoti
1485 2651 1626 2691 causis
1648 2650 1800 2692 fecisse

288 2719 554 2769 viderentur,
588 2722 761 2772 suprast
793 2719 1044 2771 expositum.
1090 2743 1143 2748 —-
1183 2719 1289 2759 illud
1331 2719 1440 2760 enim
1474 2719 1643 2769 omitto,
1686 2718 1800 2771 quod

289 2786 482 2827 nonnulli
514 2786 568 2827 ad
605 2786 988 2827 commendandam
1021 2787 1264 2839 opinionem
1297 2787 1557 2828 contrariam
1594 2787 1800 2828 Varronis

289 2854 417 2910 [Gell.
450 2855 609 2906 XVIII,
644 2855 712 2910 15]
752 2855 818 2896 usi
860 2858 958 2895 sunt
1000 2855 1263 2906 testimonio,
1308 2856 1380 2908 qui
1422 2860 1519 2909 post
1560 2860 1625 2896 tot
1666 2855 1799 2896 lectos

289 2927 513 2977 poetarum
563 2924 827 2965 Graecorum
874 2937 924 2964 ac
972 2923 1224 2965 Latinorum
1276 2923 1409 2965 libros
1462 2938 1556 2965 cum
1602 2923 1800 2964 socordia
