1898 3292
750 231 867 256 LIBER
887 231 1062 258 TERTIVS.
1580 227 1662 265 247

154 336 353 374 auctores
393 337 436 374 et
475 334 545 375 vix
585 334 799 384 auditum,
849 334 963 387 quod
1007 334 1142 376 habes
1184 334 1227 375 in
1266 336 1404 389 primo
1448 337 1664 392 Odysseae

153 415 299 443 versu:

290 478 409 525 ἄνδρα
435 494 497 525 μοι
525 481 649 517 ἔννεπε
677 483 680 521 Ι
711 484 848 517 ,Μοῦσα
910 478 1158 525 πολύτροπον,
1186 479 1227 522 ὃς
1253 479 1351 526 μάλα
1377 481 1501 519 πολλά.

151 556 382 598 secundam
424 570 475 598 ac
518 558 693 598 tertiam
733 559 1029 612 exceptionem
1068 572 1152 600 uno
1195 558 1408 612 exemplo,
1456 559 1531 601 sed
1573 561 1662 602 sine

153 625 359 679 exemplo,
392 626 612 667 coniunxit
642 625 872 667 Horatius:

356 711 508 756 dignum
535 714 647 745 mente
673 712 856 756 domoque
884 712 887 755 ξ
915 713 1069 756 leyentz's
1094 713 1249 747 honesta
1274 713 1444 748 Neronis.

151 799 278 839 saepe
324 789 468 827 autem
508 786 616 827 talia
655 787 825 828 invecta
865 786 1143 828 librorarium
1183 787 1310 842 culpa
1341 792 1416 830 aut
1448 803 1661 842 granima-

149 854 344 895 ticorum.
404 854 536 896 veluti
566 855 610 895 in
643 854 829 909 epistula
859 855 996 897 Didus
1021 855 1230 898 Ovidiana
1262 856 1319 911 [7,
1347 857 1414 911 17]
1446 871 1541 898 cum
1572 863 1658 899 tra-

151 922 241 963 dita
273 923 358 963 sint
386 922 519 964 haec:

423 1009 516 1043 alter
541 1020 643 1043 amor
669 1010 736 1044 tibi
763 1014 818 1044 est
844 1010 1033 1045 habendus
1060 1018 1095 1044 et
1120 1010 1236 1045 altera
1259 1010 1370 1054 Dido,

148 1083 260 1125 male
281 1083 356 1134 illi,
388 1084 461 1136 qui
493 1085 759 1137 scripserunt
791 1088 861 1125 tibi
891 1092 1019 1127 restat
1049 1088 1272 1127 habenda&
1326 1086 1662 1140 reponendumst

149 1155 219 1194 cibi
249 1155 328 1193 erit
358 1156 600 1202 captandus.

265 1219 362 1261 Alia
402 1223 545 1262 autem
587 1221 822 1274 quaedam,
873 1221 928 1262 ad
973 1222 1166 1276 rythmos
1209 1222 1449 1264 hexametri
1493 1224 1659 1265 mediae

147 1289 285 1342 partis
330 1301 440 1342 quae
481 1289 769 1343 pertinerent,
815 1304 966 1343 supra,
1014 1304 1108 1331 cum
1147 1290 1199 1331 de
1240 1291 1430 1332 caesuris
1471 1305 1657 1345 agerem,

147 1357 306 1398 rettuli.

259 1425 348 1466 Iam
380 1426 424 1466 in
459 1430 731 1480 pentametro
766 1426 872 1468 illud
904 1430 1072 1468 tantum
1106 1428 1187 1468 erit
1214 1427 1413 1481 suptilius
1436 1427 1658 1469 declaran-

148 1494 247 1535 dum
290 1519 343 1524 —
385 1507 485 1535 nam
528 1499 672 1536 cetera
715 1509 810 1536 cum
850 1495 1101 1537 hexametro
1143 1496 1270 1550 plane
1304 1496 1561 1537 conveniunt
1591 1522 1657 1547 —,

148 1577 223 1604 cur
254 1563 652 1616 praestantissimus
686 1577 778 1605 esse
808 1568 986 1618 putetur
1018 1565 1053 1606 is
1084 1564 1192 1616 finis,
1225 1565 1298 1618 qui
1319 1564 1528 1607 vocabulo
1561 1579 1656 1607 con-

149 1634 234 1672 stet
264 1630 461 1673 iambico.

260 1700 399 1753 Igitur
426 1700 554 1742 huius
586 1714 733 1742 versus
763 1714 866 1755 pars
908 1701 1046 1742 altera
1088 1715 1184 1743 cum
1226 1705 1380 1755 quarto
1423 1702 1659 1756 quintoque

147 1768 317 1822 dactylo
351 1771 393 1810 et
432 1769 519 1810 arsi
559 1769 736 1811 ultimae
775 1769 1016 1811 hexametri
1060 1773 1210 1824 aperte
1253 1770 1532 1824 respondeat,
1574 1784 1659 1812 non

146 1837 307 1890 poterit
343 1850 435 1878 esse
472 1837 628 1878 mirum
661 1837 851 1879 Graecos
894 1842 936 1879 et
967 1838 1143 1880 Latinos
1186 1839 1440 1880 assimulare
1481 1839 1658 1880 minoris

146 1905 311 1946 numeri
361 1905 521 1947 exitum
565 1906 727 1947 maiori.
800 1906 911 1947 unde
952 1921 1029 1960 pro
1072 1907 1246 1948 relicuis
1283 1907 1455 1961 placitis
1503 1907 1658 1949 Graeci

146 1973 318 2026 quidem
361 1977 429 2015 sat
470 1974 650 2016 licenter
691 1974 884 2015 habuere
922 1975 1065 2026 illum,
1111 1979 1156 2016 at
1192 1976 1335 2016 Latini
1378 1976 1657 2017 severissime.

147 2055 245 2082 nam
269 2056 365 2083 cum
386 2042 566 2096 legitimi
587 2043 830 2084 hexametri
851 2042 957 2089 fines
981 2044 1065 2085 sint
1095 2044 1205 2085 tales
1246 2042 1444 2095 ‘corpora
1469 2047 1616 2096 formis
1634 2044 1657 2093 ³,

139 2109 267 2152 ‘unde
298 2109 526 2160 Latinum',
568 2115 789 2165 postrema
830 2112 970 2153 recisa
1012 2112 1179 2166 syllaba
1209 2116 1359 2153 natum
1391 2112 1506 2154 hunc
1549 2111 1657 2153 ‘cor-

139 2191 249 2228 pora
281 2177 401 2220 dant'
449 2179 641 2233 ineptum
682 2179 814 2221 fuisse
854 2184 1125 2234 pentametro
1168 2180 1407 2222 secundum
1439 2194 1507 2232 ea,
1550 2194 1661 2234 quae

145 2261 276 2301 supra
309 2247 361 2289 de
393 2247 554 2289 ordinis
581 2249 700 2290 exitu
731 2249 1008 2302 anapaestico
1040 2249 1264 2302 proposui,
1304 2248 1430 2290 facile
1463 2252 1657 2302 apparet.

143 2315 275 2368 igitur
326 2317 418 2357 sola
468 2321 663 2358 remanet
714 2317 878 2358 heroici
923 2330 1071 2358 versus
1126 2317 1290 2371 species
1337 2317 1477 2358 altera
1530 2315 1658 2358 ‘unde

144 2382 371 2433 Latinum’,
415 2385 535 2426 cuius
578 2385 751 2438 dempto
791 2385 875 2426 fine
915 2386 1054 2426 iustus
1088 2386 1254 2426 eveniet
1289 2385 1488 2426 modulus
1533 2384 1662 2426 ‘made

144 2449 241 2493 tui'.
302 2453 434 2493 tertia
481 2454 592 2494 enim
638 2453 881 2494 hexametri
924 2453 1085 2504 forma,
1139 2467 1250 2507 quae
1301 2453 1402 2495 talis
1442 2457 1507 2495 est
1550 2452 1660 2494 ‘nam

143 2533 273 2571 neque
320 2519 488 2570 Pindi',
550 2535 646 2563 cum
693 2521 809 2575 apud
858 2522 1257 2576 praestantissimos
1311 2525 1510 2563 auctores
1558 2534 1658 2562 raro

144 2588 400 2641 reperiatur,
433 2589 570 2631 simile
600 2590 728 2631 huius
750 2589 867 2631 velut
896 2590 984 2631 tale
1029 2589 1141 2631 ‘nam
1172 2604 1303 2641 neque
1336 2588 1395 2631 te'
1432 2590 1476 2630 in
1506 2592 1659 2643 penta-

142 2659 279 2697 metro
319 2657 445 2710 longe
487 2659 618 2699 etiam
657 2659 797 2698 minus
841 2659 1036 2711 optinere
1079 2662 1320 2711 aequumst.
1388 2657 1520 2698 ceteri
1559 2670 1660 2697 vero

142 2725 304 2766 moduli
333 2726 529 2767 exeuntis
560 2740 709 2767 versus
742 2726 922 2779 elegiaci
962 2726 1015 2767 ob
1053 2727 1097 2767 id
1128 2727 1267 2780 ipsum
1301 2729 1399 2766 sunt
1431 2725 1658 2775 deformes,

144 2793 260 2845 quod
291 2793 441 2835 addita
473 2793 639 2848 syllaba
667 2794 711 2834 in
732 2794 906 2835 heroico
928 2798 1066 2835 metro
1088 2794 1305 2835 habentur
1327 2793 1481 2834 vitiosi.
1529 2793 1662 2845 igitur

141 2875 225 2902 non
256 2866 438 2915 possunt
469 2861 640 2904 admitti
672 2866 716 2902 in
744 2862 863 2903 illum
885 2862 1019 2903 verba
1045 2862 1143 2916 plus
1175 2875 1303 2914 quam
1336 2860 1550 2915 disyllaba
1580 2874 1662 2901 nec

141 2930 337 2975 trochaei
387 2930 531 2984 quarti
579 2930 714 2971 thesis
764 2931 884 2985 prior
941 2930 1065 2971 brevi
1106 2928 1405 2984 monosyllabo
1449 2928 1665 2971 constabit-
