1898 3292
238 241 320 279 480
824 249 944 273 LIBER
962 250 1162 274 snprnuvs.

238 349 472 403 Vergilium
507 350 764 392 AeneidosI
805 351 925 405 [636]
968 355 1037 400 clii,
1080 351 1153 392 sed
1195 350 1301 392 haec
1343 350 1561 393 efferenda
1602 366 1679 405 per
1720 368 1741 393 e

237 418 363 459 docet
405 418 630 472 euphonia.
677 443 733 449 -—
778 423 1009 472 praeterea
1057 419 1230 460 creandi
1277 433 1379 460 casu
1422 420 1582 461 Ennius
1624 420 1738 476 [433]

237 490 336 535 dles,
371 486 596 528 Lucretius
628 486 712 542 [1V,
748 488 874 541 1075]
911 490 1047 528 rabies
1089 487 1246 528 dixere.
1308 487 1382 528 sed
1425 489 1538 541 quod
1579 488 1741 530 Gellius

234 555 259 595 1.
293 568 424 608 supra
457 555 602 596 adlato
636 556 765 596 etiam
801 555 987 608 Vergilio
1022 554 1180 611 [georg.
1216 557 1246 606 Ι,
1280 556 1379 609 208]
1427 559 1512 597 (lies
1545 560 1742 598 autumat

234 623 477 677 probatum,
510 628 693 677 apparet
723 637 818 665 eum
851 623 953 665 falli.

350 692 547 733 Ceterum
593 705 689 732 cuin
731 691 872 733 finalis
914 706 934 732 e
976 691 1041 732 vel
1081 695 1094 732 ἰ
1135 696 1182 732 ut
1226 692 1451 745 antiquata
1495 693 1742 746 displiceret

234 760 373 813 poetis
404 759 521 801 haud
552 761 720 814 paucis,
761 764 805 801 at
839 764 873 801 ei
904 764 1081 813 propter
1112 760 1411 815 dysplioniam,
1450 775 1534 802 non
1567 762 1741 804 defuere

235 829 308 881 qui
341 832 383 870 et
415 829 610 882 genetivo
639 832 681 869 et
714 828 857 870 dativo
890 829 1064 882 quintae
1100 829 1161 870 uti
1195 829 1408 871 timerent.
1441 855 1492 859 —
1525 830 1577 871 de
1609 845 1740 883 quan-

234 897 361 938 titate
389 896 681 950 paenultimae
712 897 755 938 in
787 901 824 937 ei
853 897 1015 938 dictum
1047 897 1072 938 l.
1104 897 1173 938 IV.

351 966 441 1006 Iam
489 964 604 1018 quod
649 969 837 1006 testatur
878 965 1123 1006 Priscianus
1169 966 1306 1020 [768]
1337 967 1647 1007 vetustissimos
1693 981 1743 1008 ea

235 1047 344 1087 quae
377 1037 475 1074 sunt
506 1038 618 1081 mole,
652 1036 754 1082 tabe,
781 1038 895 1084 fame
926 1033 1138 1087 producta
1159 1033 1389 1087 protulisse
1421 1048 1455 1081 e,
1486 1039 1586 1076 mole
1616 1035 1743 1087 longa

235 1102 352 1143 finali
383 1102 569 1155 positum
602 1116 685 1143 non
708 1102 892 1156 repperi,
922 1102 997 1143 sed
1019 1102 1134 1156 apud
1156 1102 1402 1143 Lucretium
1438 1102 1483 1158 [L
1506 1104 1607 1156 806]
1640 1106 1742 1151 labe,

236 1171 345 1211 sicut
374 1170 489 1224 apud
520 1170 700 1212 eundem
732 1178 903 1222 conlaye,
941 1169 1033 1226 [HL
1068 1171 1189 1225 732],
1234 1174 1276 1212 et
1318 1171 1513 1212 trimetro
1555 1172 1744 1212 auctoris

234 1239 405 1290 incerti,
446 1252 571 1292 quem
613 1238 740 1280 affert
772 1239 908 1280 Varro
953 1239 1082 1293 [Man.
1117 1239 1185 1293 13]
1228 1243 1370 1290 sqzmle
1407 1243 1449 1280 et
1479 1242 1635 1281 scabre.
1698 1244 1743 1280 at

234 1306 409 1348 hercule
444 1312 558 1359 fame
590 1307 716 1348 aliter
748 1321 876 1360 quam
908 1307 1091 1348 iambice
1133 1308 1206 1360 qui
1243 1306 1519 1348 adhibuerint
1561 1321 1643 1349 non
1684 1309 1743 1348 in-

235 1376 357 1416 venio
390 1375 556 1429 priores
588 1376 775 1418 Luxorio
808 1376 922 1430 [310,
947 1376 989 1430 6]
1022 1379 1063 1417 et
1094 1375 1278 1429 Corippo
1310 1374 1494 1431 [iohann.
1528 1376 1596 1425 VI,
1631 1376 1743 1430 308]

235 1444 429 1497 adeoque
473 1443 538 1485 vel
577 1444 730 1485 horum
775 1448 969 1498 tempore
1010 1444 1054 1484 id
1095 1444 1229 1485 visum
1276 1443 1491 1484 soloecum
1532 1457 1743 1496 gramma-

234 1513 418 1554 ticorum
450 1512 695 1566 aequalium
722 1513 978 1554 testimoniis
1010 1512 1195 1554 efficitur
1232 1511 1300 1566 [cf.
1325 1511 1359 1553 N
1366 1512 1448 1553 cuii
1471 1526 1646 1566 gramm.
1670 1512 1742 1554 lat.

237 1582 267 1632 Ι,
302 1581 415 1635 245]
445 1606 501 1612 -
538 1581 579 1621 in
613 1581 808 1634 genetivo
840 1585 985 1622 autem
1015 1585 1063 1622 ut
1094 1581 1357 1634 antiquiores
1395 1585 1501 1632 fami
1532 1580 1598 1621 vel
1631 1586 1745 1632 fame

236 1649 449 1701 dixerunt,
482 1650 584 1691 item
618 1649 769 1703 quinta
803 1649 983 1703 [Neuius
1014 1649 1139 1701 l.1n.;
1173 1649 1279 1690 Gell.
1303 1648 1375 1699 IX,
1407 1652 1469 1699 14,
1493 1654 1539 1701 43
1573 1653 1596 1691 9
1620 1650 1744 1704 sqq]

233 1718 296 1758 ita
329 1717 591 1759 recentiores
615 1721 742 1769 laneis
775 1717 918 1771 [Verg.
943 1721 1091 1759 moret.
1118 1720 1217 1769 1193
1248 1717 1318 1759 Sil.
1343 1718 1417 1768 III,
1442 1721 1544 1769 3263
1578 1718 1743 1758 Iuvenc.

234 1786 304 1837 lV,
338 1789 444 1838 2793
486 1785 648 1827 Charis.
680 1800 747 1840 pg.
782 1786 865 1840 40].
934 1785 1010 1827 sed
1051 1786 1241 1827 dativum
1282 1789 1451 1827 constat
1490 1786 1624 1837 desse,
1664 1786 1745 1828 nisi

235 1854 366 1896 semel
396 1854 552 1896 aetatis
589 1854 764 1896 ultimae
808 1855 995 1897 ferretur
1034 1855 1345 1909 epigrammate
1386 1854 1510 1909 [Mey.
1547 1859 1666 1906 1098,
1699 1856 1742 1910 4]

228 1921 325 1975 ‘quo
367 1927 476 1975 ἱεραί
510 1926 708 1965 hibernae
746 1927 950 1965 commoda
994 1938 1131 1976 yrana
1173 1920 1317 1975 fanzi’.
1386 1928 1613 1977 praeterea
1653 1927 1744 1974 quie

234 1991 399 2045 placuit
428 1991 606 2042 Laevio,
647 1995 694 2033 ut
735 1992 829 2033 aliis
867 1995 1060 2043 reqzaeIem,
1100 1995 1254 2042 requie,
1298 1995 1339 2032 et
1384 1995 1524 2032 sallem
1563 1993 1744 2033 iuvenco

235 2059 293 2114 [h.
327 2073 360 2100 e.
393 2060 467 2109 ΙΙΙ,
500 2063 603 2111 2163
642 2059 692 2101 cf.
724 2059 831 2115 Mey.
859 2064 980 2110 1408,
1004 2061 1059 2115 ῠ],
1092 2074 1187 2101 cum
1220 2060 1506 2113 antiquissimi
1538 2060 1745 2101 dixissent

234 2131 421 2169 satiatem
458 2127 512 2169 ab
555 2141 604 2169 eo
646 2128 761 2181 quod
802 2132 868 2170 est
897 2132 1036 2170 satias.
1100 2128 1283 2182 denique
1313 2128 1419 2169 illud
1449 2131 1596 2179 spebus
1628 2128 1743 2169 haud

234 2209 334 2237 raro
362 2196 577 2237 invenitur
608 2196 723 2250 apud
765 2200 918 2250 poetas
957 2197 1041 2239 seri
1077 2197 1284 2251 temporis
1325 2196 1506 2252 [Paulin.
1542 2201 1605 2247 18,
1639 2200 1742 2249 2433

235 2264 486 2306 Merobaud.
516 2268 553 2315 4,
590 2267 664 2317 36;
697 2265 902 2307 Paulinus
934 2265 988 2306 ad
1020 2265 1147 2307 Salm.
1180 2280 1215 2306 v.
1250 2266 1332 2320 20]

349 2334 404 2373 At
432 2332 603 2373 nomina
636 2332 849 2374 adiectiva
881 2333 1093 2375 secundae
1126 2347 1177 2375 ac
1208 2334 1372 2387 primae
1405 2336 1596 2375 notumst
1627 2334 1742 2375 exire

233 2401 277 2441 in
322 2415 380 2448 us,
413 2415 450 2449 α,
483 2415 546 2441 um
580 2400 645 2441 vel
681 2414 740 2450 er,
773 2416 815 2450 α,
847 2416 909 2442 um
939 2405 1114 2455 praeter
1144 2416 1275 2443 unum
1305 2401 1411 2443 illud
1441 2409 1570 2451 salar,
1601 2415 1627 2443 a
1658 2416 1742 2455 quo

233 2471 379 2509 tamen
408 2467 583 2522 fingitur
605 2468 790 2523 Corippo
820 2473 1030 2511 insalzcrus
1061 2469 1248 2525 [iohann.
1272 2471 1344 2521 ΙΙΙ,
1369 2471 1481 2525 369]
1534 2470 1686 2511 deinde
1718 2485 1741 2511 a

233 2536 476 2578 nominibus
506 2537 637 2578 ducta
667 2541 710 2578 et
730 2537 884 2590 verbis,
918 2538 1064 2593 qualia
1085 2542 1183 2580 sunt
1215 2542 1439 2588 altivolans,
1465 2542 1742 2590 ftuyiferens,

233 2605 487 2659 plerumque
528 2619 605 2658 per
642 2607 971 2660 metaplasmum
1003 2622 1050 2648 us
1081 2607 1147 2648 vel
1178 2621 1223 2648 er
1254 2607 1467 2649 secundae
1499 2606 1741 2648 adsumunt.

235 2676 386 2714 contra
422 2686 501 2727 pro
543 2678 757 2724 aeditumo,
802 2689 927 2728 quem
969 2675 1150 2716 ridiculo
1195 2675 1369 2729 quidam
1400 2675 1636 2728 veriloquio
1676 2675 1742 2716 usi

235 2741 441 2783 Varronis
480 2745 673 2795 tempore
719 2742 862 2784 dicere
907 2744 1149 2797 coepissent
1195 2747 1422 2792 aediluum,
1471 2757 1497 2784 a
1541 2743 1741 2784 Lucretio

234 2810 321 2864 [VI,
356 2810 480 2864 1273]
522 2810 735 2852 formatur
767 2814 993 2853 aedificetis.
1054 2825 1201 2853 verum
1230 2816 1329 2866 post
1359 2812 1542 2866 Augusti
1573 2815 1741 2865 tempus

236 2878 511 2932 participium
534 2879 725 2921 referens
748 2879 888 2921 forma
919 2893 970 2920 ex
1001 2894 1080 2921 usu
1114 2880 1295 2921 evanuit.
1344 2894 1454 2933 quae
1487 2894 1619 2921 causa
1648 2880 1740 2929 suit,

235 2960 310 2987 cur
352 2946 545 2988 Ciceroni
590 2947 704 2988 velut
749 2948 942 2988 Enniana
984 2952 1024 2988 et
1064 2949 1238 3002 indigna
1280 2949 1394 2989 culto
1436 2962 1629 2989 sermone
1668 2948 1741 2988 illa
