1898 3292
764 204 883 229 LIBER
903 204 1082 235 QVINTVS.
1594 195 1674 234 393

168 308 269 349 bulo
311 308 489 349 Graeco.
552 322 661 360 quae
703 320 961 361 quamquam
1005 320 1087 347 non
1131 306 1298 347 omnino
1343 306 1502 347 habent
1546 310 1674 350 recte,

169 381 311 419 tamen
346 377 471 430 longe
504 379 601 417 sunt
633 376 802 430 potiora
834 375 1085 417 commentis
1127 375 1299 425 ceteris,
1343 389 1437 416 cum
1479 375 1674 429 plerique

168 445 344 488 nimium
374 445 618 499 potentiae‚·
654 444 828 498 quidam
869 457 1021 498 parum
1053 443 1285 485 tribuerint
1314 443 1419 485 ictui
1451 443 1673 498 rythmico.

168 514 320 555 horum
362 513 534 567 quidem
577 517 748 554 secutus
791 526 1014 554 numerum
1056 511 1170 565 quod
1202 511 1462 553 Ritschelius
1502 512 1545 553 in
1576 527 1673 566 pro·

166 582 400 636 legomenis
441 582 676 623 Trinummi
722 582 779 636 [p.
816 581 914 636 185]
962 581 1133 634 negavit
1175 580 1306 621 ullam
1347 580 1550 622 habuisse
1591 581 1672 622 vim

167 651 222 692 ad
262 650 585 705 producendum
627 650 743 691 arsin
782 650 825 690 111
858 650 990 691 veteri
1022 649 1272 690 Latinorum
1312 649 1430 703 poesi
1463 650 1674 700 univorsa,

168 718 366 773 equidem
394 733 478 761 non
509 732 683 773 possum
716 719 821 760 satis
859 718 1018 759 mirari.
1081 718 1183 771 quid
1223 719 1365 759 enim?
1425 732 1509 759 uon
1550 722 1671 771 puta-

167 788 307 830 bimus
329 787 512 829 Ennium
536 801 586 828 ea
607 787 782 829 licentia
804 802 940 837 usum,
973 802 1101 840 quam
1125 786 1240 841 apud
1262 786 1499 828 Homerum
1522 786 1674 827 ducem

165 857 370 911 propriae
400 856 494 897 viae
525 856 759 897 innumeris
797 860 890 897 erat
922 856 1066 897 videre
1108 855 1343 909 exemplis?
1385 858 1426 896 et
1470 855 1676 896 abhorret

167 940 192 966 a
224 938 324 967 vero
355 925 398 966 in
428 927 551 965 tanta
589 928 780 978 egestate
821 924 1044 966 sermoniis
1085 924 1216 978 patrii
1249 927 1291 965 et
1321 923 1419 982 rudi
1451 924 1674 965 etiamtum

167 998 260 1035 arte
300 993 400 1034 huic
443 993 694 1043 admissum,
736 992 850 1046 quod
893 1007 971 1034 nec
1003 993 1159 1034 Graeci
1192 996 1291 1034 ante
1323 992 1442 1034 illum
1473 992 1518 1033 in
1550 996 1674 1033 tanta

167 1061 375 1103 facilitate
407 1061 606 1116 explendi
638 1062 763 1103 metri
794 1075 872 1102 nec
904 1066 1001 1115 post
1023 1062 1205 1103 Romani
1234 1061 1421 1103 intanta
1443 1061 1672 1103 severitate

165 1129 472 1185 temperandae
504 1130 609 1172 artis
641 1134 740 1171 sunt
771 1131 1025 1184 aspernati?

280 1199 437 1241 Verum
478 1199 562 1250 his,
609 1213 719 1252 quae
761 1203 860 1241 ante
903 1213 1037 1241 annos
1078 1199 1236 1241 multos
1277 1203 1375 1241 sunt
1417 1199 1672 1252 conscripta,

165 1283 276 1310 nunc
307 1267 507 1310 addenda
537 1267 749 1321 quaedam
781 1267 916 1310 video.

278 1337 430 1390 Itaque
471 1336 586 1391 apud
619 1336 808 1378 Graecos
851 1351 945 1378 cum
992 1337 1034 1378 in
1078 1337 1250 1378 heroico
1297 1341 1434 1378 metro
1475 1334 1573 1376 inde
1619 1335 1673 1376 ab

165 1405 465 1459 antiquissimo
509 1409 703 1460 tempore
743 1410 953 1460 usurpata
997 1410 1109 1447 esset
1156 1405 1404 1459 frequenter
1446 1404 1673 1459 productio

164 1474 354 1516 finalium
386 1474 430 1515 in
463 1487 693 1516 consonam
726 1476 972 1516 exeuntium
1011 1479 1218 1529 sequente
1250 1474 1405 1523 vocali,
1450 1473 1672 1527 aliquanto

164 1543 305 1584 rarius
352 1543 482 1584 etiam
522 1543 660 1585 vocali
704 1543 923 1585 finitarum
970 1543 1227 1585 succedente
1271 1556 1475 1593 consona,
1523 1546 1673 1584 contra

164 1611 314 1653 eadem
344 1611 519 1654 licentia
548 1611 855 1666 prohiberetur
885 1612 938 1654 ab
970 1612 1155 1654 iambico
1186 1615 1324 1654 metro
1355 1625 1406 1653 ac
1437 1611 1672 1661 trochaico,

165 1680 209 1721 in
237 1679 349 1722 libro
383 1679 434 1722 de
468 1680 670 1722 Saturnio
702 1695 827 1722 versu
863 1680 945 1737 [pg.
977 1684 1028 1723 67
1059 1681 1166 1738 sqq]
1199 1681 1496 1723 demonstrare
1531 1679 1672 1721 conati

163 1763 309 1790 sumus
340 1763 366 1790 a
396 1749 599 1791 Romanis
629 1749 672 1790 in
704 1749 786 1790 1100
818 1764 868 1791 ex
907 1749 1103 1791 iambicis
1135 1750 1452 1803 trochaicisque
1484 1749 1673 1790 numeris

163 1817 297 1859 mixto
340 1817 500 1871 diuque
539 1817 628 1860 solo
673 1822 811 1860 metro
855 1818 1010 1861 Latino
1055 1824 1278 1873 porrectas
1324 1819 1476 1861 finales
1521 1818 1673 1860 breves

163 1886 379 1940 quaslibet
409 1886 638 1928 verborum
670 1887 899 1941 plusquam
928 1888 1321 1943 monosyllaborum
1352 1889 1395 1929 in
1426 1887 1578 1942 prima,
1608 1900 1671 1928 se-

163 1954 315 2007 cunda,
348 1955 499 2009 quinta
529 1956 628 2006 arsi,
660 1960 728 1997 ut:

437 2035 565 2069 deinde
590 2036 733 2080 pollens
759 2037 902 2081 sagittis
930 2037 1091 2071 inclutus
1118 2038 1362 2081 arquitenens.

436 2091 586 2127 Runcus
612 2096 719 2137 atque
744 2092 967 2138 Purpureus,
993 2093 1057 2128 filii
1083 2093 1226 2129 Terras.

162 2160 278 2214 quod
312 2161 348 2202 si
378 2164 496 2203 recte
530 2162 777 2212 statuimus,
810 2167 993 2216 apparet
1024 2162 1204 2205 eandem
1235 2164 1278 2204 in
1311 2163 1564 2205 hexametro
1596 2162 1670 2204 da-

163 2230 317 2284 ctylico
348 2229 594 2272 libertatem
632 2245 716 2272 non
757 2231 1024 2273 extrinsecus
1068 2232 1297 2282 adscitam,
1340 2232 1414 2274 sed
1453 2235 1670 2286 repertam

163 2298 289 2340 domi.

276 2367 426 2420 Neque
455 2372 599 2409 tamen
631 2368 823 2410 dubitari
853 2373 1014 2422 potest,
1058 2370 1161 2422 quin
1191 2369 1368 2411 Homeri
1398 2370 1670 2423 potissimum

163 2435 358 2488 exemplo
408 2435 610 2478 inductus
656 2437 711 2477 sit
756 2437 918 2478 Ennius
965 2437 1020 2478 ad
1066 2437 1184 2478 illam
1229 2437 1546 2491 usurpandam,
1598 2438 1671 2490 qui

162 2506 371 2556 quantum
403 2503 679 2546 abhorruerit
717 2518 743 2546 a
773 2504 986 2555 versibus,
1020 2519 1127 2559 quos
1165 2505 1262 2547 olim
1297 2506 1433 2547 Fauni
1464 2509 1670 2559 vatesque

162 2571 387 2623 canebant,
417 2573 576 2614 nemini
606 2573 810 2626 ignotum.

274 2640 365 2681 Iam
407 2654 587 2694 gnarum
630 2641 847 2695 plerisque
893 2657 1021 2696 saepe
1062 2643 1177 2697 apud
1216 2644 1450 2685 Homerum
1492 2642 1668 2684 dubium

161 2708 315 2758 videri,
353 2708 566 2762 producta
606 2710 651 2750 111
689 2710 805 2752 exitu
836 2711 956 2752 verbi
986 2711 1127 2753 finalis
1154 2717 1298 2753 utrum
1331 2725 1356 2752 a
1387 2711 1562 2752 licentia
1592 2726 1668 2764 po-

163 2776 293 2827 etica,
340 2776 393 2818 de
434 2791 519 2830 qua
555 2778 719 2831 agitur,
759 2779 814 2820 sit
851 2780 1088 2833 repetenda
1130 2794 1183 2821 an
1226 2780 1371 2833 potius
1412 2779 1667 2832 explicanda

161 2858 213 2886 ea
250 2858 314 2897 re,
356 2846 470 2899 quod
513 2859 695 2899 sequens
726 2847 903 2889 verbum
946 2848 1046 2888 olim
1087 2848 1290 2889 habuerit
1332 2848 1419 2890 sive
1451 2847 1668 2902 digamma

161 2913 371 2957 aeolicum
417 2918 515 2956 ante
558 2915 749 2957 vocalem
795 2918 898 2971 (quo
945 2921 1118 2973 recepto
1165 2917 1294 2959 etiam
1342 2916 1486 2959 hiatus
1530 2917 1667 2964 multa
