1898 3292
1525 285 1601 319 VII

94 391 253 430 statum
297 387 639 442 antiquissimum
682 391 724 428 et
762 401 919 433 mores,
963 390 1010 428 ut
1039 387 1102 428 ita
1142 387 1301 437 dicam,
1345 387 1601 442 archetypos

93 469 298 519 referunt,
331 470 405 510 sed
436 469 665 523 plurimum
697 470 957 517 immutatos,
990 469 1033 508 in
1063 468 1214 509 melius
1238 468 1422 521 quidem,
1454 482 1598 509 verum

93 550 253 590 alienos
285 549 515 590 admodum
547 563 572 590 a
603 549 744 602 prisco
776 548 929 589 habitu
960 552 1181 601 assumpto
1214 548 1331 589 cultu
1354 548 1599 589 christiano.

93 643 190 670 nam
222 629 429 683 temporis
460 629 616 682 prioris
650 632 925 669 monumenta
956 632 1105 669 extant
1141 628 1209 668 vix
1242 628 1340 668 ulla.

210 709 364 749 Verum
398 723 481 750 non
513 709 652 750 minus
684 722 810 761 quam
845 708 1012 762 patriae
1055 721 1243 748 amorem
1274 709 1600 761 patriarumque

93 789 417 842 antiquitatium
462 803 609 830 curam
650 789 691 828 in
732 788 889 829 scholis
932 787 1158 828 fovendum
1197 792 1366 828 constat
1411 788 1597 828 studium

92 869 217 919 illud,
261 868 376 921 quod
418 872 554 909 totum
597 882 729 921 genus
771 868 1003 908 humanum
1042 868 1158 909 velut
1200 868 1391 909 fraterno
1433 868 1599 908 vinculo

90 949 282 989 iunctum
325 948 634 1002 complectitur.
707 962 790 1001 quo
833 948 1123 988 infiammatus
1163 947 1363 988 Socrates
1407 948 1515 988 dixit
1555 962 1599 988 se

92 1041 184 1069 esse
226 1027 497 1069 mundanum.
558 1027 639 1068 hoc
680 1028 812 1080 igitur
855 1041 939 1080 qua
980 1027 1130 1068 melius
1166 1031 1311 1080 potest
1342 1027 1486 1068 doceri
1516 1027 1599 1068 lec-

90 1109 205 1149 tione
256 1121 384 1161 quam
438 1108 700 1149 Graecorum
750 1108 1126 1160 Romanorumque
1172 1111 1387 1157 veterum,
1439 1108 1509 1160 qui
1557 1108 1599 1148 in

90 1189 310 1230 iuventute
349 1188 614 1229 instituenda
658 1201 751 1228 eam
792 1202 879 1228 rem
924 1189 1108 1229 maxime
1155 1187 1430 1241 spectabant,
1477 1191 1524 1228 ut
1565 1188 1599 1228 is

89 1268 213 1310 fieret
244 1268 383 1309 cultus
414 1268 694 1321 ingeniorum,
725 1268 797 1321 qui
830 1268 1113 1309 humanitatis
1145 1268 1314 1309 nomine
1337 1268 1598 1321 designatur.

90 1361 215 1401 quem
247 1347 419 1401 quidem
453 1348 681 1388 voluerunt
709 1347 770 1387 ita
802 1350 1109 1400 temperatum,
1151 1361 1202 1388 ne
1241 1348 1362 1401 pueri
1395 1361 1598 1400 umquam

90 1428 266 1481 originis
318 1427 675 1469 obliviscerentur
719 1431 926 1481 paternae
973 1428 1189 1480 morisque
1236 1428 1443 1468 maiorum
1495 1441 1598 1467 neve

89 1507 265 1548 barbari
309 1507 482 1557 fierent,
536 1507 609 1548 sed
656 1511 704 1548 ut
750 1507 1008 1560 scriptorum
1048 1506 1170 1547 libris
1218 1507 1358 1548 edocti
1410 1507 1598 1560 undique

90 1588 380 1628 adsciscerent
411 1601 473 1638 ea,
506 1601 616 1641 quae
649 1587 703 1628 ad
727 1588 927 1628 virtutem
961 1588 1048 1628 sive
1079 1585 1411 1642 καλοκάγαθίαν
1444 1601 1597 1640 paran-

89 1667 186 1708 dam
234 1667 417 1708 maxime
458 1668 675 1721 pertinere
707 1667 965 1708 viderentur.
1027 1681 1104 1708 nec
1148 1668 1258 1707 enim
1301 1682 1372 1708 eos
1405 1667 1597 1720 fugiebat

89 1747 245 1788 nullius
277 1748 434 1801 gentis,
477 1761 529 1789 ne
561 1748 957 1801 praestantissimae
990 1747 1181 1800 quidem,
1230 1761 1322 1788 eam
1356 1761 1448 1788 esse
1477 1747 1595 1787 indo-

88 1829 187 1879 lem,
229 1828 331 1881 quin
368 1828 503 1868 multa
534 1827 647 1868 bona
678 1828 808 1868 etiam
840 1827 894 1868 ab
928 1828 1115 1868 externis
1148 1831 1290 1868 essent
1327 1827 1595 1868 arcessenda.

202 1910 237 1949 A
269 1908 346 1949 tali
378 1922 477 1949 vero
510 1908 712 1961 opinandi
745 1908 931 1949 candore
963 1907 1274 1948 diversissimos
1308 1907 1437 1948 fuisse
1469 1907 1597 1948 medii

89 1988 183 2029 aevi
214 1992 412 2029 auctores
444 1989 539 2041 quis
569 1988 770 2042 ignorat?

202 2068 434 2109 Praeterea
474 2082 569 2109 cum
614 2071 780 2109 constet
822 2068 934 2108 inter
974 2068 1135 2121 peritos
1175 2067 1230 2108 ad
1263 2067 1502 2109 exercenda
1533 2068 1595 2108 in-

87 2148 212 2201 genia
242 2148 473 2202 plurimum
506 2148 650 2189 facere
691 2148 1017 2201 peregrinarum
1057 2148 1300 2201 linguarum
1334 2147 1521 2188 studium
1554 2151 1596 2188 et

87 2229 350 2279 exercitium,
386 2228 503 2269 nulla
535 2242 586 2269 ex
618 2229 690 2279 eis,
723 2242 833 2282 quae
862 2228 927 2270 vel
959 2228 1098 2269 medio
1132 2242 1236 2269 aevo
1271 2229 1500 2281 viguerunt
1530 2227 1595 2268 vel

87 2312 350 2362 usurpantur
382 2308 529 2357 hodie,
561 2309 738 2362 perinde
771 2309 825 2349 ad
858 2323 950 2349 eam
984 2323 1073 2350 rem
1105 2312 1251 2362 aptast
1282 2322 1409 2362 quam
1443 2308 1596 2348 Latina

87 2402 138 2429 ac
169 2388 355 2430 secundo
387 2388 481 2430 loco
515 2389 693 2430 Graeca.
755 2402 854 2429 nam
896 2392 945 2430 ut
984 2389 1059 2429 illa
1100 2402 1274 2429 normae
1315 2388 1519 2429 firmitate
1554 2390 1597 2428 et

87 2469 355 2519 constantia,
406 2469 468 2509 ita
512 2468 621 2510 haec
666 2469 911 2522 frequentia
957 2473 999 2510 et
1039 2469 1249 2510 varietate
1294 2468 1593 2521 exceptionum

86 2547 264 2600 pulchre
295 2548 500 2589 informat
535 2562 710 2602 pueros,
752 2552 800 2589 ut
842 2552 884 2589 et
916 2549 1127 2589 rationem
1161 2552 1323 2589 certam
1358 2550 1594 2600 agnoscant

87 2631 129 2668 et
149 2628 261 2669 viam
282 2641 366 2669 non
389 2628 515 2669 modo
536 2627 719 2678 illarum,
752 2628 826 2669 sed
849 2629 978 2669 etiam
1002 2629 1196 2679 aliarum,
1219 2628 1306 2669 sive
1330 2627 1590 2667 Romanicae

86 2706 246 2748 fuerint
285 2708 372 2749 sive
414 2708 696 2749 Germanicae
740 2707 827 2748 sive
873 2708 1088 2758 Slavicae,
1137 2722 1247 2761 quae
1289 2707 1451 2748 adfines
1493 2709 1593 2746 sunt

85 2786 168 2828 illis
206 2791 335 2840 atque
375 2791 602 2841 cognatae,
644 2791 686 2828 et
729 2787 928 2828 licentiae
960 2788 1309 2840 exceptionisque
1341 2786 1395 2827 ad
1439 2799 1591 2826 causas

86 2870 128 2907 et
157 2867 343 2920 origines
375 2867 687 2920 intellegendas
723 2871 1001 2908 exacuantur.

201 2947 395 3000 Denique
426 2947 529 2988 illud
553 2948 622 2988 vix
654 2948 735 2988 erit
762 2948 834 3000 qui
857 2947 1035 2998 dubitet,
1068 2947 1342 2987 classicorum
1367 2949 1589 2987 auctorum
