1898 3292
749 252 868 280 LIBER
886 256 982 279 PRJM
991 256 1041 279 vs.
1599 248 1650 284 (ἰῖ)

145 357 383 398 existimem
415 372 499 398 11011
530 358 681 399 habeo.
743 358 874 411 igitur
907 358 962 398 ab
1002 357 1067 399 his
1170 357 1409 398 hexametri
1442 357 1651 398 curiosius

145 426 303 467 exculti
336 440 385 466 ac
417 426 622 467 nonnulla
652 426 694 466 in
728 440 874 467 eorum
907 429 1000 467 arte
1032 429 1208 475 novata,
1249 425 1379 466 veluti
1420 426 1461 465 in
1493 425 1650 478 produ-

145 494 289 535 cendis
330 498 428 535 ante
475 495 726 535 vocabulum
769 508 969 547 graecum
1012 494 1212 534 finalibus
1252 494 1318 534 vel
1348 494 1470 534 hiatu
1503 493 1650 534 eadem

146 563 394 604 condicione
436 563 702 604 admittendo
741 577 819 604 nec
862 563 1000 604 minus
1044 562 1234 616 spondeo
1275 562 1445 615 saepius
1477 566 1652 615 recepto

143 632 186 672 in
226 631 377 685 pedem
419 632 612 685 quintum
654 632 787 686 (quod
829 646 854 672 a
893 631 1096 673 Cicerone
1140 630 1195 671 ad
1236 632 1321 672 Att.
1356 630 1477 684 epist.
1508 631 1597 680 VH,
1630 634 1651 670 2

144 701 265 741 initio
287 700 510 755 irridetur)
532 727 589 730 —
610 700 734 751 idem,
759 700 873 754 quod
896 701 1062 751 mirere,
1085 713 1237 753 parum
1260 704 1474 740 navarunt
1496 713 1652 752 operae

144 773 413 823 pentametro
445 770 724 823 perpoliendo
757 798 822 820 —,
854 783 932 810 nec
963 783 1046 810 non
1078 769 1285 822 pleraque
1315 767 1490 808 inducta
1514 773 1652 808 metra

143 852 264 880 nova.

259 906 618 947 Hexametrorum
661 920 760 947 vero
803 905 990 947 artifices
1031 906 1253 960 praecipui
1292 905 1490 947 videntur
1521 904 1653 945 fuisse

146 974 338 1016 Catullus
382 978 424 1015 et
456 975 592 1016 Varro
628 976 844 1016 Atacinus.
907 978 1037 1027 atque
1079 974 1231 1015 horum
1272 974 1542 1028 potissimum
1586 987 1652 1013 ra-

145 1042 333 1084 tionibus
363 1043 562 1084 innititur
593 1058 663 1085 ars
696 1044 813 1085 Varii
846 1058 896 1084 ac
930 1043 1116 1096 Vergilii.

258 1112 305 1152 In
356 1111 550 1153 versibus
601 1116 744 1153 autem
796 1126 945 1153 recens
995 1112 1182 1152 inductis
1234 1111 1530 1161 inveniuntur,
1583 1111 1655 1163 qui

147 1179 353 1233 exemplis
384 1180 469 1221 iam
503 1185 679 1222 careant
713 1181 995 1231 Graecorum,
1039 1180 1171 1221 veluti
1203 1179 1359 1221 Catulli
1389 1179 1540 1229 iambi,
1582 1179 1655 1232 qui

147 1248 380 1302 spondeum
415 1262 465 1289 ac
488 1249 752 1290 tribrachum
787 1263 870 1290 non
901 1249 1126 1302 recipiunt.
1180 1262 1286 1301 quos
1317 1252 1462 1289 tamen
1484 1248 1654 1301 abipso

147 1321 343 1370 repertos
375 1317 444 1357 vix
477 1318 623 1369 credo,
657 1332 917 1371 quamquam
950 1318 1056 1358 haut
1093 1330 1201 1370 nego
1235 1316 1426 1370 potuisse
1458 1316 1568 1367 fieri,
1609 1320 1657 1356 ut

147 1399 173 1426 a
212 1385 385 1436 Laevio,
438 1399 564 1438 quem
607 1387 777 1440 ingenio
824 1386 1030 1439 singulari
1079 1386 1301 1438 magisque
1341 1385 1483 1438 amplo
1527 1399 1655 1438 quam

149 1457 314 1495 ceteros
347 1454 477 1496 fuisse
509 1455 613 1496 satis
647 1459 827 1505 constat,
860 1454 1073 1508 quaedam
1104 1458 1379 1505 novarentur,
1411 1454 1472 1494 ita
1499 1459 1656 1503 tamen,

149 1526 197 1564 ut
228 1523 474 1564 conveniret
513 1523 573 1565 eis
609 1538 704 1565 cum
738 1524 904 1565 ceteris.
966 1527 1195 1577 praeterea
1227 1522 1518 1565 adnotandum
1553 1536 1656 1563 non-

147 1591 286 1632 nullos
318 1591 361 1631 in
393 1595 516 1632 tanta
547 1605 745 1633 versuum
779 1593 1131 1645 graecanieorum
1153 1590 1427 1633 multitudine
1457 1605 1509 1632 ne
1532 1591 1657 1632 Ennii

149 1659 321 1712 quidem
355 1663 397 1701 et
418 1659 571 1701 Lucilii
603 1661 815 1714 sprevisse
847 1675 1060 1711 numeros,
1094 1661 1166 1714 qui
1189 1661 1231 1701 111
1255 1673 1411 1701 scaena
1434 1660 1656 1701 etiamtum

149 1727 403 1781 optinebant
435 1728 524 1769 5011.
586 1729 688 1782 quin
727 1729 856 1770 etiam
899 1729 1159 1770 intendendo
1202 1733 1338 1770 artem
1372 1728 1426 1769 ad
1458 1742 1657 1769 occasum

148 1800 394 1850 vergentem
428 1797 565 1838 Varro
599 1801 822 1839 scazontas
853 1797 1060 1839 iambicos
1104 1802 1146 1839 et
1182 1797 1427 1839 trochaicos
1461 1797 1658 1838 admissis

150 1879 235 1918 qua
275 1879 358 1907 non
399 1865 582 1907 decebat
627 1866 828 1920 spondeis
875 1867 1132 1920 composuit,
1178 1866 1221 1907 id
1268 1866 1383 1919 quod
1425 1880 1657 1920 numquam

150 1934 376 1987 quisquam
409 1948 538 1976 ausus
570 1938 634 1976 est
667 1935 944 1977 Graecorum.

264 2003 341 2043 His
372 2003 620 2056 praemissis
651 2008 699 2045 ut
729 2007 823 2045 tota
862 2018 930 2045 res
972 2003 1139 2057 plenius
1180 2003 1441 2054 illustretur,
1481 2003 1566 2044 iam
1606 2003 1657 2043 de

150 2071 312 2122 Laevii,
358 2085 484 2124 quem
522 2071 775 2126 plerumque
807 2071 999 2113 adducor
1030 2075 1078 2113 ut
1109 2072 1295 2125 primum
1326 2072 1519 2113 noviciae
1552 2072 1657 2113 artis

151 2140 390 2181 existimem
432 2144 674 2192 auctorem,
716 2141 1009 2194 Varronisque
1051 2144 1093 2182 et
1125 2140 1281 2182 Catulli
1319 2141 1554 2182 carminum
1589 2154 1659 2181 ex-

151 2213 335 2262 ponetur
366 2209 570 2262 reliquiis,
607 2213 847 2252 ceterorum
879 2211 1040 2264 passim
1070 2209 1286 2251 adhibitis.

266 2279 327 2319 Ac
356 2278 541 2332 primum
573 2278 744 2331 quidem
777 2278 828 2320 de
861 2279 1007 2320 Laevii
1045 2283 1087 2320 et
1118 2282 1261 2319 aetate
1295 2282 1336 2319 et
1368 2278 1520 2319 studiis
1553 2292 1660 2331 quas

152 2346 371 2399 protulere
404 2346 579 2400 quidam
610 2346 803 2389 homines
835 2347 1071 2389 doctissimi
1104 2347 1325 2401 opiniones
1348 2346 1545 2399 equidem
1577 2360 1660 2386 11011

153 2428 326 2467 possum
361 2415 465 2456 satis
487 2415 646 2456 mirari.
701 2415 833 2457 veluti
855 2415 1037 2457 aliorum
1060 2415 1307 2466 sententias,
1340 2429 1447 2468 quas
1471 2415 1662 2456 enotavit

154 2482 434 2534 Weichertus,
458 2487 506 2524 ut
527 2484 735 2536 omittam,
759 2484 874 2538 quod
896 2485 1051 2526 statuit
1072 2484 1135 2525 vir
1152 2483 1277 2537 longe
1295 2484 1660 2536 ingeniosissimus

154 2550 202 2592 G.
235 2551 442 2593 Niburius
477 2552 636 2607 [Vortr.
660 2552 728 2594 fib.
752 2553 872 2595 R'om.
897 2553 1050 2594 Gesch.
1083 2552 1135 2603 ΙΙ,
1160 2552 1260 2606 389]
1291 2552 1427 2593 videri
1457 2551 1659 2592 Laevium

152 2619 296 2673 priore
342 2624 467 2673 parte
511 2621 671 2662 saeculi
709 2635 745 2662 a.
779 2636 817 2664 u.
851 2635 884 2662 c.
926 2621 1096 2675 septimi
1142 2621 1358 2671 floruisse,
1402 2634 1528 2673 quem
1570 2633 1661 2660 esse

153 2688 380 2741 probabile
410 2689 695 2742 popularibus
723 2704 847 2731 usum
879 2690 1063 2731 modulis
1100 2703 1310 2731 summum
1354 2688 1580 2730 suavitatis
1621 2691 1663 2728 et

155 2756 396 2810 elegantiae
419 2750 666 2811 optinuisse,
689 2758 959 2811 paucissimis
982 2758 1124 2800 verbis
1146 2762 1234 2799 tres
1258 2757 1497 2811 gravissimi
1518 2756 1663 2797 insunt

155 2838 334 2866 errores.
396 2839 495 2866 nam
537 2839 616 2867 nec
646 2826 808 2868 Lucilio
851 2826 1045 2880 aequalis
1085 2826 1168 2868 fuit
1204 2826 1294 2876 ille,
1338 2825 1419 2865 fuit
1450 2825 1662 2875 LucretiO,

155 2906 234 2933 nec
263 2894 450 2946 propriis
482 2893 730 2935 Latinorum
762 2895 958 2947 modulis,
991 2895 1064 2936 sed
1100 2894 1233 2947 siquis
1266 2893 1374 2934 alius
1399 2893 1660 2934 Graecorum

155 2961 385 3002 imitationi
432 2962 614 3013 studuit,
663 2977 739 3002 nec
784 2963 930 3017 lepore
978 2968 1019 3004 et
1062 2963 1301 3015 suptilitate
1344 2962 1487 3014 potius
1535 2975 1661 3014 quam

224 3041 462 3073 L.Mue11eri;
486 3042 530 3066 De
550 3050 571 3067 r.
590 3050 625 3067 m.
645 3050 672 3073 p.
693 3043 724 3067 L.
1370 3031 1390 3062 5
