1898 3292
236 211 286 249 18
849 217 1124 243 PROHOEMIVM.

233 321 430 375 optinuit.
482 320 614 362 veluti
645 319 905 361 Prudentius
937 319 988 360 de
1021 318 1263 360 nominibus
1294 318 1481 372 propriis
1511 332 1738 372 perperam

231 389 404 430 insertis
435 389 577 430 versui
606 388 716 429 haec
747 387 881 429 habet
911 388 1075 442 [perist.
1108 391 1147 438 4,
1172 387 1294 441 165]:

507 456 678 490 carminis
706 456 807 500 leges
833 466 935 489 amor
960 467 1155 489 aureorum

506 514 694 548 nominum
722 513 825 557 parvi
850 512 939 546 facit
966 515 1002 546 et
1026 511 1201 556 loquendi

507 581 594 605 cura
619 570 663 604 de
690 570 825 604 sanctis
850 569 981 603 Vitiosa
1007 580 1079 603 non
1106 571 1161 603 est

507 638 576 662 1166
602 627 702 661 rudis
730 638 922 670 umquam3

233 699 361 739 quam
405 684 598 726 diversus
638 683 711 725 ille
752 687 794 724 et
837 683 891 724 ab
929 683 1132 732 Horatio,
1176 682 1296 724 ouius
1337 686 1436 723 sunt
1479 682 1584 723 talia
1626 683 1676 736 [s.
1709 683 1738 732 I,

233 759 269 804 5,
301 753 396 807 87];

505 820 666 854 mansuri
692 819 880 864 oppidulo,
907 819 1005 863 quod
1029 830 1136 853 versu
1162 818 1285 852 dicere
1311 829 1383 851 non
1410 821 1476 861 est,

232 893 275 931 et
305 889 360 930 ab
391 888 573 940 Lucilio,
606 888 679 942 qui
714 889 774 929 616
805 888 866 929 ait
897 887 949 928 de
981 887 1244 941 sigillaribus
1277 887 1365 941 [VL
1399 887 1492 941 25]:

850 959 1075 990 servorumst
1100 955 1213 989 festu⁷
1241 955 1317 988 dies
1343 955 1413 998 hic,

507 1025 615 1058 quem
637 1014 745 1058 plane
771 1013 986 1048 hexametro
1011 1025 1118 1047 versu
1144 1024 1216 1046 non
1243 1011 1366 1046 dicere
1393 1012 1522 1056 possis.

346 1071 434 1112 Nec
473 1085 572 1112 vero
615 1071 809 1112 substitit
848 1070 922 1111 illa
958 1070 1133 1111 licentia
1174 1071 1217 1111 in
1259 1069 1501 1111 nominibus
1538 1071 1737 1124 propriis.

231 1154 328 1182 nam
369 1141 431 1181 ita
462 1139 665 1181 Claudius
704 1139 852 1181 Victor
891 1139 917 1180 l.
955 1153 1087 1193 supra
1127 1142 1364 1180 memorato
1406 1138 1459 1179 (16
1500 1152 1547 1179 re
1590 1139 1739 1179 eadem

231 1208 432 1264 [praefat.
466 1207 649 1250 alethias
683 1211 762 1250 119
796 1207 929 1262 sqq.]:

507 1276 635 1320 quodsi
661 1276 744 1321 lege
769 1276 878 1310 metri
905 1276 1101 1320 quicquam
1129 1276 1342 1320 peccaverit
1363 1275 1464 1318 ordo,

505 1333 671 1378 peccarit
695 1344 814 1367 sermo
840 1333 1052 1377 inproprius
1078 1344 1277 1376 sensusque
1303 1333 1486 1375 vacillans,

504 1390 645 1424 inculto
673 1390 809 1434 passim
833 1390 944 1424 liceat
971 1389 1168 1424 decurrere
1193 1401 1301 1424 versu

504 1458 571 1481 nec
596 1446 682 1481 fidei
706 1446 791 1480 hinc
818 1446 931 1480 ullum
957 1447 1088 1481 subeat
1112 1458 1283 1481 mensura
1310 1446 1500 1490 periclum.

232 1509 275 1546 et
307 1504 517 1559 Corippus
550 1504 702 1558 [praef.
738 1503 909 1545 iohann.
942 1507 993 1544 27
1027 1504 1131 1558 sq.]:

505 1572 657 1606 forsitan
686 1575 721 1606 et
747 1572 865 1606 fracto
892 1575 1052 1616 ponetur
1077 1572 1215 1617 syllaba
1242 1583 1360 1606 versu.

506 1627 696 1664 confiteor.
745 1628 888 1663 Musast
911 1629 1049 1663 rustica
1076 1640 1232 1673 namque
1258 1639 1349 1662 mea.

230 1691 273 1728 et
303 1686 416 1728 infra
446 1686 563 1741 [33]:

505 1765 597 1798 quos
622 1753 793 1788 doctrina
816 1757 938 1798 negat,
964 1753 1108 1788 confert
1131 1753 1288 1788 victoria
1312 1764 1448 1788 versus.

344 1822 433 1864 Nec
464 1835 548 1863 non
591 1822 751 1864 similes
791 1822 846 1863 ad
884 1822 1074 1864 taedium
1113 1836 1249 1876 usque
1286 1822 1585 1864 excusationes
1615 1836 1737 1876 repe-

228 1893 392 1934 tierunt
423 1890 552 1933 medii
583 1891 678 1932 aevi
709 1894 876 1945 poetae.

344 1960 438 2001 Hoc
469 1962 613 2001 autem
647 1959 749 2012 quin
780 1959 865 2000 iam
899 1959 1197 2012 antiquissimo
1235 1961 1429 2012 tempore
1472 1962 1515 2000 et
1554 1958 1739 2000 viderint

228 2027 426 2082 magistri
468 2031 511 2069 et
552 2027 799 2082 probarint,
841 2041 926 2069 non
967 2031 1033 2069 est
1073 2027 1261 2069 dubium.
1323 2027 1481 2082 quippe
1512 2027 1574 2068 ita
1603 2027 1738 2069 refert

229 2096 348 2138 Beda
394 2096 446 2137 de
492 2109 619 2137 versu
667 2095 854 2149 quodam
901 2095 1014 2137 malo
1066 2096 1255 2137 auctoris
1307 2095 1531 2137 christiani
1586 2096 1736 2150 [2374]

221 2164 380 2216 ‘poeta,
418 2171 462 2205 at
498 2167 671 2216 qloriam
715 2172 883 2206 sanetae
926 2171 964 2205 et
994 2167 1231 2206 individuae
1263 2167 1458 2205 trinitatis
1494 2168 1612 2205 clara
1642 2178 1737 2205 voce

229 2237 482 2281 decantaret,
515 2236 698 2284 myterii
729 2237 913 2284 requiam
943 2236 1236 2284 qrammatieae
1269 2231 1580 2283 dispositionis’.
1634 2233 1734 2274 item

229 2301 333 2342 alibi
377 2299 491 2341 idem
530 2301 681 2355 [2375]
721 2298 785 2342 ‘ut
824 2304 1031 2342 veritatem
1079 2303 1268 2342 doriiniei
1311 2303 1510 2341 sermonis
1552 2305 1737 2352 apertius

229 2372 539 2418 commendaret,
567 2372 797 2420 postposuit
826 2372 1008 2410 ordinem
1040 2371 1283 2419 disciplinae
1312 2366 1576 2410 saecularis⁷.

342 2436 432 2477 Iam
466 2436 579 2477 hanc
609 2436 932 2490 inelegantiam,
967 2451 1061 2478 oum
1095 2436 1273 2491 propria
1304 2435 1360 2477 sit
1391 2435 1734 2488 christianorum,

228 2503 436 2558 serpsisse
487 2503 617 2545 latius
675 2505 803 2545 certis
861 2505 1168 2559 comprobatur
1221 2504 1458 2545 alienorum
1507 2507 1733 2558 poetarum

228 2571 446 2626 exemplis.
506 2572 654 2625 itaque
697 2586 781 2626 quo
827 2574 964 2627 magis
1005 2573 1188 2614 invaluit
1234 2571 1340 2613 fides
1386 2571 1641 2624 christiana,
1684 2587 1733 2613 eo

228 2640 482 2682 eruditionis
513 2639 686 2681 laudem
719 2644 761 2681 et
791 2641 991 2694 peritiam
1034 2642 1140 2682 artis
1182 2640 1375 2681 imminui
1415 2653 1588 2681 necesse
1627 2644 1732 2681 erat.

229 2722 492 2762 quamquam
524 2708 654 2749 etiam
687 2708 781 2749 aliis
814 2709 955 2750 causis
985 2712 1232 2763 corruptam
1270 2722 1364 2750 esse
1397 2708 1619 2749 metricam
1652 2708 1733 2749 La—

226 2777 361 2817 tinam
396 2776 492 2830 quis
523 2775 631 2817 adeo
662 2776 744 2817 erit
773 2776 945 2830 iniquus
977 2780 1026 2818 ut
1053 2777 1251 2818 dubitet?
1283 2776 1419 2817 maior
1440 2779 1584 2817 tamen
1606 2777 1733 2830 culpa

227 2844 574 2896 christianorum,
607 2844 807 2898 quoniam
840 2844 884 2885 hi
911 2845 1118 2899 pleraque
1151 2844 1363 2886 admisere
1395 2845 1589 2895 seientes,
1621 2857 1731 2897 quae

225 2925 302 2966 per
333 2912 649 2966 neglegentiam
682 2912 826 2954 ceteri.
