1898 3292
979 911 1052 961 X.

686 1037 731 1084 Ο
759 1037 1234 1092 PVSCVLVM
1284 1039 1352 1090 ΙΙ.

718 1262 791 1302 DE
824 1262 983 1303 POESI
1015 1262 1306 1304 RYTHMICA

379 1364 439 1404 De
480 1365 599 1417 poesi
641 1365 852 1419 rythmica
885 1365 1172 1406 Romanorum
1216 1365 1379 1418 pariter
1421 1368 1461 1405 et
1505 1365 1767 1406 Graecorum

261 1432 457 1485 pluribus
508 1434 749 1487 expositum
801 1447 825 1473 a
876 1433 998 1474 nobis
1049 1434 1090 1473 in
1142 1433 1252 1475 libro
1305 1433 1356 1474 de
1403 1434 1594 1474 saturnio
1646 1448 1770 1475 versu

261 1501 347 1554 [pg.
381 1502 579 1555 ’λδ-36].
642 1505 869 1555 praeterea
900 1502 1195 1552 memoranda⁷
1236 1516 1345 1555 quae
1384 1502 1436 1542 de
1465 1502 1628 1555 origine
1660 1502 1768 1543 eius-

262 1568 357 1609 dem
391 1569 527 1619 docte,
560 1574 607 1610 ut
639 1570 759 1620 solet,
788 1574 830 1611 et
859 1570 1077 1623 ingeniose
1100 1570 1303 1611 disseruit
1325 1570 1561 1611 Guilelmus
1585 1569 1768 1611 Meierus

261 1636 461 1688 inlibris,
494 1638 565 1691 qui
595 1637 888 1680 inscribuntur
931 1637 1000 1679 ‘dc
1023 1642 1190 1691 rythmis
1212 1637 1391 1680 Latinis'
1428 1642 1470 1680 et
1510 1637 1580 1679 ‘cle
1611 1641 1770 1689 origine

263 1709 508 1757 ryllemormn
542 1709 778 1747 Latinorum
807 1715 844 1748 et
876 1705 1163 1756 Graecorzcm',
1197 1706 1411 1748 Monachii
1441 1721 1476 1748 a.
1504 1710 1609 1748 1882
1644 1710 1686 1747 et
1716 1710 1768 1748 85

263 1773 399 1815 oditis.
462 1789 555 1815 cum
602 1775 682 1816 hoc
724 1776 826 1816 mihi
870 1777 911 1816 in
954 1775 1170 1829 plerisque
1210 1775 1338 1817 rebus
1381 1789 1475 1816 oum
1515 1775 1640 1828 plane
1672 1788 1769 1816 con-

261 1842 426 1892 veniat,
459 1843 642 1884 maxime
673 1844 715 1884 in
749 1858 797 1885 eo
829 1844 940 1897 quod
976 1844 1080 1885 dicit
1112 1844 1323 1898 rythmica
1353 1847 1545 1884 veterum
1580 1843 1770 1884 carmina

262 1910 433 1952 minime
480 1912 686 1965 originem
733 1913 916 1953 traxisse
964 1912 1017 1953 ab
1066 1913 1342 1953 observantia
1385 1916 1587 1953 accentus
1629 1926 1769 1965 gram-

262 1980 425 2030 matici,
472 1980 553 2021 hoc
599 1981 868 2033 potissimum
916 1981 1138 2031 dissentio,
1186 1981 1300 2034 quod
1345 1985 1470 2034 putat
1512 1980 1768 2021 Semitarum

262 2048 502 2089 imitatione
534 2053 580 2090 ut
612 2048 947 2090 homoeoteleuti
981 2050 1023 2090 in
1060 2049 1142 2090 fine
1175 2063 1373 2090 versuum
1416 2049 1669 2099 constantis,
1709 2049 1770 2089 ita

263 2116 569 2158 modulationis
621 2117 857 2172 rythmicae
908 2118 1030 2158 initia
1080 2118 1326 2172 provenisse
1389 2117 1464 2172 [de
1511 2131 1569 2158 or.
1615 2117 1768 2172 rythm.

261 2199 328 2238 pg.
369 2188 443 2226 113
476 2186 598 2240 sqq.].
671 2200 747 2239 ego
786 2200 885 2227 vero
931 2200 1013 2228 non
1056 2186 1196 2236 video,
1244 2199 1320 2227 cur
1361 2185 1469 2227 haec
1511 2199 1593 2226 non
1634 2185 1771 2239 possit

263 2253 416 2294 deduci
450 2267 500 2294 ex
538 2254 709 2307 linguae
743 2254 921 2296 Latinae
955 2254 1235 2308 Graecaeque
1278 2268 1352 2308 per
1396 2254 1621 2295 decursum
1664 2257 1768 2295 tem-

262 2322 379 2376 poris
419 2322 535 2362 facta
580 2322 886 2376 depravatione
924 2326 966 2364 et
996 2323 1241 2376 ignorantia
1272 2326 1605 2376 contemptuque
1637 2337 1769 2376 quan-

262 2390 453 2440 titatum,
495 2390 569 2431 illa
613 2404 663 2431 ex
704 2390 1036 2432 homoeoteleuti
1076 2405 1156 2432 usu
1200 2390 1298 2432 inde
1339 2390 1394 2432 ab
1428 2391 1614 2432 Homero
1655 2390 1770 2444 apud

262 2461 428 2499 veteres
468 2459 854 2512 pervulgatissimo.
927 2459 1001 2500 sed
1047 2459 1211 2500 scilicet
1256 2472 1338 2500 non
1386 2463 1592 2500 curantur
1638 2474 1664 2499 a
1704 2473 1769 2500 me

263 2526 454 2567 carmina
495 2527 734 2580 posteriora
772 2527 855 2568 fine
888 2527 1026 2568 cultus
1057 2527 1249 2578 Romani,
1291 2527 1330 2568 h.
1365 2541 1397 2568 e.
1433 2527 1488 2568 VI
1518 2526 1582 2568 vel
1615 2527 1692 2569 VII
1729 2542 1768 2581 p.

262 2595 358 2636 Chr.
390 2609 428 2635 n.
461 2595 655 2636 saeculis.
718 2610 828 2649 quae
866 2595 965 2636 inde
1005 2610 1029 2636 a
1067 2595 1208 2636 Caroli
1252 2595 1396 2649 Magni
1439 2600 1632 2649 tempore
1672 2609 1769 2649 pro-

260 2678 413 2705 venere
442 2678 526 2705 non
554 2667 695 2717 tango.

376 2732 528 2785 Itaque
568 2732 650 2773 hoc
690 2731 783 2773 loco
820 2732 922 2772 satis
960 2732 1106 2782 visum,
1152 2746 1261 2785 quae
1297 2732 1349 2773 de
1389 2746 1435 2773 re
1479 2732 1626 2773 eadem
1671 2735 1768 2772 ante

263 2815 396 2841 annos
426 2801 522 2854 plus
554 2801 732 2853 triginta
755 2800 1077 2853 disputavimus,
1111 2804 1306 2854 repetere
1337 2800 1486 2854 paucis
1518 2799 1767 2840 immutatis.

379 2868 672 2921 Antiquissimi
697 2869 981 2909 Romanorum
1008 2883 1100 2908 cum
1125 2868 1240 2909 haud
1268 2868 1396 2909 dubie
1429 2871 1569 2908 essent
1599 2867 1768 2920 ingenio

262 2936 387 2993 longe
419 2937 557 2978 minus
589 2937 750 2978 musico
778 2951 906 2992 quam
931 2936 1086 2978 Graeci
1118 2961 1171 2966 —
1201 2936 1314 2979 unde
1345 2940 1387 2978 et
1418 2936 1610 2978 saturnio
1631 2938 1768 2977 metro
