1898 3292
245 233 267 270 5
276 231 292 269 1
301 233 325 270 8
827 235 947 261 LIBER
967 233 1169 259 SEPTIMVS.

360 341 589 382 Praeterea
623 339 837 380 subtiliter
867 335 1171 390 indagandum,
1204 349 1315 388 quae
1349 335 1502 388 cuique
1525 338 1749 388 poetarum

245 411 383 451 minus
426 413 555 463 aptae
597 407 651 449 ad
694 421 866 449 carmen
907 406 1134 447 videantur
1174 418 1267 445 esse
1308 403 1561 457 particulae.
1622 403 1752 444 veluti

243 478 469 520 Lucretius
501 490 731 530 numquam
774 474 974 517 adhibuit
1002 472 1108 514 illud
1131 475 1345 523 protinus,
1389 486 1485 513 cum
1515 471 1753 525 usurpandi

244 548 335 589 eius
372 545 558 600 plurima
598 544 763 586 veniret
802 543 993 593 occasio,
1040 540 1153 595 quod
1186 554 1234 581 eo
1266 541 1402 593 magis
1444 540 1615 590 mirum,
1656 554 1752 581 cum

245 615 395 657 comici
435 614 599 668 pariter
643 617 685 654 et
735 613 844 667 epici
887 611 1035 653 eodem
1088 612 1267 651 utantur
1311 608 1533 650 vocabulo.
1603 611 1754 649 contra

237 680 485 735 ‘nunquam’
532 682 611 723 soli
648 682 761 723 inter
801 680 1035 735 dactylicos
1076 678 1241 732 placuit
1270 677 1440 718 Laevio.
1472 700 1529 707 —
1558 676 1755 718 similiter

243 753 318 794 illa
350 756 485 793 isidem
518 754 560 792 et
589 757 726 801 utpote
758 753 801 791 et
831 752 1022 799 deinceps
1057 750 1155 801 post
1193 745 1407 788 Catullum
1443 759 1565 786 nemo
1608 745 1755 786 classi-

244 836 390 863 corum
423 822 598 874 praeter
628 818 866 860 didacticos
898 816 963 858 vel
995 815 1193 858 satiricos
1227 814 1437 855 adhibuit.
1499 813 1648 855 eadem
1680 813 1754 855 ob-

245 889 462 932 servantia
484 891 655 929 tenetur
691 893 955 938 quapropter,
987 898 1065 939 pro
1098 897 1182 937 quo
1207 883 1315 937 epici
1346 896 1528 937 posuere
1564 886 1756 933 quocirca

245 959 390 1014 [Verg.
425 971 515 998 aen.
548 957 579 1007 I,
612 959 716 1007 6733
751 954 840 996 Val.
870 954 929 995 Fl.
962 954 1013 1003 II,
1051 952 1160 1009 101].
1209 966 1309 993 nam
1338 965 1417 992 nec
1451 948 1580 992 ‘ilem’
1616 951 1756 992 altiori

245 1026 444 1069 convenit
482 1024 671 1066 dictioni.
741 1023 816 1064 sed
858 1023 968 1063 enim
1009 1021 1144 1063 isdem
1185 1020 1410 1075 particulis
1453 1020 1649 1061 certatim
1691 1019 1756 1060 usi

245 1099 345 1137 sunt
391 1093 626 1135 christiani.
698 1095 925 1146 praeterea
968 1093 1166 1142 siquidem
1215 1093 1257 1131 et
1304 1092 1631 1140 quandoquidem
1677 1089 1756 1130 etsi

245 1164 462 1218 plerisque
503 1165 729 1216 poetarum
771 1160 891 1201 fuere
934 1159 1120 1214 probata
1151 1182 1208 1189 -
1239 1161 1418 1199 utuntur
1461 1161 1536 1198 aut
1572 1161 1757 1210 utroque

247 1236 322 1274 aut
347 1231 558 1273 alterutro
584 1229 821 1279 Lucretius,
845 1228 1050 1278 Catullus,
1075 1227 1299 1281 Vergilius,
1322 1226 1536 1277 Manilius,
1568 1226 1757 1276 Ovidius,

247 1302 422 1350 Seneca,
459 1298 685 1349 Iuvenalis,
728 1298 904 1347 Statius,
947 1297 1244 1346 Terentianus,
1286 1294 1557 1345 Prudentius,
1587 1295 1659 1336 alii
1689 1320 1756 1345 —,

246 1374 391 1411 tamen
424 1367 672 1409 abstinuere
703 1366 825 1408 libris
854 1365 1042 1420 propriis
1068 1364 1184 1406 haud
1207 1364 1356 1418 paucit
1388 1363 1607 1414 Horatius,
1630 1363 1758 1405 Grat-

246 1439 352 1489 tius,
396 1436 588 1487 Persius,
631 1435 905 1489 Calpurnius,
947 1433 1250 1484 Nemesianus,
1293 1432 1497 1483 Rutilius,
1539 1432 1757 1483 Boethius,

248 1507 476 1561 Eugenius,
508 1505 738 1547 Orientius.
807 1504 869 1545 ita
902 1506 1092 1555 quianam
1123 1505 1221 1556 post
1253 1501 1486 1555 Vergilium
1517 1500 1661 1554 legere
1692 1515 1757 1542 me

246 1590 330 1617 non
366 1574 561 1626 memini,
602 1588 743 1628 neque
775 1572 881 1615 illud
913 1571 1027 1626 quod
1070 1574 1135 1613 est
1175 1568 1350 1612 ‘autem’
1394 1569 1610 1611 invenitur
1642 1569 1758 1624 apud

248 1644 491 1698 Corippum.

568 1710 669 1746 Ecce
695 1712 893 1745 coronatae
920 1712 1068 1753 portum
1094 1708 1251 1753 tetigere
1281 1708 1437 1750 carinae,

569 1769 746 1803 traiectae
774 1767 911 1812 Syrtes,
937 1778 1073 1801 ancora
1100 1767 1197 1800 iacta
1220 1765 1356 1799 mihist.

363 1850 452 1891 Iam
480 1863 591 1903 quae
620 1848 757 1902 longis
779 1847 1066 1889 voluminibus
1098 1861 1190 1888 sum
1213 1849 1466 1901 persecutus
1498 1859 1760 1899 quamquam

248 1918 398 1973 paucis
420 1917 562 1960 verbis
586 1917 804 1959 continere
836 1930 914 1958 nec
950 1917 1069 1957 iuvat
1099 1929 1177 1957 nec
1209 1915 1321 1966 licet,
1353 1918 1498 1956 tamen
1532 1914 1641 1956 haec
1672 1914 1761 1955 fere

249 1987 373 2041 quasi
404 2000 571 2028 summa
598 1986 742 2028 evadit
773 1985 1121 2027 observationum
1153 1988 1420 2034 nostrarum,
1452 1997 1560 2037 quas
1588 1982 1761 2037 quidem

249 2056 370 2097 annis
398 2055 494 2110 plus
525 2055 605 2096 XX
636 2058 754 2109 post,
802 2068 898 2096 cuni
939 2053 991 2095 de
1023 2052 1149 2094 Ennii
1193 2052 1282 2094 vita
1313 2056 1356 2094 et
1387 2052 1560 2106 scriptis
1602 2051 1761 2093 librum

253 2138 575 2178 componerem,
617 2123 777 2177 ubique
817 2122 959 2164 inveni
1002 2125 1143 2163 certas
1183 2125 1402 2175 ratasque.
1462 2119 1590 2162 huius
1629 2120 1763 2174 igitur

249 2193 293 2234 in
320 2193 404 2234 fine
436 2206 546 2246 quae
578 2196 679 2233 sunt
710 2191 826 2233 dicta
849 2190 931 2247 [pg.
966 2194 1046 2233 296
1079 2189 1187 2246 sqq]
1224 2188 1516 2244 comparanda
1550 2202 1762 2232 commen-

251 2261 403 2304 damus
432 2260 679 2303 lectoribus.

365 2331 427 2371 Ac
456 2330 642 2384 primum
674 2327 846 2382 quidem
874 2327 1168 2382 impugnanda
1200 2326 1356 2381 opinio,
1387 2340 1474 2380 qua
1504 2325 1558 2368 ab
1581 2325 1763 2368 Niburio

250 2398 484 2440 identidem
514 2397 699 2452 prolata,
728 2410 827 2438 mox
859 2400 1036 2450 arrepta
1058 2411 1084 2438 a
1104 2396 1269 2438 Koenio
1299 2398 1342 2437 et
1364 2395 1579 2437 Grauerto
1611 2395 1763 2436 statui-

251 2472 322 2509 tur
344 2468 389 2518 Q.
414 2467 597 2508 Ennium
630 2480 726 2508 culn
757 2465 933 2507 asseclis
965 2479 1134 2506 versum
1165 2464 1387 2506 heroicum
1421 2467 1464 2505 et
1491 2463 1764 2518 peregrinam

252 2540 390 2577 artem
422 2534 618 2577 novando
648 2533 834 2575 vividam
863 2533 1018 2575 indolis
1037 2534 1256 2575 Romanae
1287 2532 1599 2587 proprietatem
1631 2531 1764 2573 Grae-

253 2618 400 2646 corum
430 2604 673 2645 reverentia
696 2616 933 2644 enervasse.
994 2615 1046 2644 ea
1072 2616 1168 2644 cum
1199 2602 1365 2643 nitatur
1395 2600 1556 2655 ingenti
1578 2599 1765 2654 quadam

252 2673 538 2714 admiratione
570 2672 959 2713 vetustissimorum
990 2671 1248 2720 carminum,
1278 2683 1389 2723 quae
1419 2669 1648 2724 popularia
1682 2668 1764 2710 uti-

254 2756 336 2795 que
370 2755 449 2783 nec
479 2741 577 2783 ullis
609 2740 832 2782 doctrinae
863 2740 1035 2781 venenis
1067 2739 1228 2781 infecta
1258 2738 1301 2780 in
1331 2738 1533 2780 conviviis
1565 2752 1590 2779 a
1619 2737 1764 2791 pueris

253 2810 384 2852 fuisse
416 2813 593 2851 cantata
628 2809 822 2850 narravit
853 2808 958 2850 Cato
1000 2807 1072 2849 ille
1104 2807 1351 2858 Censorius,
1398 2804 1524 2848 facile
1566 2805 1764 2860 equidem

252 2878 415 2931 largior
446 2877 618 2919 minime
651 2891 778 2932 posse
808 2876 964 2927 refelli,
996 2876 1069 2930 qui
1101 2890 1208 2931 prae
1238 2875 1323 2917 illis
1354 2875 1639 2917 monumentis
1674 2874 1764 2915 Ma-

254 2961 402 2989 ronem
433 2951 475 2988 et
506 2946 705 2988 Ovidium
736 2948 940 3000 spernent
979 2945 1113 3000 (quod
1143 2959 1227 2986 non
1259 2945 1342 2985 erit
1369 2944 1544 2993 mirum,
1588 2957 1683 2984 cum
1712 2956 1764 2984 ne
