1898 3292
741 252 859 278 LIBER
880 252 1054 278 TERTIVS.
1571 245 1651 281 ‘205

146 356 407 398 contrarium
448 370 630 409 peccare
671 357 926 396 maluerunt.
987 369 1087 395 nam
1125 355 1354 396 Horatium
1386 355 1651 396 Lucretium-

145 439 227 479 que
259 425 294 466 si
329 424 535 475 omiseris,
569 438 590 466 e
623 424 778 478 quibus
809 423 879 464 hic
911 423 966 464 ab
999 427 1092 464 arte
1121 423 1309 464 nondum
1341 423 1490 464 adulta
1521 423 1653 464 habet

143 494 330 543 veniam,
370 492 440 533 ille
473 493 647 534 satirico
679 493 772 534 iure
804 496 846 533 et
877 491 1104 533 molliculis
1138 492 1436 545 communique
1468 492 1653 532 sermoni

145 561 479 603 accommodatis
512 565 744 602 excusatur
774 560 973 611 numeris,
1006 574 1089 613 quo
1123 560 1218 614 quis
1250 560 1332 601 fuit
1361 560 1654 614 praestantior

145 635 390 684 poetarum,
432 643 480 671 eo
514 630 704 671 curatius
738 629 1041 670 abstinuerunt
1072 628 1126 669 ab
1158 629 1363 670 incisione
1408 629 1513 677 ista,
1553 642 1652 681 par-

145 699 222 739 tim
262 698 561 752 perexiguum,
601 698 760 752 partim
790 697 952 738 nullum
984 701 1031 738 ut
1061 696 1223 738 habeat
1251 697 1365 750 apud
1397 710 1468 737 eos
1499 697 1652 737 locum.

259 766 382 817 Quod
414 780 497 820 quo
528 766 694 821 plenius
727 769 956 820 appareat,
998 766 1082 806 iam
1110 765 1217 807 illud
1249 765 1572 811 demonstrabo,
1611 766 1653 805 in

144 849 270 876 versu
299 835 400 876 tali:

416 902 607 936 infandum
631 903 761 946 regina
787 901 890 935 iubes
916 913 1092 936 renovare
1119 901 1296 945 dolorem,

145 972 232 1014 sive
263 971 378 1013 hunc
407 972 564 1013 mavis:

422 1046 544 1080 omnia
570 1045 677 1079 fanda
704 1044 869 1088 nefanda
897 1045 992 1079 malo
1018 1045 1202 1089 permixta
1221 1045 1356 1088 furore,

149 1109 286 1151 solum
318 1114 417 1164 post
450 1112 649 1162 quartam
683 1108 816 1159 arsin,
858 1108 975 1149 haud
1018 1122 1119 1150 sane
1156 1113 1255 1162 post
1285 1108 1537 1150 trochaeum
1569 1112 1654 1150 ter-

143 1179 250 1219 tium
273 1178 423 1220 adesse
447 1192 682 1219 caesuram.
734 1177 777 1218 in
808 1177 963 1230 quibus
986 1177 1112 1230 vulgo
1145 1180 1341 1218 statuunt
1372 1176 1653 1230 principalem

143 1247 396 1288 incisionem
426 1246 555 1288 tertio
586 1245 791 1287 trochaeo
824 1246 1070 1299 repositam,
1101 1249 1149 1287 ut
1177 1246 1316 1286 minus
1347 1245 1547 1296 validam,
1580 1245 1654 1286 ad-

145 1315 283 1356 iuvari
328 1314 690 1369 hephthemimeri
741 1314 828 1355 sive
872 1314 963 1355 sola
1010 1314 1097 1355 sive
1145 1314 1294 1355 addita
1339 1313 1654 1355 trithemimeri.

145 1383 260 1438 quod
300 1397 386 1425 non
424 1397 534 1437 nego
574 1383 680 1424 mihi
716 1382 829 1424 omni
870 1386 1064 1436 tempore
1096 1382 1232 1423 visum
1270 1396 1363 1424 esse
1392 1396 1654 1436 perversum.

258 1452 428 1494 Etenim
476 1466 570 1493 cum
617 1451 733 1506 apud
772 1450 949 1492 Latinos
995 1450 1050 1492 ad
1096 1450 1357 1492 fulciendam
1405 1450 1654 1492 divisionem

146 1521 495 1574 semiquinariam
528 1534 668 1574 neque
699 1519 1025 1561 trithemimeris
1057 1518 1318 1561 adhibeatur
1348 1533 1427 1561 nec
1458 1519 1657 1561 bucolica

146 1589 383 1641 distinctio,
416 1589 581 1631 scilicet
612 1588 727 1642 quod
755 1587 831 1629 illa
860 1587 1110 1642 aequabiles
1141 1602 1220 1629 nec
1248 1588 1511 1642 incongruae
1544 1587 1656 1629 effici

147 1657 207 1699 eis
250 1661 349 1699 sunt
387 1658 505 1700 visae
547 1671 696 1699 versus
737 1661 908 1711 partes,
953 1657 1027 1711 qui
1068 1656 1229 1711 poterit
1274 1656 1392 1698 credi
1433 1656 1657 1698 trochaica

146 1740 348 1778 caesura,
393 1740 478 1780 qua
517 1726 741 1780 proportio
784 1725 1075 1767 membrorum
1115 1724 1443 1779 penthemimeri
1481 1724 1655 1766 distinc-

144 1798 286 1836 torum
317 1809 404 1837 una
434 1808 556 1836 mora
594 1798 803 1846 mutatur,
841 1798 1009 1836 tantam
1052 1794 1147 1836 fieri
1186 1794 1376 1848 partium
1417 1793 1656 1847 inaequali-

145 1867 291 1915 tatem,
322 1867 372 1905 ut
401 1864 486 1905 iam
517 1863 630 1905 binis
659 1863 753 1905 aliis
775 1863 947 1917 placeat
970 1863 1164 1905 succurri
1185 1862 1495 1904 incisionibus?
1525 1863 1654 1903 immo

144 1945 245 1974 vero
277 1946 372 1974 cum
399 1932 540 1987 prima
569 1946 880 1986 usquequaque
917 1931 986 1973 lex
1029 1932 1083 1973 sit
1125 1945 1346 1983 caesurae,
1387 1935 1452 1982 ut,
1495 1931 1655 1972 interse

146 2015 257 2055 quae
298 2004 596 2055 segregentur,
635 2014 689 2042 ne
728 2001 853 2042 nimis
893 2001 1000 2042 fiant
1031 2001 1269 2054 incongrua
1300 2000 1458 2054 spatio,
1502 2000 1587 2041 iam
1620 1999 1655 2040 si

146 2069 350 2112 statueris
380 2083 507 2112 versu
537 2070 642 2111 isto:

418 2143 608 2178 infandum
632 2144 759 2189 regina
784 2144 888 2178 iubes
912 2154 1089 2178 renovare
1115 2143 1281 2178 dolorem

144 2211 244 2262 post
289 2207 521 2249 secundam
567 2208 699 2248 etiam
746 2211 1033 2261 quartamque
1073 2207 1281 2261 distingui
1324 2206 1458 2257 arsin,
1505 2220 1656 2248 norma

145 2277 241 2327 ista,
272 2290 383 2330 quae
415 2275 690 2317 mediocriter
724 2280 921 2317 servatur
952 2276 1097 2330 priore
1117 2275 1390 2317 hemistichio
1421 2300 1475 2305 —
1507 2289 1655 2329 quam-

146 2359 275 2398 quam
307 2345 499 2399 oportuit
528 2348 697 2399 partem
729 2345 1010 2399 principalem
1042 2348 1271 2396 infandum,
1303 2357 1413 2397 quae
1445 2343 1655 2385 choriam—

145 2413 247 2454 bum
280 2417 451 2468 aequat,
481 2414 690 2455 minorem
713 2427 805 2455 esse
826 2413 1078 2466 insequente
1109 2417 1270 2465 regina,
1307 2426 1417 2466 quae
1445 2426 1655 2466 paeonem

148 2482 293 2536 explet
313 2482 489 2523 tertium
511 2506 577 2533 ——,
609 2482 734 2523 foede
756 2481 942 2523 violatur
963 2481 1215 2535 posteriore.
1257 2481 1352 2534 quis
1375 2481 1486 2522 enim
1509 2481 1656 2522 credet

145 2549 299 2604 pedem
329 2550 561 2592 iambicum
592 2553 705 2592 iubes
737 2553 837 2604 apte
868 2549 1130 2604 respondere
1159 2549 1403 2603 insequenti
1426 2563 1520 2590 cum
1542 2549 1655 2590 thesi

147 2622 307 2672 quarta
337 2622 475 2661 metro
507 2618 661 2660 adonio
693 2632 896 2659 renovare
928 2622 1116 2660 dolorem.
1170 2621 1245 2660 aut
1276 2618 1359 2660 hoc
1379 2632 1532 2672 parum
1556 2631 1654 2658 con-

148 2687 320 2728 cinnum
363 2691 438 2729 aut
478 2686 595 2728 nihil.
658 2686 772 2740 quod
815 2700 910 2727 cum
947 2687 1010 2727 ita
1041 2687 1095 2728 sit
1121 2712 1176 2717 —
1207 2687 1394 2741 pertinet
1424 2689 1568 2728 autem
1599 2685 1654 2727 ad

148 2754 338 2797 Graecos
365 2769 450 2796 non
481 2755 619 2796 minus
652 2769 781 2808 quam
813 2755 868 2796 ad
899 2755 1075 2797 Latinos
1109 2780 1185 2805 —,
1217 2758 1334 2796 recte
1366 2754 1574 2805 dicemus,
1617 2754 1652 2794 si

146 2823 248 2864 insit
278 2823 322 2864 in
348 2837 474 2865 versu
502 2823 585 2865 isto
631 2822 864 2875 ‘infandum
894 2827 1042 2876 reyina
1074 2826 1186 2865 iubes
1216 2836 1418 2864 renovare
1451 2820 1650 2863 dolorem'

148 2905 329 2934 caesura
358 2892 592 2943 trochaica,
626 2905 719 2933 eam
749 2895 839 2933 tam
869 2891 1037 2934 firmam
1069 2906 1161 2934 esse
1185 2892 1453 2933 existimasse
1474 2894 1653 2939 veteres,

147 2973 231 3001 non
260 2964 309 3002 ut
337 2960 424 3002 ullo
454 2960 630 3014 proprio
658 2964 805 3014 egeret
835 2961 1107 3003 adminiculo.
