<?xml version="1.0" encoding="UTF-8"?>
<!DOCTYPE html PUBLIC "-//W3C//DTD XHTML 1.0 Transitional//EN"
    "http://www.w3.org/TR/xhtml1/DTD/xhtml1-transitional.dtd">
<html xmlns="http://www.w3.org/1999/xhtml" xml:lang="en" lang="en">
 <head>
  <title>
</title>
<meta http-equiv="Content-Type" content="text/html;charset=utf-8" />
  <meta name='ocr-system' content='tesseract 3.04.00' />
  <meta name='ocr-capabilities' content='ocr_page ocr_carea ocr_par ocr_line ocrx_word'/>
</head>
<body>
  <div class='ocr_page' id='page_1' title='image "./deremetricapoeta00mluoft_0594.png"; bbox 0 0 1898 3292; ppageno 0'>
   <div class='ocr_carea' id='block_1_1' title="bbox 248 203 1157 241">
    <p class='ocr_par' dir='ltr' id='par_1_1' title="bbox 248 203 1157 241">
     <span class='ocr_line' id='line_1_1' title="bbox 248 203 1157 241; baseline -0.009 0"><span class='ocrx_word' id='word_1_1' title='bbox 248 203 327 241; x_wconf 77' lang='lat'>568</span> <span class='ocrx_word' id='word_1_2' title='bbox 845 210 1082 235; x_wconf 68' lang='lat' dir='ltr'>OPVSCVLVM</span> <span class='ocrx_word' id='word_1_3' title='bbox 1102 210 1157 234; x_wconf 81' lang='lat'>111.</span> 
     </span>
    </p>
   </div>
   <div class='ocr_carea' id='block_1_2' title="bbox 245 311 1760 1341">
    <p class='ocr_par' dir='ltr' id='par_1_2' title="bbox 245 311 1760 1119">
     <span class='ocr_line' id='line_1_2' title="bbox 247 311 1754 366; baseline -0.003 -12"><span class='ocrx_word' id='word_1_4' title='bbox 247 318 441 354; x_wconf 80' lang='lat' dir='ltr'>eventum</span> <span class='ocrx_word' id='word_1_5' title='bbox 475 328 711 366; x_wconf 80' lang='lat' dir='ltr'>properans</span> <span class='ocrx_word' id='word_1_6' title='bbox 745 313 910 353; x_wconf 78' lang='lat' dir='ltr'>animus</span> <span class='ocrx_word' id='word_1_7' title='bbox 949 312 1054 353; x_wconf 82' lang='lat' dir='ltr'>fines</span> <span class='ocrx_word' id='word_1_8' title='bbox 1093 312 1230 364; x_wconf 80' lang='lat' dir='ltr'>magis</span> <span class='ocrx_word' id='word_1_9' title='bbox 1263 325 1391 364; x_wconf 85' lang='lat' dir='ltr'>quam</span> <span class='ocrx_word' id='word_1_10' title='bbox 1424 311 1546 351; x_wconf 84' lang='lat' dir='ltr'>initia</span> <span class='ocrx_word' id='word_1_11' title='bbox 1587 313 1754 364; x_wconf 78' lang='lat' dir='ltr'>spectat</span> 
     </span>
     <span class='ocr_line' id='line_1_3' title="bbox 247 379 1754 434; baseline -0.003 -11"><span class='ocrx_word' id='word_1_12' title='bbox 247 383 499 425; x_wconf 78' lang='lat' dir='ltr'>verborum.</span> <span class='ocrx_word' id='word_1_13' title='bbox 541 382 593 422; x_wconf 91' lang='lat' dir='ltr'>de</span> <span class='ocrx_word' id='word_1_14' title='bbox 625 396 710 434; x_wconf 84' lang='lat' dir='ltr'>qua</span> <span class='ocrx_word' id='word_1_15' title='bbox 742 396 787 422; x_wconf 91' lang='lat' dir='ltr'>re</span> <span class='ocrx_word' id='word_1_16' title='bbox 817 382 901 421; x_wconf 88' lang='lat' dir='ltr'>iam</span> <span class='ocrx_word' id='word_1_17' title='bbox 944 395 1075 434; x_wconf 84' lang='lat' dir='ltr'>supra</span> <span class='ocrx_word' id='word_1_18' title='bbox 1106 380 1337 421; x_wconf 76' lang='lat' dir='ltr'>memoravi</span> <span class='ocrx_word' id='word_1_19' title='bbox 1370 405 1446 427; x_wconf 71' lang='lat'>—-—,</span> <span class='ocrx_word' id='word_1_20' title='bbox 1490 394 1568 419; x_wconf 85' lang='lat' dir='ltr'>nec</span> <span class='ocrx_word' id='word_1_21' title='bbox 1599 379 1754 420; x_wconf 85' lang='lat' dir='ltr'>Graeci</span> 
     </span>
     <span class='ocr_line' id='line_1_4' title="bbox 245 447 1754 503; baseline -0.003 -12"><span class='ocrx_word' id='word_1_22' title='bbox 245 452 289 491; x_wconf 91' lang='lat' dir='ltr'>in</span> <span class='ocrx_word' id='word_1_23' title='bbox 320 451 408 491; x_wconf 86' lang='lat' dir='ltr'>ulla</span> <span class='ocrx_word' id='word_1_24' title='bbox 440 451 632 503; x_wconf 76' lang='lat' dir='ltr'>poeticae</span> <span class='ocrx_word' id='word_1_25' title='bbox 672 453 796 503; x_wconf 87' lang='lat' dir='ltr'>parte</span> <span class='ocrx_word' id='word_1_26' title='bbox 828 449 1130 490; x_wconf 86' lang='lat' dir='ltr'>abstinuerunt</span> <span class='ocrx_word' id='word_1_27' title='bbox 1172 447 1516 488; x_wconf 87' lang='lat' dir='ltr'>homoeoteleuto</span> <span class='ocrx_word' id='word_1_28' title='bbox 1549 451 1591 488; x_wconf 92' lang='lat' dir='ltr'>et</span> <span class='ocrx_word' id='word_1_29' title='bbox 1622 447 1754 487; x_wconf 87' lang='lat' dir='ltr'>multo</span> 
     </span>
     <span class='ocr_line' id='line_1_5' title="bbox 247 515 1754 571; baseline -0.003 -12"><span class='ocrx_word' id='word_1_30' title='bbox 247 520 386 560; x_wconf 83' lang='lat' dir='ltr'>minus</span> <span class='ocrx_word' id='word_1_31' title='bbox 405 519 557 566; x_wconf 72' lang='lat' dir='ltr'>Latini,</span> <span class='ocrx_word' id='word_1_32' title='bbox 588 532 769 571; x_wconf 83' lang='lat' dir='ltr'>quorum</span> <span class='ocrx_word' id='word_1_33' title='bbox 801 532 901 558; x_wconf 82' lang='lat' dir='ltr'>sane</span> <span class='ocrx_word' id='word_1_34' title='bbox 935 531 1074 558; x_wconf 82' lang='lat' dir='ltr'>sermo</span> <span class='ocrx_word' id='word_1_35' title='bbox 1104 517 1228 569; x_wconf 80' lang='lat' dir='ltr'>longe</span> <span class='ocrx_word' id='word_1_36' title='bbox 1261 517 1390 557; x_wconf 83' lang='lat' dir='ltr'>etiam</span> <span class='ocrx_word' id='word_1_37' title='bbox 1424 516 1460 556; x_wconf 85' lang='lat' dir='ltr'>ei</span> <span class='ocrx_word' id='word_1_38' title='bbox 1492 516 1573 556; x_wconf 85' lang='lat' dir='ltr'>fuit</span> <span class='ocrx_word' id='word_1_39' title='bbox 1602 515 1754 568; x_wconf 86' lang='lat' dir='ltr'>aptior.</span> 
     </span>
     <span class='ocr_line' id='line_1_6' title="bbox 249 584 1756 640; baseline -0.003 -12"><span class='ocrx_word' id='word_1_40' title='bbox 249 602 393 628; x_wconf 88' lang='lat' dir='ltr'>verum</span> <span class='ocrx_word' id='word_1_41' title='bbox 425 588 698 640; x_wconf 85' lang='lat' dir='ltr'>antiquorum</span> <span class='ocrx_word' id='word_1_42' title='bbox 731 587 844 627; x_wconf 82' lang='lat' dir='ltr'>inter</span> <span class='ocrx_word' id='word_1_43' title='bbox 877 589 918 626; x_wconf 91' lang='lat' dir='ltr'>et</span> <span class='ocrx_word' id='word_1_44' title='bbox 940 586 1254 626; x_wconf 88' lang='lat' dir='ltr'>neotericorum</span> <span class='ocrx_word' id='word_1_45' title='bbox 1277 584 1466 625; x_wconf 86' lang='lat' dir='ltr'>rationes</span> <span class='ocrx_word' id='word_1_46' title='bbox 1499 598 1549 624; x_wconf 88' lang='lat' dir='ltr'>ca</span> <span class='ocrx_word' id='word_1_47' title='bbox 1579 584 1756 636; x_wconf 73' lang='lat' dir='ltr'>insignis</span> 
     </span>
     <span class='ocr_line' id='line_1_7' title="bbox 249 652 1757 708; baseline -0.003 -12"><span class='ocrx_word' id='word_1_48' title='bbox 249 656 392 697; x_wconf 84' lang='lat' dir='ltr'>extitit</span> <span class='ocrx_word' id='word_1_49' title='bbox 423 655 685 700; x_wconf 81' lang='lat' dir='ltr'>differentia,</span> <span class='ocrx_word' id='word_1_50' title='bbox 735 654 849 708; x_wconf 88' lang='lat' dir='ltr'>quod</span> <span class='ocrx_word' id='word_1_51' title='bbox 890 654 933 694; x_wconf 92' lang='lat' dir='ltr'>hi</span> <span class='ocrx_word' id='word_1_52' title='bbox 978 654 1031 694; x_wconf 84' lang='lat' dir='ltr'>ad</span> <span class='ocrx_word' id='word_1_53' title='bbox 1063 668 1209 694; x_wconf 85' lang='lat' dir='ltr'>versus</span> <span class='ocrx_word' id='word_1_54' title='bbox 1242 652 1503 705; x_wconf 83' lang='lat' dir='ltr'>coiugandos</span> <span class='ocrx_word' id='word_1_55' title='bbox 1537 666 1585 693; x_wconf 90' lang='lat' dir='ltr'>eo</span> <span class='ocrx_word' id='word_1_56' title='bbox 1617 652 1683 692; x_wconf 84' lang='lat' dir='ltr'>usi</span> <span class='ocrx_word' id='word_1_57' title='bbox 1714 652 1757 691; x_wconf 85' lang='lat' dir='ltr'>in</span> 
     </span>
     <span class='ocr_line' id='line_1_8' title="bbox 249 720 1759 776; baseline -0.003 -12"><span class='ocrx_word' id='word_1_58' title='bbox 249 725 410 771; x_wconf 78' lang='lat' dir='ltr'>metris,</span> <span class='ocrx_word' id='word_1_59' title='bbox 443 723 504 764; x_wconf 92' lang='lat' dir='ltr'>illi</span> <span class='ocrx_word' id='word_1_60' title='bbox 538 727 586 764; x_wconf 89' lang='lat' dir='ltr'>ut</span> <span class='ocrx_word' id='word_1_61' title='bbox 617 737 766 764; x_wconf 87' lang='lat' dir='ltr'>sensus</span> <span class='ocrx_word' id='word_1_62' title='bbox 800 722 1063 776; x_wconf 74' lang='lat' dir='ltr'>copularent,</span> <span class='ocrx_word' id='word_1_63' title='bbox 1104 722 1146 762; x_wconf 89' lang='lat' dir='ltr'>id</span> <span class='ocrx_word' id='word_1_64' title='bbox 1183 720 1297 774; x_wconf 87' lang='lat' dir='ltr'>quod</span> <span class='ocrx_word' id='word_1_65' title='bbox 1330 720 1563 761; x_wconf 84' lang='lat' dir='ltr'>communis</span> <span class='ocrx_word' id='word_1_66' title='bbox 1597 720 1759 760; x_wconf 78' lang='lat' dir='ltr'>seilicet</span> 
     </span>
     <span class='ocr_line' id='line_1_9' title="bbox 249 788 1760 845; baseline -0.002 -14"><span class='ocrx_word' id='word_1_67' title='bbox 249 793 361 832; x_wconf 89' lang='lat' dir='ltr'>vitae</span> <span class='ocrx_word' id='word_1_68' title='bbox 395 795 437 832; x_wconf 92' lang='lat' dir='ltr'>et</span> <span class='ocrx_word' id='word_1_69' title='bbox 463 792 677 845; x_wconf 84' lang='lat' dir='ltr'>pedestris</span> <span class='ocrx_word' id='word_1_70' title='bbox 713 791 920 832; x_wconf 87' lang='lat' dir='ltr'>sermonis</span> <span class='ocrx_word' id='word_1_71' title='bbox 952 790 1238 831; x_wconf 73' lang='lat' dir='ltr'>aemulatione</span> <span class='ocrx_word' id='word_1_72' title='bbox 1263 790 1413 830; x_wconf 81' lang='lat' dir='ltr'>evenit.</span> <span class='ocrx_word' id='word_1_73' title='bbox 1466 789 1620 829; x_wconf 88' lang='lat' dir='ltr'>etenim</span> <span class='ocrx_word' id='word_1_74' title='bbox 1645 788 1760 841; x_wconf 88' lang='lat' dir='ltr'>quod</span> 
     </span>
     <span class='ocr_line' id='line_1_10' title="bbox 250 857 1756 913; baseline -0.003 -12"><span class='ocrx_word' id='word_1_75' title='bbox 250 860 424 913; x_wconf 82' lang='lat' dir='ltr'>quidam</span> <span class='ocrx_word' id='word_1_76' title='bbox 468 860 614 900; x_wconf 85' lang='lat' dir='ltr'>dixere</span> <span class='ocrx_word' id='word_1_77' title='bbox 655 859 851 913; x_wconf 81' lang='lat' dir='ltr'>populari</span> <span class='ocrx_word' id='word_1_78' title='bbox 884 859 1268 900; x_wconf 82' lang='lat' dir='ltr'>vetustissimorum</span> <span class='ocrx_word' id='word_1_79' title='bbox 1302 858 1550 898; x_wconf 87' lang='lat' dir='ltr'>Latinorum</span> <span class='ocrx_word' id='word_1_80' title='bbox 1590 857 1632 897; x_wconf 91' lang='lat' dir='ltr'>in</span> <span class='ocrx_word' id='word_1_81' title='bbox 1666 871 1756 896; x_wconf 49' lang='lat' dir='ltr'>car‘</span> 
     </span>
     <span class='ocr_line' id='line_1_11' title="bbox 251 925 1760 980; baseline -0.003 -11"><span class='ocrx_word' id='word_1_82' title='bbox 251 929 362 969; x_wconf 89' lang='lat' dir='ltr'>mine</span> <span class='ocrx_word' id='word_1_83' title='bbox 393 928 571 969; x_wconf 82' lang='lat' dir='ltr'>infuisse</span> <span class='ocrx_word' id='word_1_84' title='bbox 603 928 780 969; x_wconf 76' lang='lat' dir='ltr'>novellis</span> <span class='ocrx_word' id='word_1_85' title='bbox 810 928 965 968; x_wconf 90' lang='lat' dir='ltr'>similia</span> <span class='ocrx_word' id='word_1_86' title='bbox 988 927 1157 980; x_wconf 82' lang='lat' dir='ltr'>placitis</span> <span class='ocrx_word' id='word_1_87' title='bbox 1178 925 1537 975; x_wconf 73' lang='lat' dir='ltr'>homoeoteleuta,</span> <span class='ocrx_word' id='word_1_88' title='bbox 1570 925 1613 965; x_wconf 88' lang='lat' dir='ltr'>id</span> <span class='ocrx_word' id='word_1_89' title='bbox 1643 925 1760 977; x_wconf 81' lang='lat' dir='ltr'>equi-</span> 
     </span>
     <span class='ocr_line' id='line_1_12' title="bbox 251 993 1760 1049; baseline -0.003 -12"><span class='ocrx_word' id='word_1_90' title='bbox 251 997 345 1037; x_wconf 87' lang='lat' dir='ltr'>dem</span> <span class='ocrx_word' id='word_1_91' title='bbox 379 997 450 1049; x_wconf 87' lang='lat' dir='ltr'>qui</span> <span class='ocrx_word' id='word_1_92' title='bbox 483 997 677 1037; x_wconf 84' lang='lat' dir='ltr'>firmetur</span> <span class='ocrx_word' id='word_1_93' title='bbox 707 1010 791 1037; x_wconf 91' lang='lat' dir='ltr'>non</span> <span class='ocrx_word' id='word_1_94' title='bbox 821 996 961 1045; x_wconf 72' lang='lat' dir='ltr'>video,</span> <span class='ocrx_word' id='word_1_95' title='bbox 1007 996 1087 1036; x_wconf 89' lang='lat' dir='ltr'>nisi</span> <span class='ocrx_word' id='word_1_96' title='bbox 1128 995 1241 1048; x_wconf 89' lang='lat' dir='ltr'>quod</span> <span class='ocrx_word' id='word_1_97' title='bbox 1279 997 1515 1048; x_wconf 84' lang='lat' dir='ltr'>provocant</span> <span class='ocrx_word' id='word_1_98' title='bbox 1547 993 1600 1033; x_wconf 76' lang='lat' dir='ltr'>ad</span> <span class='ocrx_word' id='word_1_99' title='bbox 1632 1007 1760 1033; x_wconf 83' lang='lat' dir='ltr'>unam</span> 
     </span>
     <span class='ocr_line' id='line_1_13' title="bbox 251 1063 1511 1119; baseline -0.003 -13"><span class='ocrx_word' id='word_1_100' title='bbox 251 1066 479 1106; x_wconf 79' lang='lat' dir='ltr'>formulam</span> <span class='ocrx_word' id='word_1_101' title='bbox 513 1066 723 1117; x_wconf 77' lang='lat' dir='ltr'>magicam</span> <span class='ocrx_word' id='word_1_102' title='bbox 753 1064 865 1105; x_wconf 85' lang='lat' dir='ltr'>hanc</span> <span class='ocrx_word' id='word_1_103' title='bbox 897 1065 1053 1119; x_wconf 85' lang='lat' dir='ltr'>[Varro</span> <span class='ocrx_word' id='word_1_104' title='bbox 1087 1064 1124 1104; x_wconf 87' lang='lat' dir='ltr'>d.</span> <span class='ocrx_word' id='word_1_105' title='bbox 1157 1078 1188 1104; x_wconf 89' lang='lat' dir='ltr'>r.</span> <span class='ocrx_word' id='word_1_106' title='bbox 1221 1077 1253 1103; x_wconf 87' lang='lat' dir='ltr'>r.</span> <span class='ocrx_word' id='word_1_107' title='bbox 1285 1064 1315 1113; x_wconf 75' lang='grc' dir='ltr'>Ι,</span> <span class='ocrx_word' id='word_1_108' title='bbox 1346 1066 1383 1113; x_wconf 46' lang='lat' dir='ltr'>2.a</span> <span class='ocrx_word' id='word_1_109' title='bbox 1417 1063 1511 1117; x_wconf 75' lang='lat'>27]:</span> 
     </span>
    </p>

    <p class='ocr_par' dir='ltr' id='par_1_3' title="bbox 253 1144 1358 1274">
     <span class='ocr_line' id='line_1_14' title="bbox 503 1144 1345 1189; baseline -0.002 -10"><span class='ocrx_word' id='word_1_110' title='bbox 503 1149 602 1180; x_wconf 84' lang='lat' dir='ltr'>terra</span> <span class='ocrx_word' id='word_1_111' title='bbox 627 1148 770 1189; x_wconf 84' lang='lat' dir='ltr'>pestem</span> <span class='ocrx_word' id='word_1_112' title='bbox 795 1148 931 1178; x_wconf 76' lang='lat' dir='ltr'>teneto.</span> <span class='ocrx_word' id='word_1_113' title='bbox 979 1144 1038 1177; x_wconf 78' lang='lat' dir='ltr'>hic</span> <span class='ocrx_word' id='word_1_114' title='bbox 1066 1144 1160 1177; x_wconf 84' lang='lat' dir='ltr'>salus</span> <span class='ocrx_word' id='word_1_115' title='bbox 1186 1146 1345 1178; x_wconf 80' lang='lat' dir='ltr'>maneto.</span> 
     </span>
     <span class='ocr_line' id='line_1_15' title="bbox 253 1218 1358 1274; baseline -0.001 -15"><span class='ocrx_word' id='word_1_116' title='bbox 253 1236 379 1274; x_wconf 9' lang='lat' dir='ltr'>(cluam</span> <span class='ocrx_word' id='word_1_117' title='bbox 413 1221 607 1261; x_wconf 86' lang='lat' dir='ltr'>imitatus</span> <span class='ocrx_word' id='word_1_118' title='bbox 640 1223 704 1261; x_wconf 85' lang='lat' dir='ltr'>est</span> <span class='ocrx_word' id='word_1_119' title='bbox 735 1219 949 1271; x_wconf 77' lang='lat' dir='ltr'>Vergilius</span> <span class='ocrx_word' id='word_1_120' title='bbox 980 1219 1042 1259; x_wconf 86' lang='lat' dir='ltr'>ita</span> <span class='ocrx_word' id='word_1_121' title='bbox 1074 1219 1167 1273; x_wconf 88' lang='lat' dir='ltr'>[ecl.</span> <span class='ocrx_word' id='word_1_122' title='bbox 1198 1223 1235 1266; x_wconf 66' lang='grc' dir='ltr'>ὃ,</span> <span class='ocrx_word' id='word_1_123' title='bbox 1265 1218 1358 1272; x_wconf 73' lang='grc'>80];</span> 
     </span>
    </p>

    <p class='ocr_par' dir='ltr' id='par_1_4' title="bbox 504 1298 1521 1341">
     <span class='ocr_line' id='line_1_16' title="bbox 504 1298 1521 1341; baseline -0.003 -8"><span class='ocrx_word' id='word_1_124' title='bbox 504 1300 611 1333; x_wconf 88' lang='lat' dir='ltr'>limus</span> <span class='ocrx_word' id='word_1_125' title='bbox 638 1303 679 1333; x_wconf 87' lang='lat' dir='ltr'>ut</span> <span class='ocrx_word' id='word_1_126' title='bbox 703 1299 762 1333; x_wconf 86' lang='lat' dir='ltr'>hio</span> <span class='ocrx_word' id='word_1_127' title='bbox 790 1299 952 1332; x_wconf 83' lang='lat' dir='ltr'>durescit</span> <span class='ocrx_word' id='word_1_128' title='bbox 982 1302 1019 1332; x_wconf 91' lang='lat' dir='ltr'>et</span> <span class='ocrx_word' id='word_1_129' title='bbox 1043 1298 1133 1332; x_wconf 77' lang='lat' dir='ltr'>haec</span> <span class='ocrx_word' id='word_1_130' title='bbox 1160 1302 1200 1331; x_wconf 91' lang='lat' dir='ltr'>ut</span> <span class='ocrx_word' id='word_1_131' title='bbox 1228 1309 1311 1331; x_wconf 81' lang='lat' dir='ltr'>cera</span> <span class='ocrx_word' id='word_1_132' title='bbox 1340 1298 1521 1341; x_wconf 70' lang='lat' dir='ltr'>liquescit.</span> 
     </span>
    </p>
   </div>
   <div class='ocr_carea' id='block_1_3' title="bbox 252 1371 1771 2464">
    <p class='ocr_par' dir='ltr' id='par_1_5' title="bbox 252 1371 1767 1837">
     <span class='ocr_line' id='line_1_17' title="bbox 255 1371 1764 1416; baseline -0.003 -1"><span class='ocrx_word' id='word_1_133' title='bbox 255 1375 330 1416; x_wconf 86' lang='lat' dir='ltr'>sed</span> <span class='ocrx_word' id='word_1_134' title='bbox 359 1375 534 1416; x_wconf 84' lang='lat' dir='ltr'>hercule</span> <span class='ocrx_word' id='word_1_135' title='bbox 567 1378 615 1415; x_wconf 88' lang='lat' dir='ltr'>ut</span> <span class='ocrx_word' id='word_1_136' title='bbox 645 1374 688 1414; x_wconf 91' lang='lat' dir='ltr'>in</span> <span class='ocrx_word' id='word_1_137' title='bbox 719 1373 845 1414; x_wconf 88' lang='lat' dir='ltr'>huius</span> <span class='ocrx_word' id='word_1_138' title='bbox 878 1373 1020 1414; x_wconf 84' lang='lat' dir='ltr'>verbis</span> <span class='ocrx_word' id='word_1_139' title='bbox 1053 1387 1135 1413; x_wconf 86' lang='lat' dir='ltr'>non</span> <span class='ocrx_word' id='word_1_140' title='bbox 1165 1377 1417 1416; x_wconf 68' lang='lat' dir='ltr'>metrorum‚</span> <span class='ocrx_word' id='word_1_141' title='bbox 1458 1371 1532 1412; x_wconf 89' lang='lat' dir='ltr'>sed</span> <span class='ocrx_word' id='word_1_142' title='bbox 1565 1384 1764 1411; x_wconf 86' lang='lat' dir='ltr'>sensuum</span> 
     </span>
     <span class='ocr_line' id='line_1_18' title="bbox 252 1440 1764 1493; baseline -0.004 -9"><span class='ocrx_word' id='word_1_143' title='bbox 252 1445 335 1484; x_wconf 83' lang='lat' dir='ltr'>fine</span> <span class='ocrx_word' id='word_1_144' title='bbox 378 1447 547 1484; x_wconf 85' lang='lat' dir='ltr'>constat</span> <span class='ocrx_word' id='word_1_145' title='bbox 577 1442 953 1483; x_wconf 75' lang='lat' dir='ltr'>homoeoteleuton</span> <span class='ocrx_word' id='word_1_146' title='bbox 984 1467 1039 1471; x_wconf 93' lang='grc'>--</span> <span class='ocrx_word' id='word_1_147' title='bbox 1071 1455 1169 1481; x_wconf 87' lang='lat' dir='ltr'>nam</span> <span class='ocrx_word' id='word_1_148' title='bbox 1201 1455 1381 1481; x_wconf 83' lang='lat' dir='ltr'>caesura</span> <span class='ocrx_word' id='word_1_149' title='bbox 1419 1440 1468 1480; x_wconf 81' lang='lat' dir='ltr'>fit</span> <span class='ocrx_word' id='word_1_150' title='bbox 1507 1442 1605 1493; x_wconf 87' lang='lat' dir='ltr'>post</span> <span class='ocrx_word' id='word_1_151' title='bbox 1638 1454 1764 1491; x_wconf 83' lang='lat' dir='ltr'>quar-</span> 
     </span>
     <span class='ocr_line' id='line_1_19' title="bbox 253 1507 1765 1562; baseline -0.003 -10"><span class='ocrx_word' id='word_1_152' title='bbox 253 1517 340 1553; x_wconf 84' lang='lat' dir='ltr'>tam</span> <span class='ocrx_word' id='word_1_153' title='bbox 391 1512 507 1552; x_wconf 82' lang='lat' dir='ltr'>arsin</span> <span class='ocrx_word' id='word_1_154' title='bbox 543 1536 619 1561; x_wconf 79' lang='lat'>-—‚</span> <span class='ocrx_word' id='word_1_155' title='bbox 663 1511 725 1551; x_wconf 86' lang='lat' dir='ltr'>ita</span> <span class='ocrx_word' id='word_1_156' title='bbox 769 1511 898 1551; x_wconf 89' lang='lat' dir='ltr'>etiam</span> <span class='ocrx_word' id='word_1_157' title='bbox 944 1511 985 1550; x_wconf 90' lang='lat' dir='ltr'>in</span> <span class='ocrx_word' id='word_1_158' title='bbox 1033 1510 1134 1559; x_wconf 78' lang='lat' dir='ltr'>illis,</span> <span class='ocrx_word' id='word_1_159' title='bbox 1183 1523 1293 1562; x_wconf 86' lang='lat' dir='ltr'>quae</span> <span class='ocrx_word' id='word_1_160' title='bbox 1330 1509 1523 1549; x_wconf 86' lang='lat' dir='ltr'>saturnio</span> <span class='ocrx_word' id='word_1_161' title='bbox 1568 1507 1765 1548; x_wconf 88' lang='lat' dir='ltr'>videntur</span> 
     </span>
     <span class='ocr_line' id='line_1_20' title="bbox 256 1577 1765 1634; baseline -0.004 -13"><span class='ocrx_word' id='word_1_162' title='bbox 256 1585 455 1622; x_wconf 84' lang='lat' dir='ltr'>constare</span> <span class='ocrx_word' id='word_1_163' title='bbox 498 1593 674 1621; x_wconf 89' lang='lat' dir='ltr'>numero</span> <span class='ocrx_word' id='word_1_164' title='bbox 719 1580 834 1634; x_wconf 78' lang='lat' dir='ltr'>(nam</span> <span class='ocrx_word' id='word_1_165' title='bbox 878 1592 956 1631; x_wconf 88' lang='lat' dir='ltr'>pro</span> <span class='ocrx_word' id='word_1_166' title='bbox 995 1582 1062 1619; x_wconf 64' lang='lat' dir='ltr'>laic</span> <span class='ocrx_word' id='word_1_167' title='bbox 1093 1582 1205 1618; x_wconf 68' lang='lat' dir='ltr'>salus</span> <span class='ocrx_word' id='word_1_168' title='bbox 1247 1577 1498 1618; x_wconf 83' lang='lat' dir='ltr'>traditumst</span> <span class='ocrx_word' id='word_1_169' title='bbox 1528 1581 1639 1617; x_wconf 70' lang='lat' dir='ltr'>salus</span> <span class='ocrx_word' id='word_1_170' title='bbox 1669 1579 1765 1625; x_wconf 66' lang='lat' dir='ltr'>laic),</span> 
     </span>
     <span class='ocr_line' id='line_1_21' title="bbox 255 1644 1766 1697; baseline -0.004 -8"><span class='ocrx_word' id='word_1_171' title='bbox 255 1664 337 1689; x_wconf 89' lang='lat' dir='ltr'>non</span> <span class='ocrx_word' id='word_1_172' title='bbox 378 1648 574 1689; x_wconf 83' lang='lat' dir='ltr'>ordinum</span> <span class='ocrx_word' id='word_1_173' title='bbox 616 1648 914 1695; x_wconf 69' lang='lat' dir='ltr'>metricorum,</span> <span class='ocrx_word' id='word_1_174' title='bbox 957 1647 1031 1687; x_wconf 85' lang='lat' dir='ltr'>sed</span> <span class='ocrx_word' id='word_1_175' title='bbox 1075 1647 1394 1687; x_wconf 83' lang='lat' dir='ltr'>enuntiatorum</span> <span class='ocrx_word' id='word_1_176' title='bbox 1433 1644 1626 1697; x_wconf 82' lang='lat' dir='ltr'>insigniti</span> <span class='ocrx_word' id='word_1_177' title='bbox 1669 1658 1766 1684; x_wconf 82' lang='lat' dir='ltr'>eon-</span> 
     </span>
     <span class='ocr_line' id='line_1_22' title="bbox 257 1711 1767 1767; baseline -0.003 -11"><span class='ocrx_word' id='word_1_178' title='bbox 257 1720 384 1757; x_wconf 88' lang='lat' dir='ltr'>centu</span> <span class='ocrx_word' id='word_1_179' title='bbox 426 1717 543 1757; x_wconf 80' lang='lat' dir='ltr'>fines.</span> <span class='ocrx_word' id='word_1_180' title='bbox 605 1730 683 1756; x_wconf 84' lang='lat' dir='ltr'>nee</span> <span class='ocrx_word' id='word_1_181' title='bbox 714 1729 815 1756; x_wconf 90' lang='lat' dir='ltr'>vero</span> <span class='ocrx_word' id='word_1_182' title='bbox 856 1715 944 1755; x_wconf 86' lang='lat' dir='ltr'>ulla</span> <span class='ocrx_word' id='word_1_183' title='bbox 985 1714 1088 1755; x_wconf 84' lang='lat' dir='ltr'>alibi</span> <span class='ocrx_word' id='word_1_184' title='bbox 1127 1715 1169 1754; x_wconf 89' lang='lat' dir='ltr'>in</span> <span class='ocrx_word' id='word_1_185' title='bbox 1201 1714 1321 1767; x_wconf 84' lang='lat' dir='ltr'>poesi</span> <span class='ocrx_word' id='word_1_186' title='bbox 1352 1713 1546 1754; x_wconf 86' lang='lat' dir='ltr'>saturnia</span> <span class='ocrx_word' id='word_1_187' title='bbox 1577 1711 1767 1753; x_wconf 87' lang='lat' dir='ltr'>eiusdem</span> 
     </span>
     <span class='ocr_line' id='line_1_23' title="bbox 255 1782 1364 1837; baseline -0.004 -12"><span class='ocrx_word' id='word_1_188' title='bbox 255 1785 420 1837; x_wconf 81' lang='lat' dir='ltr'>figurae</span> <span class='ocrx_word' id='word_1_189' title='bbox 451 1785 726 1825; x_wconf 87' lang='lat' dir='ltr'>inveniuntur</span> <span class='ocrx_word' id='word_1_190' title='bbox 756 1783 953 1837; x_wconf 82' lang='lat' dir='ltr'>exempla</span> <span class='ocrx_word' id='word_1_191' title='bbox 983 1783 1191 1823; x_wconf 85' lang='lat' dir='ltr'>memoria</span> <span class='ocrx_word' id='word_1_192' title='bbox 1223 1782 1364 1835; x_wconf 83' lang='lat' dir='ltr'>digna.</span> 
     </span>
    </p>

    <p class='ocr_par' dir='ltr' id='par_1_6' title="bbox 256 1849 1770 2235">
     <span class='ocr_line' id='line_1_24' title="bbox 373 1849 1766 1905; baseline -0.004 -11"><span class='ocrx_word' id='word_1_193' title='bbox 373 1853 456 1894; x_wconf 72' lang='lat' dir='ltr'>sed</span> <span class='ocrx_word' id='word_1_194' title='bbox 489 1867 583 1893; x_wconf 89' lang='lat' dir='ltr'>cum</span> <span class='ocrx_word' id='word_1_195' title='bbox 623 1867 685 1901; x_wconf 72' lang='lat' dir='ltr'>ea,</span> <span class='ocrx_word' id='word_1_196' title='bbox 729 1852 900 1905; x_wconf 88' lang='lat' dir='ltr'>qualem</span> <span class='ocrx_word' id='word_1_197' title='bbox 943 1851 1044 1897; x_wconf 73' lang='lat' dir='ltr'>dixi,</span> <span class='ocrx_word' id='word_1_198' title='bbox 1084 1851 1300 1891; x_wconf 84' lang='lat' dir='ltr'>rationum</span> <span class='ocrx_word' id='word_1_199' title='bbox 1343 1850 1568 1890; x_wconf 86' lang='lat' dir='ltr'>diversitas</span> <span class='ocrx_word' id='word_1_200' title='bbox 1608 1850 1650 1889; x_wconf 89' lang='lat' dir='ltr'>in</span> <span class='ocrx_word' id='word_1_201' title='bbox 1693 1849 1766 1889; x_wconf 79' lang='lat' dir='ltr'>ad-</span> 
     </span>
     <span class='ocr_line' id='line_1_25' title="bbox 256 1919 1767 1973; baseline -0.003 -12"><span class='ocrx_word' id='word_1_202' title='bbox 256 1921 444 1962; x_wconf 86' lang='lat' dir='ltr'>hibendo</span> <span class='ocrx_word' id='word_1_203' title='bbox 474 1920 818 1962; x_wconf 89' lang='lat' dir='ltr'>homoeoteleuto</span> <span class='ocrx_word' id='word_1_204' title='bbox 853 1924 970 1961; x_wconf 86' lang='lat' dir='ltr'>extet</span> <span class='ocrx_word' id='word_1_205' title='bbox 1001 1919 1117 1973; x_wconf 88' lang='lat' dir='ltr'>apud</span> <span class='ocrx_word' id='word_1_206' title='bbox 1150 1924 1316 1960; x_wconf 89' lang='lat' dir='ltr'>veteres</span> <span class='ocrx_word' id='word_1_207' title='bbox 1349 1923 1391 1959; x_wconf 90' lang='lat' dir='ltr'>et</span> <span class='ocrx_word' id='word_1_208' title='bbox 1432 1922 1642 1963; x_wconf 74' lang='lat' dir='ltr'>recentes,</span> <span class='ocrx_word' id='word_1_209' title='bbox 1686 1931 1767 1957; x_wconf 93' lang='lat' dir='ltr'>non</span> 
     </span>
     <span class='ocr_line' id='line_1_26' title="bbox 258 1985 1768 2043; baseline -0.003 -13"><span class='ocrx_word' id='word_1_210' title='bbox 258 1990 409 2030; x_wconf 89' lang='lat' dir='ltr'>mirum</span> <span class='ocrx_word' id='word_1_211' title='bbox 454 1989 569 2042; x_wconf 88' lang='lat' dir='ltr'>quod</span> <span class='ocrx_word' id='word_1_212' title='bbox 602 1989 773 2043; x_wconf 82' lang='lat' dir='ltr'>plurimi</span> <span class='ocrx_word' id='word_1_213' title='bbox 821 1993 1046 2042; x_wconf 87' lang='lat' dir='ltr'>poetarum</span> <span class='ocrx_word' id='word_1_214' title='bbox 1088 1988 1438 2036; x_wconf 59' lang='grc' dir='ltr'>ΤθυῖοΠῘΟΟΓΠΠ]Ἰ</span> <span class='ocrx_word' id='word_1_215' title='bbox 1481 1986 1596 2026; x_wconf 84' lang='lat' dir='ltr'>velut</span> <span class='ocrx_word' id='word_1_216' title='bbox 1641 1985 1768 2026; x_wconf 85' lang='lat' dir='ltr'>Nibe-</span> 
     </span>
     <span class='ocr_line' id='line_1_27' title="bbox 257 2054 1769 2110; baseline -0.003 -12"><span class='ocrx_word' id='word_1_217' title='bbox 257 2058 473 2110; x_wconf 80' lang='lat' dir='ltr'>lungiadis</span> <span class='ocrx_word' id='word_1_218' title='bbox 506 2062 717 2108; x_wconf 77' lang='lat' dir='ltr'>auctores,</span> <span class='ocrx_word' id='word_1_219' title='bbox 749 2072 859 2110; x_wconf 82' lang='lat' dir='ltr'>quae</span> <span class='ocrx_word' id='word_1_220' title='bbox 890 2071 993 2097; x_wconf 90' lang='lat' dir='ltr'>sono</span> <span class='ocrx_word' id='word_1_221' title='bbox 1026 2056 1218 2096; x_wconf 86' lang='lat' dir='ltr'>finalium</span> <span class='ocrx_word' id='word_1_222' title='bbox 1252 2055 1515 2109; x_wconf 66' lang='lat' dir='ltr'>copularent,</span> <span class='ocrx_word' id='word_1_223' title='bbox 1548 2054 1769 2094; x_wconf 75' lang='lat' dir='ltr'>sententiis</span> 
     </span>
     <span class='ocr_line' id='line_1_28' title="bbox 259 2122 1770 2180; baseline -0.004 -13"><span class='ocrx_word' id='word_1_224' title='bbox 259 2141 388 2180; x_wconf 82' lang='lat' dir='ltr'>saepe</span> <span class='ocrx_word' id='word_1_225' title='bbox 416 2126 730 2178; x_wconf 71' lang='lat' dir='ltr'>disiungerent,</span> <span class='ocrx_word' id='word_1_226' title='bbox 773 2125 911 2178; x_wconf 85' lang='lat' dir='ltr'>qualis</span> <span class='ocrx_word' id='word_1_227' title='bbox 953 2139 1043 2165; x_wconf 87' lang='lat' dir='ltr'>mos</span> <span class='ocrx_word' id='word_1_228' title='bbox 1078 2124 1255 2165; x_wconf 84' lang='lat' dir='ltr'>Graecis</span> <span class='ocrx_word' id='word_1_229' title='bbox 1287 2124 1450 2177; x_wconf 83' lang='lat' dir='ltr'>pariter</span> <span class='ocrx_word' id='word_1_230' title='bbox 1482 2137 1532 2163; x_wconf 85' lang='lat' dir='ltr'>ac</span> <span class='ocrx_word' id='word_1_231' title='bbox 1567 2122 1770 2163; x_wconf 81' lang='lat' dir='ltr'>Romanis</span> 
     </span>
     <span class='ocr_line' id='line_1_29' title="bbox 258 2195 689 2235; baseline 0 0"><span class='ocrx_word' id='word_1_232' title='bbox 258 2195 373 2235; x_wconf 88' lang='lat' dir='ltr'>visus</span> <span class='ocrx_word' id='word_1_233' title='bbox 404 2198 469 2235; x_wconf 91' lang='lat' dir='ltr'>est</span> <span class='ocrx_word' id='word_1_234' title='bbox 501 2195 689 2235; x_wconf 85' lang='lat' dir='ltr'>vitiosus.</span> 
     </span>
    </p>

    <p class='ocr_par' dir='ltr' id='par_1_7' title="bbox 261 2270 1771 2464">
     <span class='ocr_line' id='line_1_30' title="bbox 368 2270 1770 2328; baseline -0.004 -13"><span class='ocrx_word' id='word_1_235' title='bbox 368 2275 466 2315; x_wconf 84' lang='lat' dir='ltr'>&#39;Iam</span> <span class='ocrx_word' id='word_1_236' title='bbox 496 2274 738 2328; x_wconf 82' lang='lat' dir='ltr'>promiscue</span> <span class='ocrx_word' id='word_1_237' title='bbox 771 2274 941 2314; x_wconf 85' lang='lat' dir='ltr'>admitti</span> <span class='ocrx_word' id='word_1_238' title='bbox 971 2272 1347 2314; x_wconf 87' lang='lat' dir='ltr'>homoeoteleuton</span> <span class='ocrx_word' id='word_1_239' title='bbox 1378 2272 1420 2312; x_wconf 87' lang='lat' dir='ltr'>in</span> <span class='ocrx_word' id='word_1_240' title='bbox 1451 2270 1645 2324; x_wconf 85' lang='lat' dir='ltr'>qualibet</span> <span class='ocrx_word' id='word_1_241' title='bbox 1677 2284 1770 2311; x_wconf 84' lang='lat' dir='ltr'>ver-</span> 
     </span>
     <span class='ocr_line' id='line_1_31' title="bbox 261 2338 1771 2396; baseline -0.003 -13"><span class='ocrx_word' id='word_1_242' title='bbox 261 2358 332 2384; x_wconf 86' lang='lat' dir='ltr'>sus</span> <span class='ocrx_word' id='word_1_243' title='bbox 373 2346 497 2396; x_wconf 84' lang='lat' dir='ltr'>parte</span> <span class='ocrx_word' id='word_1_244' title='bbox 544 2356 805 2395; x_wconf 80' lang='lat' dir='ltr'>quamquam</span> <span class='ocrx_word' id='word_1_245' title='bbox 848 2342 965 2382; x_wconf 86' lang='lat' dir='ltr'>nulla</span> <span class='ocrx_word' id='word_1_246' title='bbox 1006 2342 1099 2394; x_wconf 83' lang='lat' dir='ltr'>lege</span> <span class='ocrx_word' id='word_1_247' title='bbox 1139 2344 1326 2387; x_wconf 72' lang='lat' dir='ltr'>vetatur,</span> <span class='ocrx_word' id='word_1_248' title='bbox 1368 2339 1500 2392; x_wconf 83' lang='lat' dir='ltr'>idque</span> <span class='ocrx_word' id='word_1_249' title='bbox 1539 2338 1771 2391; x_wconf 88' lang='lat' dir='ltr'>aliquando</span> 
     </span>
     <span class='ocr_line' id='line_1_32' title="bbox 261 2407 1564 2464; baseline -0.002 -13"><span class='ocrx_word' id='word_1_250' title='bbox 261 2412 366 2451; x_wconf 88' lang='lat' dir='ltr'>satis</span> <span class='ocrx_word' id='word_1_251' title='bbox 399 2415 464 2452; x_wconf 84' lang='lat' dir='ltr'>est</span> <span class='ocrx_word' id='word_1_252' title='bbox 495 2410 668 2464; x_wconf 81' lang='lat' dir='ltr'>elegans</span> <span class='ocrx_word' id='word_1_253' title='bbox 699 2415 747 2451; x_wconf 92' lang='lat' dir='ltr'>ut</span> <span class='ocrx_word' id='word_1_254' title='bbox 779 2411 821 2450; x_wconf 93' lang='lat' dir='ltr'>in</span> <span class='ocrx_word' id='word_1_255' title='bbox 853 2410 926 2450; x_wconf 90' lang='lat' dir='ltr'>illo</span> <span class='ocrx_word' id='word_1_256' title='bbox 956 2410 1065 2464; x_wconf 87' lang='lat' dir='ltr'>[aen.</span> <span class='ocrx_word' id='word_1_257' title='bbox 1098 2409 1129 2457; x_wconf 74' lang='grc' dir='ltr'>Ι,</span> <span class='ocrx_word' id='word_1_258' title='bbox 1162 2412 1236 2459; x_wconf 75' lang='lat'>873</span> <span class='ocrx_word' id='word_1_259' title='bbox 1269 2407 1318 2449; x_wconf 84' lang='lat' dir='ltr'>cf.</span> <span class='ocrx_word' id='word_1_260' title='bbox 1351 2408 1408 2457; x_wconf 75' lang='grc' dir='ltr'>ΙΙ,</span> <span class='ocrx_word' id='word_1_261' title='bbox 1443 2407 1564 2461; x_wconf 78' lang='lat' dir='ltr'><strong>313J:</strong></span> 
     </span>
    </p>
   </div>
   <div class='ocr_carea' id='block_1_4' title="bbox 512 2492 1548 2539">
    <p class='ocr_par' dir='ltr' id='par_1_8' title="bbox 512 2492 1548 2539">
     <span class='ocr_line' id='line_1_33' title="bbox 512 2492 1548 2539; baseline -0.003 -11"><span class='ocrx_word' id='word_1_262' title='bbox 512 2496 718 2539; x_wconf 81' lang='lat' dir='ltr'>insequitur</span> <span class='ocrx_word' id='word_1_263' title='bbox 744 2496 948 2538; x_wconf 75' lang='lat' dir='ltr'>clamorque</span> <span class='ocrx_word' id='word_1_264' title='bbox 971 2495 1088 2528; x_wconf 83' lang='lat' dir='ltr'>virum</span> <span class='ocrx_word' id='word_1_265' title='bbox 1114 2493 1318 2537; x_wconf 72' lang='lat' dir='ltr'>stridorque</span> <span class='ocrx_word' id='word_1_266' title='bbox 1342 2492 1548 2534; x_wconf 74' lang='lat' dir='ltr'>rudentum,</span> 
     </span>
    </p>
   </div>
   <div class='ocr_carea' id='block_1_5' title="bbox 257 2566 1772 2967">
    <p class='ocr_par' dir='ltr' id='par_1_9' title="bbox 257 2566 1772 2967">
     <span class='ocr_line' id='line_1_34' title="bbox 262 2566 1770 2623; baseline -0.003 -12"><span class='ocrx_word' id='word_1_267' title='bbox 262 2575 404 2611; x_wconf 87' lang='lat' dir='ltr'>tamen</span> <span class='ocrx_word' id='word_1_268' title='bbox 439 2574 481 2611; x_wconf 90' lang='lat' dir='ltr'>et</span> <span class='ocrx_word' id='word_1_269' title='bbox 511 2570 705 2610; x_wconf 91' lang='lat' dir='ltr'>inutilest</span> <span class='ocrx_word' id='word_1_270' title='bbox 736 2570 1002 2623; x_wconf 69' lang='lat' dir='ltr'>plerumque,</span> <span class='ocrx_word' id='word_1_271' title='bbox 1036 2582 1129 2608; x_wconf 88' lang='lat' dir='ltr'>cum</span> <span class='ocrx_word' id='word_1_272' title='bbox 1164 2567 1384 2608; x_wconf 86' lang='lat' dir='ltr'>minimum</span> <span class='ocrx_word' id='word_1_273' title='bbox 1407 2566 1483 2607; x_wconf 83' lang='lat' dir='ltr'>fiat</span> <span class='ocrx_word' id='word_1_274' title='bbox 1504 2566 1618 2607; x_wconf 88' lang='lat' dir='ltr'>vocis</span> <span class='ocrx_word' id='word_1_275' title='bbox 1641 2566 1770 2606; x_wconf 85' lang='lat' dir='ltr'>inter-</span> 
     </span>
     <span class='ocr_line' id='line_1_35' title="bbox 262 2634 1772 2692; baseline -0.003 -14"><span class='ocrx_word' id='word_1_276' title='bbox 262 2639 418 2679; x_wconf 83' lang='lat' dir='ltr'>vallum</span> <span class='ocrx_word' id='word_1_277' title='bbox 451 2642 549 2692; x_wconf 88' lang='lat' dir='ltr'>post</span> <span class='ocrx_word' id='word_1_278' title='bbox 569 2642 716 2692; x_wconf 85' lang='lat' dir='ltr'>partes</span> <span class='ocrx_word' id='word_1_279' title='bbox 749 2638 969 2685; x_wconf 64' lang='lat' dir='ltr'>orationis,</span> <span class='ocrx_word' id='word_1_280' title='bbox 1003 2637 1158 2689; x_wconf 88' lang='lat' dir='ltr'>quibus</span> <span class='ocrx_word' id='word_1_281' title='bbox 1180 2650 1263 2677; x_wconf 88' lang='lat' dir='ltr'>non</span> <span class='ocrx_word' id='word_1_282' title='bbox 1286 2634 1472 2676; x_wconf 87' lang='lat' dir='ltr'>efficitur</span> <span class='ocrx_word' id='word_1_283' title='bbox 1493 2635 1588 2675; x_wconf 88' lang='lat' dir='ltr'>finis</span> <span class='ocrx_word' id='word_1_284' title='bbox 1611 2634 1772 2675; x_wconf 89' lang='lat' dir='ltr'>ordinis</span> 
     </span>
     <span class='ocr_line' id='line_1_36' title="bbox 264 2703 1772 2759; baseline -0.003 -12"><span class='ocrx_word' id='word_1_285' title='bbox 264 2707 448 2756; x_wconf 74' lang='lat' dir='ltr'>metrici,</span> <span class='ocrx_word' id='word_1_286' title='bbox 482 2710 524 2747; x_wconf 86' lang='lat' dir='ltr'>et</span> <span class='ocrx_word' id='word_1_287' title='bbox 554 2706 786 2759; x_wconf 82' lang='lat' dir='ltr'>aliquando</span> <span class='ocrx_word' id='word_1_288' title='bbox 819 2706 872 2746; x_wconf 79' lang='lat' dir='ltr'>ol)</span> <span class='ocrx_word' id='word_1_289' title='bbox 906 2705 1220 2746; x_wconf 84' lang='lat' dir='ltr'>deformitatem</span> <span class='ocrx_word' id='word_1_290' title='bbox 1255 2717 1454 2745; x_wconf 89' lang='lat' dir='ltr'>sonorum</span> <span class='ocrx_word' id='word_1_291' title='bbox 1487 2703 1612 2743; x_wconf 87' lang='lat' dir='ltr'>nimis</span> <span class='ocrx_word' id='word_1_292' title='bbox 1644 2717 1772 2756; x_wconf 82' lang='lat' dir='ltr'>saepe</span> 
     </span>
     <span class='ocr_line' id='line_1_37' title="bbox 264 2771 1771 2828; baseline -0.003 -13"><span class='ocrx_word' id='word_1_293' title='bbox 264 2775 508 2828; x_wconf 78' lang='lat' dir='ltr'>aequalium</span> <span class='ocrx_word' id='word_1_294' title='bbox 546 2775 756 2815; x_wconf 87' lang='lat' dir='ltr'>vitiosum.</span> <span class='ocrx_word' id='word_1_295' title='bbox 819 2774 949 2814; x_wconf 85' lang='lat' dir='ltr'>veluti</span> <span class='ocrx_word' id='word_1_296' title='bbox 991 2773 1102 2814; x_wconf 86' lang='lat' dir='ltr'>male</span> <span class='ocrx_word' id='word_1_297' title='bbox 1144 2772 1306 2813; x_wconf 82' lang='lat' dir='ltr'>habent</span> <span class='ocrx_word' id='word_1_298' title='bbox 1348 2771 1454 2812; x_wconf 85' lang='lat' dir='ltr'>talia</span> <span class='ocrx_word' id='word_1_299' title='bbox 1495 2771 1666 2825; x_wconf 85' lang='lat' dir='ltr'>[Laber.</span> <span class='ocrx_word' id='word_1_300' title='bbox 1699 2771 1771 2825; x_wconf 73' lang='lat'>80]</span> 
     </span>
     <span class='ocr_line' id='line_1_38' title="bbox 257 2836 1770 2893; baseline -0.004 -9"><span class='ocrx_word' id='word_1_301' title='bbox 257 2842 355 2884; x_wconf 75' lang='lat' dir='ltr'>&#39;non</span> <span class='ocrx_word' id='word_1_302' title='bbox 384 2858 615 2892; x_wconf 72' lang='lat' dir='ltr'>mammosa,</span> <span class='ocrx_word' id='word_1_303' title='bbox 659 2858 737 2884; x_wconf 75' lang='lat' dir='ltr'>non</span> <span class='ocrx_word' id='word_1_304' title='bbox 770 2856 945 2890; x_wconf 63' lang='lat' dir='ltr'>arenosa,</span> <span class='ocrx_word' id='word_1_305' title='bbox 985 2856 1062 2882; x_wconf 74' lang='lat' dir='ltr'>non</span> <span class='ocrx_word' id='word_1_306' title='bbox 1095 2844 1250 2889; x_wconf 68' lang='lat' dir='ltr'>hibosa„</span> <span class='ocrx_word' id='word_1_307' title='bbox 1284 2855 1363 2881; x_wconf 73' lang='lat' dir='ltr'>non</span> <span class='ocrx_word' id='word_1_308' title='bbox 1402 2836 1606 2890; x_wconf 37' lang='lat' dir='ltr'>procarr’:</span> <span class='ocrx_word' id='word_1_309' title='bbox 1647 2839 1770 2893; x_wconf 84' lang='lat' dir='ltr'>[Eun.</span> 
     </span>
     <span class='ocr_line' id='line_1_39' title="bbox 265 2906 1772 2967; baseline -0.005 -12"><span class='ocrx_word' id='word_1_310' title='bbox 265 2913 349 2955; x_wconf 81' lang='lat' dir='ltr'>fab.</span> <span class='ocrx_word' id='word_1_311' title='bbox 377 2912 513 2967; x_wconf 77' lang='grc'>1601)]</span> <span class='ocrx_word' id='word_1_312' title='bbox 559 2911 756 2961; x_wconf 50' lang='lat' dir='ltr'>‘Hecubffi</span> <span class='ocrx_word' id='word_1_313' title='bbox 789 2911 864 2952; x_wconf 57' lang='lat' dir='ltr'>hoc</span> <span class='ocrx_word' id='word_1_314' title='bbox 896 2916 1001 2952; x_wconf 78' lang='lat' dir='ltr'>dolel</span> <span class='ocrx_word' id='word_1_315' title='bbox 1026 2909 1154 2961; x_wconf 72' lang='lat' dir='ltr'>dec&#39;l</span> <span class='ocrx_word' id='word_1_316' title='bbox 1181 2906 1338 2961; x_wconf 69' lang='lat' dir='ltr'>pe&#39;yel’;</span> <span class='ocrx_word' id='word_1_317' title='bbox 1370 2908 1487 2963; x_wconf 80' lang='lat' dir='ltr'>[Luc.</span> <span class='ocrx_word' id='word_1_318' title='bbox 1519 2907 1649 2957; x_wconf 68' lang='lat' dir='ltr'>XXX,</span> <span class='ocrx_word' id='word_1_319' title='bbox 1680 2907 1772 2961; x_wconf 57' lang='lat'>35}</span> 
     </span>
    </p>
   </div>
  </div>
 </body>
</html>
