1898 3292
750 169 869 194 LIBER
888 170 1088 196 SEPTIMVS.
1588 164 1635 202 51
1648 165 1664 202 l

167 269 280 323 apud
312 269 524 311 Catullum
560 270 643 324 [34,
678 274 699 311 7
734 272 813 325 sq]
859 275 901 312 et
938 272 981 311 in
1021 272 1131 312 libro
1174 272 1282 315 κατὰ
1313 273 1472 317 λεπτόν
1512 275 1565 330 [8,
1599 275 1668 328 16]

237 338 299 378 ,131τ

165 338 243 380 doc
576 406 683 438 quam
709 398 826 429 mater
851 407 966 439 prope
991 395 1135 430 Deliam

575 451 753 495 deposivit
778 452 920 485 olivam.

573 512 636 542 tua
660 508 695 541 in
723 508 853 552 palude
879 508 1062 552 deposisse
1086 510 1256 543 sarcinas.

162 579 389 630 praeterea
426 576 543 617 haud
583 577 731 630 pauci,
778 577 852 617 sed
898 591 973 630 per
1013 578 1360 631 compositionem
1402 579 1666 634 plerumque,

156 651 327 695 possum.
374 644 486 685 unde
510 644 684 685 Ovidius
707 659 789 686 uno
814 645 1047 698 eodemque
1070 660 1193 687 versu
1216 646 1323 687 haec
1348 647 1480 701 [Fast.
1506 649 1554 690 ΙΙ,
1575 651 1666 703 (’;;Ἷ];

436 724 658 767 templorum
678 724 832 767 positor,
859 725 1079 769 templorum
1106 729 1232 759 sancte
1257 729 1430 768 repostm:

162 799 266 839 satis
307 811 462 851 aspera
502 798 575 838 illa
617 798 739 838 Ennii
781 802 977 849 adm-ems
1022 800 1163 854 [575],
1204 800 1353 840 Lucilii
1393 800 1666 854 Lucretiique

162 869 402 918 experqitus
434 866 524 919 [HL
558 869 634 917 423
667 867 737 915 ΙΙΙ,
772 868 892 921 927],
932 868 1128 908 Venantii
1163 872 1441 908 consltwilmw
1475 869 1667 922 [miscell.

162 935 218 984 ΙΙ,
253 937 301 974 13
334 947 402 987 pg.
437 934 548 988 104]
611 934 727 987 apud
771 935 950 975 eundem
996 936 1126 989 [VIIL
1161 940 1182 976 7
1216 949 1283 989 pg.
1318 937 1416 990 278]
1464 951 1557 977 cum
1591 938 1666 979 Co-

161 1003 284 1056 rippo
318 1001 506 1056 [iohann.
530 1002 562 1052 Ι,
586 1003 686 1056 553]
722 1007 764 1043 et
794 1003 1097 1044 Commodiano
1131 1004 1178 1058 [l‚
1201 1007 1253 1044 42
1290 1018 1353 1057 pg.
1382 1006 1478 1059 163]
1513 1006 1668 1057 legitur

160 1073 403 1118 absconsus,
446 1074 494 1110 ut
536 1070 651 1124 apud
696 1072 921 1112 Aratorem
965 1075 1210 1122 molliturus
1251 1073 1326 1127 [IL
1368 1073 1477 1127 163]
1539 1088 1666 1126 porro

158 1137 350 1192 perfecto
393 1141 599 1189 iaeztelleqz't,
644 1139 795 1192 supino
839 1146 1024 1180 mesalum
1066 1140 1173 1180 dixit
1204 1140 1429 1181 Lucretius
1470 1142 1558 1195 [VL
1593 1146 1665 1193 173

160 1207 206 1256 V,
233 1205 370 1262 1138]
421 1206 504 1246 iam
535 1206 648 1259 quod
677 1206 821 1248 firmat
843 1207 1005 1248 Gellius
1036 1208 1263 1261 plerosque
1286 1213 1477 1250 veterum
1508 1210 1666 1250 dixisse

157 1278 363 1323 memor-(Ii,
406 1278 617 1325 spepomli,
659 1279 828 1326 pepuye',
874 1279 1050 1324 ‹tecm-ri,
1096 1280 1143 1317 ut
1189 1278 1382 1318 omittam
1428 1279 1664 1318 Ennianum

158 1345 431 1391 mentm-derit,
464 1342 634 1384 videtur
666 1343 803 1383 Varro
836 1343 992 1384 dixisse
1029 1349 1188 1396 stepuffl'
1217 1346 1277 1386 ita
1313 1345 1437 1402 [mod.
1473 1345 1530 1402 1]:

431 1421 505 1465 sed,
533 1433 554 1456 o
580 1421 752 1465 Petrulle,
781 1433 824 1456 ne
851 1434 971 1456 meum
997 1424 1090 1457 taxis
1115 1424 1258 1466 librum,

432 1479 461 1512 si
486 1481 522 1513 te
548 1479 745 1523 pepugerit
769 1479 826 1513 hic
853 1480 982 1514 modus
1008 1481 1225 1515 scaenatilis.

157 1553 296 1594 minus
337 1553 495 1606 quippe
536 1552 679 1606 placet
721 1553 834 1606 quod
876 1554 1113 1607 antiquitus
1152 1555 1341 1596 traditur
1371 1570 1495 1597 versu
1527 1556 1663 1598 altero

154 1624 334 1672 pepiyat.
395 1620 508 1661 idem
549 1620 653 1662 alibi
684 1621 726 1661 in
759 1623 994 1676 composito
1026 1624 1146 1676 ponit
1183 1627 1466 1665 cletotomleral
1506 1625 1662 1679 [magn.

157 1689 229 1730 tal.
265 1689 318 1743 1],
350 1689 461 1730 sicut
491 1689 652 1730 Ennius
685 1689 805 1744 [515]
837 1695 1075 1740 commacla,
1109 1691 1183 1732 ubi
1214 1691 1313 1732 libri
1345 1697 1537 1734 contudit.

272 1757 433 1798 Deinde
473 1761 630 1810 quarta
672 1758 970 1811 coniugatione
1008 1759 1275 1800 inflectentes
1315 1760 1461 1801 dixere
1502 1761 1663 1803 Ennius

154 1828 316 1876 parire,
356 1828 516 1873 moriri,
558 1825 782 1867 Lucretius
828 1830 970 1877 cupz're
1014 1828 1070 1881 [L
1106 1828 1192 1882 71].
1256 1842 1277 1869 e
1316 1829 1471 1881 quibus
1521 1834 1663 1870 moriri

156 1894 285 1935 etiam
325 1893 441 1947 apud
482 1893 693 1935 Nasonem
736 1894 914 1935 inveniri
960 1895 1370 1949 Metamorphosium
1404 1897 1499 1938 XIV
1542 1898 1662 1952 [215]

155 1965 242 2003 tam
284 1962 437 2002 mirum
479 1975 608 2014 quam
651 1966 868 2003 certumst.
930 1963 990 2003 sic
1033 1968 1075 2004 et
1114 1964 1323 2018 rythmico
1365 1966 1552 2006 carmine
1589 1966 1661 2006 illo

149 2027 384 2080 ‘apparebit
414 2033 626 2080 repentino
660 2033 745 2071 (lies
776 2044 925 2082 maffia
958 2029 1127 2072 clomlni'
1173 2032 1414 2085 ponendum
1456 2047 1547 2074 esse
1585 2048 1661 2087 pro

154 2101 348 2138 morielm·
387 2097 528 2139 media
566 2098 778 2151 producta
807 2102 977 2140 moritur
1007 2100 1049 2140 in
1081 2104 1333 2141 tetrametro
1374 2101 1456 2142 hoc
1499 2100 1662 2143 ‘vermis

155 2179 323 2216 quorum
355 2179 433 2207 nonr
476 2169 684 2215 morietur,
721 2171 881 2218 flamma
923 2182 1000 2208 mm
1043 2166 1319 2220 e.r52729uitzct·⁷
1366 2173 1409 2210 et
1449 2170 1574 2211 metri
1619 2174 1662 2211 et

155 2247 303 2274 sensus
343 2238 525 2287 apparet
563 2234 815 2276 rationibus.
876 2239 1104 2288 praeterea
1135 2239 1266 2287 potiri
1304 2250 1398 2278 cum
1429 2237 1660 2279 indicativo

153 2302 392 2354 praesentis
431 2303 637 2355 temporis
679 2306 721 2343 et
763 2303 1031 2344 coniunctivo
1060 2304 1301 2358 imperfecti
1334 2305 1507 2346 tertiam
1541 2307 1661 2358 sequi

154 2368 291 2410 soleat
322 2369 438 2423 apud
468 2369 602 2411 bonos
635 2374 832 2411 auctores
869 2373 986 2420 (nam
1016 2372 1263 2413 ultimorum
1295 2376 1534 2426 temporum
1551 2388 1572 2425 p
1601 2374 1660 2414 la-

154 2437 240 2477 cita
270 2451 354 2478 non
385 2450 549 2488 moror;
588 2451 698 2491 quae
729 2439 927 2491 cognosci
957 2443 1137 2493 possunt
1165 2454 1217 2481 ex
1251 2440 1400 2481 Alcimi
1430 2441 1554 2491 Aviti,
1586 2441 1660 2494 qui

153 2504 299 2545 floruit
331 2519 364 2545 c.
388 2518 423 2545 a.
449 2508 544 2555 500,
576 2506 760 2559 epistula
792 2507 978 2559 quadam
1011 2508 1096 2562 [pg.
1120 2511 1173 2549 86
1196 2508 1259 2562 Ρ.]
1294 2508 1347 2549 ad
1375 2509 1660 2549 Viventiolum

153 2571 368 2613 rhetorem
401 2573 533 2627 data),
573 2577 717 2614 tamen
757 2578 913 2624 polilur
953 2575 1081 2629 longa
1122 2576 1263 2617 media
1302 2577 1448 2617 dixere
1480 2576 1660 2617 Ninnius

153 2640 332 2681 Crassus
372 2641 522 2695 [Prisc.
555 2642 655 2695 881]
705 2655 800 2683 cum
831 2642 994 2684 Lucilio
1036 2644 1102 2698 [V7
1134 2644 1176 2698 9]
1217 2648 1260 2685 et
1296 2657 1344 2685 eo
1382 2645 1455 2696 qui
1487 2645 1660 2698 scripsit

153 2707 378 2761 epistulam
412 2709 746 2762 Hypermestrae
779 2711 922 2764 [113]:

424 2787 484 2821 ille
512 2787 615 2822 ferox
640 2788 731 2822 solio
758 2789 856 2823 solus
884 2792 1104 2833 sceptroque
1131 2791 1280 2834 potitur.

153 2855 312 2895 omittit
342 2858 485 2896 tamen
517 2855 629 2897 hunc
652 2870 818 2897 versum
843 2871 938 2898 cum
969 2862 1173 2911 sequente
1205 2859 1344 2911 prima
1376 2873 1525 2900 manus
1556 2860 1657 2901 libri
