1898 3292
781 227 902 253 LIBER
920 227 1076 253 snxrvs.
1599 219 1680 259 439

177 346 268 372 cum
293 334 530 381 mapalibus.
576 331 723 382 itaque
746 330 807 370 sic
829 330 1080 370 Consentius
1104 328 1178 385 [gr.
1195 329 1266 370 lat.
1283 330 1331 379 V,
1350 331 1474 384 386]:
1504 334 1682 381 massalia

176 405 369 450 Afrorum
390 413 521 439 casas.
569 398 748 439 eandem
770 397 906 439 secuti
928 398 1214 451 quantitatem
1236 398 1277 438 in
1299 401 1526 449 mapalibus
1548 400 1682 439 Auso-

175 467 270 508 nius
303 466 523 522 [periocha
540 466 615 507 Od.
635 466 750 521 XVI]
775 469 817 507 et
839 469 990 507 auctor
1009 466 1110 507 libri
1132 466 1174 506 in
1196 466 1369 520 genesin
1394 465 1554 521 [1010]‚
1586 481 1682 507 cum

174 535 411 575 breviarint
441 534 623 588 primam
656 534 775 575 Maro
817 534 978 588 [georg.
1007 533 1079 581 III,
1103 533 1201 590 340]
1244 537 1287 575 et
1318 533 1446 575 Silius
1478 533 1602 589 [XIV,
1637 538 1681 585 7;

176 604 264 654 XV,
303 603 415 660 421]
485 602 670 655 denique
710 605 928 654 atzqare'um
968 601 1087 643 brevi
1132 602 1268 643 tutius
1318 601 1465 658 [Lucil.
1505 602 1582 652 VI,
1616 602 1680 657 13]

175 686 303 725 quam
325 671 536 725 producta
571 670 704 727 [Arat.
728 684 764 711 a.
789 669 1042 726 ap.11,902]
1075 683 1282 724 ponemus
1304 669 1681 723 antepaenultima.

289 740 367 781 Est
403 739 532 780 etiam
574 739 647 780 ubi
688 738 803 792 vulgi
842 753 915 780 ore
957 742 1124 779 mutata
1167 738 1223 779 sit
1261 737 1466 792 prosodia
1505 741 1683 792 propter

176 807 478 862 etymologiam
520 806 697 857 falsam,
745 820 855 860 quae
901 806 1074 860 quidem
1123 806 1393 860 potissimum
1435 805 1545 847 solet
1584 820 1683 860 pro-

175 877 318 917 venire
354 876 398 916 in
428 875 570 917 verbis
600 875 667 916 vel
701 874 941 916 rarioribus
972 874 1038 916 vel
1069 874 1244 927 originis
1276 877 1491 916 externae.
1552 873 1682 915 veluti

177 948 363 985 Amineas
395 948 491 985 vites
532 958 627 985 cum
677 943 834 984 dixerit
880 942 1092 996 Vergilius
1138 943 1298 996 [georg.
1326 942 1384 993 II,
1417 943 1488 997 97]
1535 945 1578 983 et
1619 957 1681 983 se·

176 1016 300 1053 cutus
321 1012 434 1054 hunc
457 1011 752 1053 Sammonicus
787 1010 901 1067 [544]
934 1011 1074 1064 prima
1104 1010 1237 1061 brevi,
1271 1010 1460 1052 secunda
1481 1023 1531 1051 ac
1553 1010 1684 1052 tertia

175 1080 315 1133 longa,
348 1080 568 1121 Annianus
600 1082 689 1120 tres
720 1079 887 1133 priores
919 1079 1129 1133 corripuit
1157 1079 1241 1120 ita:

584 1155 714 1188 umbra
741 1158 849 1189 necat
872 1158 1018 1189 teneras
1042 1154 1238 1197 Amineas3

175 1219 387 1260 Ausonius
418 1217 556 1274 [epist.
583 1221 645 1267 18,
670 1216 738 1273 31]
772 1231 849 1271 per
871 1217 1167 1259 choriambum
1190 1216 1343 1258 extulit
1363 1216 1407 1257 in
1429 1216 1511 1258 fine
1532 1219 1681 1269 penta-

174 1287 312 1328 metri.
369 1286 443 1327 sed
474 1286 699 1339 utriusque
731 1286 920 1327 auctoris
951 1300 1053 1327 usus
1085 1285 1212 1326 facile
1243 1284 1530 1338 explicabitur
1558 1298 1682 1336 repu-

174 1354 368 1396 tantibus
388 1354 533 1404 fuisse,
566 1354 638 1407 qui
660 1357 848 1394 Amineas
877 1353 1015 1395 dictas
1046 1357 1251 1408 putarent
1281 1353 1404 1406 quasi
1432 1356 1520 1393 sine
1546 1355 1680 1400 minio,

174 1423 285 1464 sicut
315 1437 413 1474 apes
445 1422 619 1476 quidam
650 1426 872 1475 tamquam
903 1419 1043 1473 ἄπους
1081 1425 1342 1475 acceperunt
1386 1420 1457 1475 [cf.
1491 1420 1607 1461 Serv.
1639 1420 1682 1460 in

174 1505 210 1544 g.
243 1491 269 1532 1.
298 1492 386 1546 m.].
446 1491 509 1532 ita
538 1494 742 1532 charisma
775 1489 904 1543 longa
935 1494 1100 1544 ponunt
1129 1490 1268 1544 prima
1299 1488 1534 1530 christiani.

290 1559 527 1600 Licentiam
578 1562 721 1599 autem
771 1558 965 1612 priorum
1014 1558 1195 1599 multum
1245 1557 1522 1598 intenderunt
1572 1556 1683 1597 chri-

175 1627 315 1678 stiani,
347 1627 505 1681 partim
526 1640 675 1668 versus
700 1626 957 1668 necessitate
988 1626 1117 1677 ducti,
1148 1626 1306 1680 partim
1338 1625 1453 1679 quod
1474 1623 1685 1666 vocabula

175 1699 317 1736 essent
346 1695 515 1736 rariora
544 1698 586 1736 et
618 1708 643 1735 a
677 1695 889 1736 communi
933 1709 1013 1736 usu
1052 1694 1203 1736 aliena.
1261 1707 1391 1749 porro
1430 1693 1473 1734 in
1504 1692 1682 1734 nomini-

174 1763 254 1805 bus
277 1763 454 1804 Graecis
475 1767 650 1817 praeter
671 1762 957 1804 reverentiam
985 1776 1145 1814 eorum,
1179 1776 1289 1816 quae
1319 1762 1374 1804 ad
1397 1761 1537 1803 cultus
1560 1774 1683 1802 sacra

174 1831 565 1885 auctoritatemque
610 1830 842 1872 bibliorum
889 1832 1176 1884 pertinerent,
1226 1830 1408 1872 multum
1455 1833 1682 1884 peccatum

173 1899 535 1953 pronuntiationis
564 1898 1053 1951 Reuchlinianaeyitio,
1085 1899 1200 1952 quod
1230 1899 1315 1939 iam
1347 1898 1462 1953 apud
1494 1898 1683 1939 Graecos

174 1968 421 2009 ultimorum
462 1972 703 2021 temporum
743 1966 824 2007 fuit
865 1966 1177 2020 pervulgatum.
1238 1967 1370 2020 igitur
1402 1985 1445 2010 αι
1476 1970 1519 2008 et
1550 1983 1586 2009 ει
1617 1966 1683 2007 vel

177 2054 200 2091 η
232 2035 348 2089 quod
380 2049 509 2089 saepe
541 2039 641 2077 sunt
672 2037 919 2088 correptae,
966 2034 1070 2088 quid
1111 2035 1266 2076 mirum
1308 2048 1404 2076 cum
1433 2034 1508 2075 illa
1538 2047 1616 2088 per
1648 2048 1681 2080 e,

174 2104 257 2145 hae
298 2116 376 2157 per
417 2107 429 2145 ι’
474 2103 605 2145 breve
649 2103 902 2157 plerumque
949 2101 1214 2144 efferrentur.
1285 2106 1532 2156 praeterea,
1571 2115 1683 2155 quae

176 2171 354 2213 Graecis
397 2171 566 2213 obstitit
606 2171 831 2212 diversitas
871 2184 949 2224 pro
988 2171 1233 2224 quantitate
1265 2171 1502 2212 formarum
1533 2183 1554 2210 e
1586 2172 1629 2210 et
1661 2184 1682 2210 ο

175 2253 397 2290 sonorum,
439 2240 484 2280 in
512 2239 667 2281 Latino
709 2252 904 2280 sermone
944 2252 1028 2280 non
1069 2240 1211 2293 potuit
1253 2252 1345 2280 esse
1375 2237 1682 2292 impedimento

175 2322 227 2349 ne
272 2308 515 2362 promiscue
561 2307 884 2349 adhiberentur.
954 2320 1004 2348 ac
1044 2321 1098 2349 ne
1141 2325 1182 2350 οι
1224 2306 1397 2361 quidem
1436 2309 1683 2348 metuerunt

175 2376 392 2429 corripere
439 2379 614 2430 recepta
652 2389 730 2429 per
773 2375 955 2416 eundem
993 2375 1301 2429 pronuntiandi
1341 2374 1583 2424 modulum,
1630 2373 1682 2414 de

177 2457 261 2497 quo
293 2458 425 2498 supra
468 2443 647 2494 dictum,
680 2462 705 2486 ι.
767 2443 899 2496 igitur
942 2444 1057 2497 apud
1087 2444 1322 2485 Ausonium
1366 2446 1408 2484 et
1448 2442 1491 2483 in
1521 2441 1682 2483 Antho-

175 2512 290 2565 logia
334 2515 558 2553 solicismus
604 2516 647 2553 et
688 2514 833 2563 scupus
883 2512 1158 2553 inveniuntur
1203 2515 1404 2565 correpta
1450 2513 1682 2563 antepaen-

175 2579 326 2621 ultima
357 2580 508 2633 [epigr.
544 2582 635 2629 138,
663 2583 708 2630 43
744 2582 836 2630 180,
869 2582 891 2620 3
924 2579 1006 2634 R.].

292 2648 540 2689 Ceterum
569 2661 669 2688 non
701 2646 884 2688 eadem
921 2646 1241 2701 frequentia
1271 2647 1354 2688 usi
1383 2645 1682 2687 christiani

176 2716 228 2756 in
268 2715 686 2769 quantitatibus
727 2715 1085 2756 invertendis.
1147 2715 1390 2757 scilicet
1430 2712 1681 2754 modesti

176 2784 330 2825 fuere
361 2787 586 2837 praeter
616 2783 830 2824 nomina
858 2783 1089 2837 propria
1118 2784 1398 2832 Iuvencus,
1431 2780 1681 2831 Avienus,

176 2851 518 2901 Priscianus,
565 2851 761 2904 quibus
812 2850 1100 2904 aliquanto
1143 2853 1267 2891 sunt
1312 2849 1484 2890 minus
1532 2848 1681 2890 cauti

179 2924 486 2961 ceterorum
527 2918 812 2973 plerique.
874 2933 974 2961 nos
1014 2933 1078 2960 ne
1120 2917 1353 2959 nimium
1391 2916 1681 2958 lectorum
