1898 3292
255 221 335 258 508
835 227 955 251 LIBER
974 227 1172 252 SEPTIMVS.

247 333 336 380 peti
385 329 519 385 [theb.
552 330 589 371 I.
625 329 712 385 62]
782 344 910 382 porro
957 329 1091 370 habes
1139 334 1241 369 desit
1287 330 1398 381 apud
1448 330 1665 370 Manilium
1716 334 1758 371 et

256 397 494 438 Martialem
540 398 606 451 [V,
641 404 740 449 563,
773 398 845 438 Ill.
879 401 943 447 75,
982 403 994 438 l
1033 398 1125 452 all,
1167 398 1280 450 apud
1324 398 1436 438 hune
1480 404 1522 438 et
1552 399 1758 440 Senecam

253 470 369 507 audit
398 466 447 520 [1,
472 470 537 516 99,
562 471 603 517 5;
636 465 744 506 Med.
769 467 883 521 201]
933 466 1033 507 item
1057 465 1172 506 haud
1195 466 1320 519 pauci
1344 465 1490 506 dixere
1515 469 1544 506 it
1575 470 1618 507 et
1642 471 1758 517 petit,

255 548 366 586 quae
388 538 529 575 tamen
555 534 854 575 Lachmannus
888 534 1117 575 statuendo
1150 549 1233 574 non
1265 534 1364 587 poni
1396 535 1637 587 promiscue
1661 540 1758 576 ante

254 616 483 643 consonam
516 606 558 643 et
587 602 776 643 vocalem
809 616 986 656 prorsus
1018 602 1195 643 fallitur.
1254 602 1315 643 ita
1354 602 1485 651 enim,
1530 605 1577 643 ut
1604 603 1759 644 Lucre—

254 671 359 710 tium
391 671 579 721 mittam,
624 671 732 711 dixit
763 670 976 711 Martialis
1012 671 1066 725 [1,
1100 674 1164 720 62,
1197 674 1242 722 63
1276 671 1332 720 II,
1364 674 1429 720 64,
1461 671 1504 725 3]
1548 669 1651 712 ‘abit
1682 674 1759 712 He-

254 736 382 786 lene’,
427 738 596 780 ‘transit
628 738 686 779 et’
724 742 853 792 atque
884 738 1033 780 itidem
1067 738 1152 795 [lib.
1187 745 1316 792 spect.
1356 743 1416 788 16,
1451 743 1491 790 1;
1536 739 1585 788 X,
1620 743 1683 789 77,
1717 740 1760 793 2]

247 806 350 847 ‘abit
382 805 555 856 media',
600 806 750 859 ‘pere't;
788 805 913 858 [σοῦ’
951 821 1029 848 nec
1060 821 1143 847 non
1179 807 1374 848 Lucanus
1415 807 1482 862 [V,
1515 810 1617 858 5223
1650 807 1760 858 VIII,

256 880 358 926 3213
391 875 463 924 IX,
488 879 590 927 2053
627 876 754 929 1098]
801 874 919 926 ‘petil
947 872 1056 923 (affl,
1102 874 1204 916 ‘abit
1225 873 1335 924 aust,
1381 874 1502 924 ‘obil;
1533 874 1760 926 Ponepee'o',

249 943 385 993 'pm-it,
415 942 611 984 caruere’
648 947 691 984 et
722 944 884 985 Statius
925 943 1055 999 [theb.
1090 944 1139 993 ΙΙ,
1175 947 1280 995 474;
1305 944 1363 993 X,
1397 947 1501 994 3233
1535 944 1623 994 VII,
1656 948 1760 992 4393

256 1011 306 1061 X,
339 1011 436 1068 205]
483 1010 631 1061 ‘sabim
665 1010 757 1061 ihi’,
801 1011 929 1062 ‘perit
958 1009 1039 1060 Μ’,
1085 1011 1179 1052 ‘init
1212 1009 1434 1063 fece'lqzce',
1479 1010 1611 1060 ‘adim
1643 1010 1760 1053 ποκ’.

371 1080 602 1121 Praeterea
634 1080 738 1121 satis
769 1084 936 1121 constat
969 1080 1044 1121 illa
1077 1083 1141 1129 ἱυὶ,
1175 1084 1294 1131 quivi,
1328 1084 1467 1130 petivi,
1501 1083 1695 1131 quaesivi,
1728 1080 1762 1120 si

255 1152 462 1201 sequatur
494 1164 527 1197 s,
560 1148 725 1202 vulgari
758 1163 837 1189 usu
868 1149 959 1202 pati
983 1149 1331 1198 contractionem,
1369 1162 1480 1201 quae
1511 1162 1613 1189 sane
1647 1151 1689 1189 et
1720 1149 1763 1188 in

256 1216 465 1258 similibus
497 1217 639 1258 verbis
670 1217 989 1270 frequentatur,
1025 1217 1099 1258 sed
1130 1216 1293 1257 minore
1326 1216 1579 1258 constantia.
1632 1216 1763 1269 igitur

256 1299 338 1325 non
386 1286 604 1334 mirumst,
657 1285 771 1338 quod
817 1286 930 1326 inter
976 1285 1219 1338 epenthesis
1265 1284 1460 1338 exempla
1504 1284 1764 1325 rettulerunt

257 1354 527 1406 grammatici
573 1354 865 1406 Vergilianum
915 1354 1024 1407 [aen.
1062 1354 1119 1404 ΙΙ,
1163 1353 1231 1409 25]
1282 1352 1374 1394 ‘nos
1417 1356 1565 1394 abiisse
1604 1356 1687 1393 rati
1727 1362 1763 1393 et

256 1429 369 1462 vento
391 1425 563 1472 petiisse
586 1420 817 1476 Mycenas'.
868 1426 913 1462 at
946 1435 1056 1475 quae
1088 1422 1226 1462 minus
1260 1425 1365 1475 apta
1393 1425 1503 1471 sunt,
1534 1425 1581 1461 ut
1611 1435 1763 1474 cogan-

255 1493 345 1539 tur,
387 1494 501 1531 certe
542 1490 758 1544 digamma
799 1491 1012 1531 omittunt.
1078 1490 1177 1531 hinc
1219 1490 1370 1543 plenae
1411 1490 1575 1531 formae
1615 1490 1764 1542 paucis

255 1562 480 1611 poetarum
514 1559 810 1608 classicorum,
854 1559 1076 1612 aliquanto
1110 1558 1306 1612 pluribus
1338 1558 1667 1600 christianorum
1699 1572 1764 1599 re-

256 1627 482 1680 periuntur
512 1627 725 1677 versibus,
757 1641 850 1669 cum
882 1627 1046 1668 scilicet
1076 1626 1135 1668 illi
1167 1627 1297 1668 insita
1328 1626 1558 1680 elegantia,
1587 1627 1631 1667 hi
1663 1641 1765 1667 ana-

257 1694 398 1748 logiae
440 1695 493 1736 ad
535 1695 651 1749 leges
693 1695 854 1737 formas
899 1695 1133 1736 dictionum
1173 1694 1421 1748 deligerent.
1483 1709 1610 1749 porro
1651 1695 1762 1748 quod

257 1767 309 1804 ivi
342 1767 384 1804 et
418 1767 525 1814 quivi
556 1768 598 1804 et
627 1767 702 1805 3ῖυὶ
735 1767 775 1805 et
815 1763 970 1804 similia
991 1764 1263 1804 invertuntur
1285 1763 1515 1816 implicatis
1539 1764 1765 1804 mutationi

258 1831 486 1885 stirpibus,
528 1832 633 1873 satis
677 1832 756 1873 fuit
799 1832 1037 1885 inelegans,
1082 1831 1163 1873 nisi
1202 1831 1448 1885 frequentia
1489 1846 1592 1873 usus
1634 1846 1766 1885 prava

257 1900 528 1953 mitigaretur
559 1901 681 1942 ratio.

374 1968 535 2009 Eadem
559 1969 717 2023 quippe
740 1969 863 2009 venia
886 1972 1147 2010 excusantur
1169 1971 1393 2009 contracta
1437 1966 1611 2016 ‘noi-am,
1635 1983 1764 2017 nosse,

260 2050 515 2086 comanorum,
547 2035 799 2078 commosse'.
863 2036 1019 2090 quibus
1051 2036 1272 2089 aliquanto
1305 2040 1403 2077 sunt
1434 2036 1609 2077 duriora
1642 2037 1765 2077 Ennii

261 2103 362 2160 [fab.
398 2109 499 2157 1133
532 2119 627 2146 ann.
658 2105 755 2162 386]
796 2120 948 2150 nomas,
981 2108 1142 2153 adiuro,
1175 2104 1331 2146 Catulli
1364 2108 1406 2145 et
1436 2104 1648 2158 Propertii
1680 2106 1765 2159 [SQ

262 2177 335 2224 183
376 2173 454 2223 ΙΙΙ,
490 2177 551 2223 17,
585 2175 656 2228 22]
703 2177 872 2222 inerint,
919 2173 1102 2226 denique
1145 2173 1262 2213 Accii
1305 2177 1452 2214 devoro
1493 2173 1679 2226 positum
1723 2174 1766 2213 in

259 2241 380 2282 Decii
411 2255 536 2283 versu
569 2242 649 2283 hoc
683 2242 807 2295 [Non.
840 2246 906 2291 98,
946 2242 1035 2295 10]:

396 2316 516 2359 patrio
543 2316 712 2360 exemplo
738 2318 779 2349 ut
802 2327 859 2349 me
886 2315 1017 2349 dicabo
1044 2326 1158 2358 aeque
1185 2315 1341 2348 animam
1367 2315 1502 2348 devoro
1526 2314 1704 2349 hostibus.

260 2378 374 2431 quod
406 2392 431 2419 a
464 2383 697 2419 devorando
729 2392 810 2419 non
843 2378 951 2419 bene
993 2378 1207 2418 duxerunt
1237 2377 1399 2418 Nonius
1431 2382 1473 2418 et
1504 2377 1767 2418 Ribbeckius

260 2446 352 2499 (sed
384 2446 438 2487 ab
469 2447 551 2487 hoe
586 2450 737 2500 postea
774 2447 943 2499 agnitus
982 2447 1132 2499 error).
1193 2459 1244 2486 ac
1284 2460 1336 2486 ne
1378 2445 1554 2486 Ovidius
1594 2445 1767 2499 quidem

259 2515 403 2555 timuit
443 2515 671 2556 admittere
720 2514 824 2555 illud
867 2522 1104 2565 prostrasse
1148 2512 1274 2569 [trist.
1306 2514 1384 2564 ΙΙΙ,
1426 2519 1472 2563 5,
1513 2513 1606 2569 33],
1657 2514 1768 2555 sicut

260 2583 461 2624 Manilius
494 2583 602 2624 dixit
632 2584 681 2638 [1,
715 2584 814 2637 776]
848 2590 1016 2623 slraral.

376 2651 607 2692 Praeterea
637 2651 848 2705 perfecta,
891 2665 1001 2704 quae
1032 2650 1193 2691 habent
1223 2654 1274 2698 si,
1310 2654 1399 2700 psi,
1431 2654 1494 2699 si,
1535 2650 1767 2703 aliquando

260 2720 582 2769 imminuuntur,
615 2734 709 2760 cum
742 2719 937 2772 sequitur
967 2735 999 2767 s,
1039 2719 1185 2772 qualia
1218 2722 1317 2759 sunt
1349 2722 1484 2766 dearlc',
1517 2732 1767 2768 consumpse,

261 2792 369 2829 jusso
399 2814 453 2817 —-
485 2802 581 2829 nam
614 2788 721 2828 haee
753 2788 944 2828 nascitur
976 2787 1139 2840 species
1177 2786 1366 2840 reposita
1397 2786 1529 2827 futuri
1560 2786 1767 2839 primaria

261 2856 401 2897 forma
438 2870 504 2897 eso
546 2881 618 2896 -.
689 2855 763 2897 sed
806 2856 916 2896 enim
958 2855 1084 2896 aliter
1125 2869 1237 2905 eam,
1284 2869 1412 2907 quam
1454 2857 1659 2907 putarent
1698 2868 1767 2894 ve-

260 2928 395 2976 teres,
442 2924 671 2967 admissam
717 2937 930 2979 syncopen
977 2923 1078 2964 mihi
1124 2923 1294 2977 quidem
1342 2936 1423 2965 non
1469 2921 1767 2976 persuadetur,
