1898 3292
270 225 350 264 206
866 230 985 256 LIBER
1004 230 1178 255 TERTIVS.

384 334 550 389 Quippe
589 334 717 375 etiam
760 347 785 374 a
824 346 925 374 vero
967 333 1049 374 erit
1089 332 1292 382 alienum,
1337 331 1471 385 siquis
1514 330 1775 372 contrariam

269 404 492 458 amplexus
523 417 654 457 supra
684 402 934 456 propositae
967 401 1223 443 sententiam
1257 400 1416 441 dixerit
1448 400 1491 440 in
1522 403 1659 440 metro
1690 414 1776 441 me-

268 476 435 514 morato
480 470 762 525 principalem
810 470 982 524 quidem
1028 483 1251 511 caesuram
1299 469 1467 510 evenire
1516 472 1615 522 post
1661 469 1777 509 arsin

269 544 482 595 quartam,
513 539 614 581 huic
635 553 734 580 vero
758 538 964 580 accedere
994 538 1050 580 ad
1083 537 1322 591 augendam
1346 537 1604 590 elegantiam
1626 536 1778 578 trithe-

266 609 479 651 mimerim
523 608 689 662 pariter
736 621 832 648 cum
874 608 1005 649 tertia
1043 607 1284 657 trochaica,
1329 609 1378 647 ut
1421 605 1521 647 huic
1559 605 1779 647 tribuatur

267 679 381 720 idem
403 677 618 727 momenti,
650 676 765 730 quod
786 676 919 717 habet
948 676 1284 717 trithemimeris.
1337 675 1432 728 quis
1455 675 1578 725 enim,
1611 674 1779 725 amabo,

269 748 350 789 sibi
383 745 664 801 persuadebit
693 745 817 786 binos
854 744 950 786 illos
993 748 1270 798 anapaestos,
1316 745 1389 797 qui
1429 747 1527 785 sunt
1566 743 1678 784 inter
1718 747 1778 784 τή-

262 820 437 868 fandum
469 819 511 856 et
542 828 755 863 renovare,
788 813 916 854 etiam
948 827 1072 866 egere
1105 812 1410 854 distinctione?
1442 812 1517 854 sed
1542 816 1591 853 ut
1611 813 1779 853 mittam

269 885 362 935 hoc,
398 883 660 933 incisionem,
693 883 727 923 si
761 882 933 923 adesset
965 886 1147 935 quartae
1179 881 1277 931 arsi,
1310 895 1362 922 ne
1393 882 1585 935 potuisse
1608 881 1780 934 quidem

270 954 400 995 etiam
433 952 527 993 fieri
555 956 655 1006 post
684 951 938 992 trochaeum
970 951 1147 992 tertium
1179 964 1230 991 ea
1260 954 1307 991 re
1338 954 1538 1004 apparet,
1581 950 1694 1003 quod
1726 950 1780 991 ad

270 1021 535 1063 reddendum
579 1020 958 1074 semiseptenariae
1004 1019 1222 1074 rythmum
1268 1019 1592 1073 anapaesticum
1638 1019 1781 1060 facere

271 1091 428 1132 divisos
474 1090 627 1144 pedem
672 1089 849 1130 tertium
892 1093 934 1130 et
975 1089 1121 1142 quarti
1162 1087 1423 1141 semipedem
1463 1088 1652 1142 priorem
1693 1092 1782 1130 tro-

271 1160 420 1201 chaico
465 1158 596 1200 verbo
640 1164 683 1200 et
722 1157 907 1199 iambico
951 1157 1065 1198 infra
1109 1156 1412 1211 comprobabo.
1473 1157 1586 1199 unde
1631 1160 1782 1211 sponte

271 1229 467 1282 sequitur
496 1227 699 1269 choreum
729 1227 861 1268 tertia
892 1226 993 1268 sede
1026 1226 1300 1276 collocatum,
1339 1226 1374 1266 si
1403 1230 1502 1279 post
1533 1230 1781 1279 sequentem

275 1298 391 1339 arsin
420 1297 549 1338 etiam
582 1297 637 1337 sit
667 1296 867 1346 incisum,
912 1295 1054 1336 facere
1088 1294 1142 1336 ad
1175 1294 1455 1348 coiugandos,
1495 1308 1579 1336 non
1612 1294 1667 1335 ad
1700 1294 1783 1335 dis-

271 1365 469 1407 tinendos
501 1378 713 1406 numeros.
780 1364 895 1418 quod
937 1368 1082 1405 tamen
1123 1377 1207 1405 non
1248 1366 1392 1416 potest
1437 1364 1624 1414 evenire,
1667 1363 1701 1404 si
1741 1363 1783 1403 in

273 1435 480 1476 trochaeo
520 1434 650 1475 tertio
694 1436 736 1474 et
776 1433 869 1487 ipso
913 1433 1109 1474 subsistit
1151 1445 1354 1483 caesura,
1395 1435 1494 1485 post
1536 1446 1664 1485 quam
1711 1445 1784 1472 ne-

275 1504 462 1545 cessario
494 1502 773 1544 inhibendast
803 1516 895 1543 vox.

389 1573 531 1623 Quare
552 1572 661 1613 haec
684 1571 881 1625 equidem
905 1575 1003 1612 sunt
1023 1585 1145 1622 vana,
1178 1575 1447 1625 apparetque
1469 1570 1512 1611 in
1535 1583 1661 1611 versu
1684 1570 1784 1611 hoc:

552 1651 740 1685 infandum
767 1652 893 1696 regina
918 1651 1021 1686 iubes
1048 1663 1223 1686 renovare
1250 1651 1415 1686 dolorem

275 1725 350 1763 aut
381 1725 479 1775 post
511 1724 657 1772 reffl‘na
689 1724 765 1761 aut
796 1724 895 1774 post
925 1723 1038 1761 iubes
1069 1734 1162 1762 esse
1195 1734 1419 1761 caesuram
1451 1720 1699 1774 legitimam.

390 1791 479 1831 Iam
502 1789 577 1831 ubi
598 1790 824 1831 raritatem
846 1803 1055 1830 summam
1077 1803 1289 1841 versuum,
1322 1789 1395 1843 qui
1416 1792 1515 1843 post
1535 1789 1787 1830 trochaeum

275 1860 451 1901 tertium
474 1863 573 1901 sunt
593 1859 716 1900 incisi
739 1872 823 1900 non
844 1858 965 1900 finito
988 1862 1085 1913 post
1108 1858 1370 1912 semipedem
1393 1859 1621 1912 sept-imum
1644 1857 1788 1907 verbo,

276 1927 393 1969 velut
424 1928 517 1969 ille:

552 1995 730 2029 spargens
756 1984 906 2018 humida
933 1984 1043 2019 mella
1067 1984 1386 2029 soporiferumque
1413 1995 1583 2028 papaver,

277 2054 544 2108 compararis
562 2067 658 2095 cum
675 2053 921 2107 frequentia
938 2053 1224 2095 distinctionis
1243 2053 1622 2107 semiseptenariae
1644 2051 1787 2093 huius:

554 2133 679 2168 oscula
702 2133 831 2168 libavit
858 2136 974 2176 natae,
1005 2166 1006 2175 ,
1038 2132 1170 2167 dehinc
1196 2133 1284 2167 talia
1308 2132 1405 2166 fatur

277 2192 365 2233 sive
400 2191 523 2233 talis:

349 2255 352 2258 Δ
555 2266 764 2310 despiciens
788 2277 887 2300 mare
912 2265 1108 2300 velivolum
1138 2274 1139 2303 i
1168 2268 1359 2309 terrasque
1385 2265 1561 2308 iacentes,

279 2335 349 2376 vix
381 2335 541 2388 poterit
572 2348 665 2376 esse
705 2334 904 2386 dubium,
950 2333 1025 2376 ubi
1060 2334 1180 2376 locus
1213 2338 1278 2375 est
1308 2334 1481 2387 utrique
1514 2333 1792 2383 distinctioni,

279 2407 380 2445 utra
411 2403 467 2445 sit
495 2403 759 2457 usurpanda.

397 2472 481 2513 Sed
502 2472 689 2526 primum
710 2486 800 2513 rem
824 2472 1043 2526 exemplis,
1067 2475 1275 2526 quantum
1299 2485 1406 2526 opus
1429 2475 1506 2523 est,
1529 2471 1791 2513 adseremus.

398 2541 551 2594 Itaque
572 2540 799 2582 Lucretius
821 2555 969 2583 versus
991 2541 1351 2595 hephthemimeri
1375 2555 1469 2582 cum
1491 2539 1795 2582 trithemimeri

283 2613 530 2651 constantes
562 2610 648 2651 sive
677 2609 768 2651 sola
788 2610 1161 2663 hephthemimeri,
1193 2623 1332 2663 neque
1353 2613 1452 2663 post
1473 2610 1590 2651 arsin
1611 2609 1793 2651 alteram

284 2679 508 2720 tertiamve
540 2692 678 2732 neque
715 2682 813 2732 post
853 2678 1103 2720 trochaeum
1145 2679 1322 2720 tertium
1352 2677 1484 2720 verbo
1523 2678 1662 2729 finito,
1701 2678 1745 2718 in
1775 2677 1794 2718 I

282 2747 394 2788 libro
424 2750 467 2788 et
497 2747 537 2788 II
567 2746 701 2788 habet
733 2746 906 2798 CXXX,
948 2750 993 2788 at
1035 2746 1241 2788 trochaeo
1286 2747 1416 2788 tertio
1452 2746 1610 2788 divisos
1642 2745 1792 2787 XLIII.

285 2830 335 2857 ac
371 2819 517 2857 tamen
554 2814 670 2857 hunc
712 2815 934 2868 aliquanto
975 2815 1312 2869 frequentiorem
1353 2815 1572 2869 plerisque
1615 2827 1795 2856 caesura

285 2883 531 2925 adhibenda
562 2883 761 2926 muliebri
799 2897 931 2938 supra
970 2885 1216 2926 memoravi.
1278 2886 1324 2925 at
1354 2884 1574 2937 Vergilius
1616 2897 1711 2924 cum
1751 2884 1794 2924 in

285 2953 303 2993 I
335 2956 377 2993 et
407 2953 447 2994 II
479 2953 691 2994 Aeneidos
722 2953 883 2994 habeat
924 2953 1301 3006 semiseptenarias
1341 2956 1481 2994 certas
1522 2967 1599 2993 nec
1641 2952 1794 2993 dubias
