1898 3292
234 218 316 258 590
837 222 1076 249 OPVSCVLVM
1095 221 1143 248 ιν.

225 328 490 380 ‘fortissimus
533 322 775 376 imperator'
833 323 1182 371 ‘clementissImus
1224 320 1381 363 rector-⁹
1430 321 1741 363 ‘Constantinus

232 393 440 437 invictus'.
505 397 550 435 at
571 393 697 444 illius,
746 393 866 434 cuius
889 396 954 433 est
984 391 1206 433 exordium
1239 389 1323 446 [16]
1363 389 1547 431 ‘dissona
1575 394 1741 431 conaris

231 469 356 506 audet
389 476 628 513 componere
658 459 831 509 verbis'‚
873 461 915 501 in
956 460 1096 513 capite
1139 473 1232 499 cum
1282 458 1515 499 descendat
1563 457 1741 499 ‘domitto

230 540 368 574 nostro
410 533 669 572 Constantino
707 537 906 581 perpetuo
944 525 1162 579 Auqusso’,
1207 527 1336 574 notis,
1378 540 1488 580 quae
1531 526 1741 567 decimum

231 601 427 655 optinent
456 599 610 649 locum,
643 597 849 639 efficitur:

506 677 627 722 νεῖμέν
653 689 707 712 σοι
736 678 882 722 βασιλεῦ
910 673 1065 719 Χριστὸς
1090 676 1149 709 καὶ
1176 678 1255 714 σοῖς
1282 673 1446 717 τεκέεσσι,

232 763 343 804 quae
373 748 764 801 undevigesimum:

506 828 627 870 τίμιον
654 823 819 871 εὐσεβίης
843 824 1010 868 κρατέειν
1036 821 1166 869 ἀρετῆς
1195 836 1230 858 τε
1256 824 1443 869 βραβεῖον.

232 913 343 953 quae
375 897 626 951 vigesimum
659 898 876 936 octavum:

507 971 681 1018 εὐνομίης
711 971 831 1018 ἄρχειν
857 986 893 1007 τε
920 973 979 1006 καὶ
1008 969 1239 1006 Α’ὕσονίοισιν
1267 966 1446 1006 cimicem.

350 1057 435 1100 Sed
456 1056 753 1110 frequentiora
775 1055 905 1096 etiam
939 1057 1038 1095 sunt
1060 1053 1263 1103 carmina,
1305 1066 1415 1105 quae
1439 1052 1564 1094 simul
1585 1052 1745 1093 habent

233 1130 475 1170 litterarum
510 1124 694 1166 artificia
726 1124 770 1165 in
799 1122 992 1164 versibus
1023 1122 1235 1163 continuis
1266 1125 1308 1162 et
1330 1135 1527 1162 versuum
1560 1134 1637 1174 per
1667 1121 1745 1162 hos

234 1194 586 1238 descendentium
609 1192 996 1235 ascendentiumve.
1050 1191 1213 1232 scilicet
1243 1190 1304 1231 ibi
1325 1194 1465 1231 metra
1487 1190 1628 1230 omnia
1650 1190 1746 1243 pari

235 1267 434 1307 constant
466 1275 644 1304 numero
675 1261 1002 1310 elementorum,
1044 1260 1117 1312 qui
1158 1259 1231 1300 ubi
1270 1258 1440 1299 illorum
1480 1262 1639 1311 aequat
1670 1272 1745 1298 nu—

236 1347 419 1384 merum,
467 1330 670 1385 quadrati
706 1329 845 1383 figura
888 1329 1098 1378 nascitur,
1141 1341 1251 1380 quae
1292 1328 1422 1368 variis
1467 1331 1625 1368 natura
1670 1339 1748 1367 sua

236 1401 434 1444 convenit
464 1399 641 1442 lusibus.

350 1470 488 1524 Igitur
517 1468 561 1509 in
596 1470 795 1522 poemate
825 1466 902 1507 tali
932 1466 1045 1520 [23]:

510 1548 672 1593 ingemui
698 1547 858 1592 graviter
885 1544 1070 1580 Graecum
1094 1545 1288 1579 miseratus
1316 1545 1473 1578 amicum

236 1633 330 1661 cum
353 1618 507 1672 singuli
530 1616 782 1666 hexametri,
811 1615 883 1668 qui
907 1618 1005 1656 sunt
1036 1615 1085 1665 X,
1119 1617 1316 1655 constent
1347 1613 1501 1654 litteris
1533 1611 1747 1663 XXXVII,

236 1687 429 1729 nascitur
458 1700 606 1728 versus
636 1685 829 1727 Graecus
860 1684 1018 1724 litteris
1059 1682 1114 1724 ab
1157 1683 1294 1724 ultimi
1333 1682 1459 1723 metri
1501 1681 1642 1734 prima
1683 1681 1747 1722 bis

237 1757 280 1798 in
312 1755 447 1798 altum
479 1759 522 1796 et
552 1768 701 1796 rursus
733 1754 777 1794 in
816 1753 948 1793 imum
990 1751 1284 1797 tendentibus,
1325 1754 1373 1791 ut
1404 1764 1430 1791 a
1460 1750 1595 1790 latere
1627 1749 1747 1790 laevo

237 1825 476 1878 dextroque
510 1824 618 1865 sitae
648 1826 797 1877 partes
829 1821 1050 1863 elementis
1082 1819 1260 1874 singulis
1292 1822 1538 1872 augescant,
1571 1823 1616 1860 at
1638 1832 1748 1872 quae

236 1894 405 1935 locatae
439 1896 538 1934 sunt
567 1892 680 1933 inter
715 1891 877 1945 primas
910 1889 1057 1931 decem
1090 1893 1132 1930 et
1163 1892 1391 1942 sequentes
1422 1887 1488 1929 bis
1518 1887 1665 1929 decem
1698 1901 1748 1928 ac

237 1966 479 2016 postremas
536 1960 684 2002 decem
729 1959 886 2001 Graeci
947 1957 1188 2000 hexametri
1239 1970 1315 1998 eae
1356 1970 1456 1998 vero
1506 1957 1750 1998 increscant

237 2030 362 2072 binis.
422 2029 675 2071 interiectus
707 2027 870 2070 stichus
899 2030 964 2068 est
993 2025 1116 2067 talis:

517 2107 647 2152 Iffiions
676 2105 762 2152 τεὴν
789 2103 923 2151 ἄλοχον
949 2104 1016 2150 τὴν
1041 2103 1197 2148 “Τμνίὸ“α
1226 2106 1362 2144 Νεῖλος
1388 2102 1542 2138 ἐλαύνει.

238 2179 364 2233 longe
396 2179 526 2221 etiam
558 2177 706 2220 scitius
738 2179 803 2218 est
833 2175 938 2217 illud
983 2173 1104 2216 ‘alme
1136 2182 1226 2216 {aas
1258 2178 1401 2215 laurus
1435 2180 1549 2215 aetas
1571 2178 1751 2215 sustolle!

240 2252 280 2289 ins
313 2245 449 2289 aslra’
487 2247 597 2302 [18],
639 2245 755 2299 quod
794 2244 1069 2286 hexametros
1113 2243 1273 2284 XXXV
1307 2242 1549 2284 litterarum
1592 2242 1749 2283 XXXV

245 2317 466 2358 continens
490 2318 644 2369 quater
665 2313 799 2355 habet
821 2312 1006 2354 stichum
1034 2312 1174 2353 latera
1207 2311 1446 2364 cingentem
1477 2311 1592 2352 hunc
1630 2310 1751 2352 ‘alme

241 2394 332 2426 luas
364 2389 506 2426 laurus
529 2390 643 2425 aetas
664 2386 846 2424 sustollet
876 2385 918 2422 τή.
941 2378 1094 2422 astra’.
1147 2384 1191 2421 at
1223 2380 1512 2433 diagonalium
1546 2383 1752 2433 quattuor

241 2454 398 2504 instar,
431 2466 541 2506 quae
574 2451 834 2505 quadratum
865 2450 909 2491 in
940 2449 1112 2503 trigona
1140 2449 1242 2490 bina
1274 2449 1361 2490 sive
1388 2448 1490 2490 bina
1525 2452 1751 2502 tetragona

242 2522 497 2575 disponunt,
545 2523 724 2562 currunt
761 2533 909 2561 versus
949 2518 994 2559 hi
1037 2516 1187 2559 ‘aurea
1231 2521 1417 2558 victorem
1455 2520 1594 2568 pietas
1634 2523 1752 2557 sona(

241 2593 367 2632 ubere
418 2586 579 2641 lc'nyua’
638 2587 806 2629 ‘Aonios
856 2591 997 2629 lances
1042 2590 1178 2638 pietas
1228 2590 1339 2627 iuvat
1389 2599 1584 2636 armaque
1632 2588 1723 2625 (ἵὶὶά
1744 2587 1752 2600 ’

236 2657 387 2700 ‘aurea
428 2662 500 2699 lux
530 2664 663 2699 *valum
693 2661 818 2697 silvae
849 2659 944 2697 mihi
976 2658 1167 2706 praemia
1200 2652 1340 2695 serva'
1389 2653 1531 2695 ‘aucta
1563 2657 1636 2694 deo
1670 2656 1750 2693 vir-

244 2734 307 2768 tus
339 2730 479 2768 Musas
509 2729 637 2778 massis
669 2732 789 2766 orna(
819 2721 1004 2775 aperta’.
1046 2748 1101 2753 —
1140 2726 1369 2777 praeterea
1407 2722 1590 2764 alterum
1620 2722 1751 2762 inter-

243 2795 431 2849 positum
474 2794 689 2848 quadrato
727 2792 1005 2847 quadratum,
1049 2792 1168 2834 cuius
1208 2791 1332 2832 initia
1371 2805 1397 2832 a
1439 2790 1580 2832 media
1614 2793 1751 2843 parte,

243 2863 325 2905 hoc
370 2866 435 2904 est
480 2862 533 2904 ab
581 2866 735 2904 octava
780 2861 946 2903 decima
992 2860 1139 2902 littera
1182 2860 1330 2901 lateris
1376 2858 1537 2900 sinistri
1578 2857 1752 2899 maioris

246 2932 449 2986 quadrati
490 2931 754 2973 contendunt
791 2944 961 2972 sursum
994 2929 1059 2970 vel
1097 2929 1294 2970 deorsum
1327 2928 1382 2969 ad
1414 2931 1608 2968 octavam
1640 2925 1752 2966 deci-
