1898 3292
857 197 983 222 INDEX
1002 198 1024 222 1.
1610 192 1689 230 (307

191 313 219 339 u
253 301 421 339 mutata
451 299 493 339 in
527 312 734 342 consona.
776 313 877 340 usus
919 299 1082 341 alienus
1122 299 1175 341 ab
1207 300 1360 342 iambis
1393 314 1442 342 ac
1472 302 1690 343 trochaeis

184 369 392 409 283—85.

298 435 469 476 Vocalis
499 435 628 489 longa
669 439 873 488 sequente
906 436 1041 476 vocali
1086 440 1280 479 285—89
1321 438 1455 491 (apud
1487 438 1689 480 classicos

181 503 223 543 in
246 503 409 544 Latinis
432 507 649 555 285——873
681 504 723 544 in
748 504 924 545 Graecis
958 507 1051 554 287,
1085 508 1121 546 8.
1165 505 1496 546 christianorum
1527 506 1688 560 placita

184 574 277 622 288,
301 575 355 625 9).
400 573 519 625 prior
540 572 750 613 vocalium
773 572 1017 613 coeuntium
1049 573 1186 614 eiecta
1218 577 1414 615 289-94
1448 574 1479 628 (1
1502 588 1689 616 consona

181 639 222 679 in
265 639 405 680 medio
448 640 579 682 verbo
620 640 703 681 sita
734 643 826 689 292,
862 642 915 693 3).
978 641 1215 681 contractio
1249 645 1457 683 294-98.
1519 644 1530 683 1
1563 644 1628 684 vol
1661 660 1687 685 u

183 712 349 749 mutata
378 709 421 748 in
454 722 681 749 consonam
721 712 956 750 298—302.
1019 709 1150 750 dubia
1192 711 1402 763 quaedam
1438 715 1530 752 302.
1593 726 1687 765 per-

182 789 331 829 peram
373 776 510 817 relata
551 778 663 818 inter
704 778 899 830 exempla
941 781 1178 820 302-—305.
1247 780 1435 832 vulgaris
1482 795 1583 821 usus
1622 782 1687 822 vel

181 846 559 897 grammaticorum
604 846 849 898 opinionum
892 846 933 886 in
978 846 1191 887 nonnullis
1234 847 1461 889 diversitas
1506 852 1607 899 305,
1651 853 1686 890 6.

178 912 190 953 1
221 912 286 953 vel
317 928 343 954 u
374 928 473 954 num
504 914 547 954 in
579 913 756 955 Graecis
793 927 843 955 ex
874 914 1011 955 vocali
1052 914 1168 956 facta
1209 916 1264 956 sit
1305 929 1492 957 consona
1526 921 1619 968 306,
1651 922 1685 959 7.

181 995 203 1022 c
229 995 322 1022 cum
349 985 367 1022 t
396 985 668 1035 permutatae
695 986 737 1023 et
758 983 1062 1036 pronuntiatae
1086 984 1208 1036 quasi
1242 999 1262 1024 z
1294 978 1535 1039 exemplum
1572 987 1686 1040 apud

179 1050 529 1092 Commodianum
563 1054 655 1101 307,
689 1055 725 1092 8.
790 1065 817 1104 q
847 1051 1006 1101 littera,
1037 1053 1140 1093 item
1173 1066 1209 1105 g,
1243 1068 1261 1094 s
1294 1058 1499 1107 sequente
1533 1069 1559 1095 u
1591 1059 1685 1097 308.

179 1119 414 1160 dihaeresis
468 1123 694 1161 308-10.
777 1119 1139 1173 diphthongorum
1202 1122 1380 1175 synizesi
1434 1122 1682 1164 effectarum

180 1201 339 1240 genera
371 1187 454 1228 duo
487 1192 579 1229 311.
640 1189 758 1241 prius
791 1192 981 1229 311—21
1031 1191 1112 1243 (ae,
1147 1203 1208 1241 oe,
1242 1204 1296 1231 au
1329 1194 1422 1241 311,
1454 1194 1489 1232 2.
1537 1192 1586 1241 ei,
1618 1206 1683 1240 eu,

179 1256 230 1305 oi,
262 1256 306 1296 ui
336 1259 543 1298 312-19.
606 1257 804 1310 synizesis
837 1257 945 1298 haec
987 1256 1140 1298 effecta
1182 1259 1412 1300 accedente
1444 1260 1456 1300 i
1490 1260 1554 1301 vel
1587 1274 1684 1301 con-

178 1337 282 1364 sona
327 1324 393 1365 vel
432 1325 561 1377 longa
610 1326 881 1378 319-321).
956 1325 1138 1367 alterum
1186 1330 1407 1368 32]-24.
1483 1329 1684 1382 synizesis

177 1393 431 1445 graecanica
459 1396 666 1434 325—27.

290 1461 486 1503 Hiatus
519 1462 569 1502 in
602 1462 711 1502 fine
745 1462 1031 1503 verborum
1063 1464 1321 1505 accidens
1354 1468 1590 1507 327—379.

291 1529 466 1571 Elisio
500 1530 754 1571 adhibita
789 1534 996 1572 327-63.

291 1598 552 1640 Testimonia
583 1603 774 1640 veterum
806 1603 898 1649 327,
927 1603 964 1641 8.
1025 1600 1168 1641 hiatus
1210 1601 1369 1642 moduli
1402 1602 1508 1642 varii
1541 1616 1591 1643 ac
1622 1602 1683 1642 di-

175 1667 287 1707 versi
319 1670 513 1709 328—34
545 1667 750 1721 (finalium
783 1668 1003 1721 quantitas
1035 1671 1128 1710 329.
1177 1684 1216 1710 m
1249 1670 1395 1710 littera
1426 1670 1682 1711 terminatae

176 1738 270 1777 329.
322 1749 358 1783 a,
392 1749 427 1785 o,
459 1751 487 1777 u
519 1737 658 1777 minus
689 1737 803 1790 turpi
828 1736 950 1777 hiatu
982 1750 1110 1789 quam
1142 1752 1176 1787 e,
1207 1738 1221 1778 i
1254 1742 1346 1780 329.
1391 1738 1531 1780 finalis
1556 1752 1681 1792 prae-

176 1804 353 1846 cedente
398 1804 536 1846 vocali
580 1818 664 1845 non
707 1805 965 1858 interposita
1012 1818 1198 1847 consona
1246 1810 1453 1848 329—31.
1529 1806 1678 1848 finales

175 1873 368 1915 Graecae
391 1876 484 1914 331.
538 1873 698 1914 vocalis
719 1873 946 1926 insequens
979 1874 1013 1914 si
1044 1874 1099 1915 sit
1130 1874 1279 1915 eadem
1312 1889 1405 1916 cum
1437 1875 1555 1916 finali
1587 1879 1680 1917 331.

173 1941 334 1982 moduli
366 1941 510 1982 hiatus
541 1941 718 1982 tollendi
751 1941 833 1982 duo
866 1944 958 1982 331.
1020 1943 1310 1984 Romanorum
1342 1947 1384 1984 et
1417 1943 1680 1985 Graecorum

174 2010 401 2051 diversitas
434 2013 527 2051 332.
576 2009 716 2050 finalis
747 2024 847 2050 num
878 2013 972 2051 tota
1003 2011 1058 2052 sit
1089 2011 1319 2064 aliquando
1353 2016 1552 2066 exempta
1584 2015 1679 2054 332.

173 2093 273 2119 num
324 2077 543 2119 brevietur
587 2077 747 2119 vocalis
791 2078 921 2132 longa
961 2079 1080 2132 prior
1129 2078 1245 2121 facta
1291 2079 1539 2133 synhaeresi
1585 2084 1678 2123 332.

175 2147 362 2189 elisionis
409 2161 486 2201 pro
533 2147 715 2188 circuitu
758 2146 987 2188 verborum
1032 2147 1098 2189 vel
1144 2147 1408 2201 frequentia,
1452 2149 1556 2190 item
1601 2163 1679 2203 pro

172 2220 329 2257 natura
368 2216 540 2257 litterae
572 2215 637 2256 vel
678 2215 871 2256 exeuntis
905 2215 970 2257 vel
1010 2216 1274 2270 insequentis
1317 2216 1543 2259 diversitas
1585 2222 1679 2260 333.

172 2284 304 2326 verba
335 2285 509 2326 elisione
540 2285 689 2338 iugata
719 2297 803 2325 non
836 2283 994 2325 coalita
1025 2285 1195 2326 omnino
1228 2288 1322 2336 333,
1345 2290 1381 2326 4.
1440 2299 1525 2339 qua
1555 2290 1679 2340 parte

171 2366 320 2394 versus
352 2352 418 2394 vel
463 2367 611 2395 sensus
653 2352 837 2394 maxime
877 2352 1016 2394 locum
1058 2352 1220 2394 habeat
1252 2353 1370 2394 elisio
1403 2357 1497 2395 334.
1559 2354 1678 2395 elisio

172 2421 434 2476 syllabarum
465 2421 655 2475 pondere
682 2420 821 2473 logico
853 2421 1081 2475 insignium
1115 2424 1206 2463 334.
1270 2421 1457 2463 elisionis
1499 2435 1576 2475 pro
1617 2422 1679 2463 di-

171 2490 375 2531 versitate
406 2489 471 2531 vel
507 2493 733 2543 poetarum
765 2488 831 2529 vel
873 2492 1114 2543 temporum
1155 2504 1256 2531 usus
1296 2491 1439 2532 varius
1481 2494 1677 2532 331—38

171 2558 363 2612 (Ennius,
394 2557 618 2611 Vergilius,
651 2556 826 2598 Ovidius
860 2561 952 2608 334,
986 2562 1021 2599 5.
1083 2561 1282 2599 auctores
1308 2562 1405 2611 post
1435 2559 1675 2612 Augustum

172 2630 266 2676 335,
287 2630 323 2667 6.
376 2629 601 2679 poetarum
632 2624 732 2665 inde
764 2625 817 2666 ab
850 2626 986 2666 Ennio
1018 2626 1245 2667 diversitas
1277 2630 1370 2676 336,
1397 2630 1432 2667 7.
1487 2627 1678 2668 carmina

172 2695 344 2735 elisione
375 2707 511 2735 vacua
543 2696 636 2744 337,
669 2695 724 2748 8).
786 2694 973 2735 elisionis
1012 2708 1090 2748 pro
1132 2698 1288 2735 natura
1328 2694 1468 2735 finalis
1510 2695 1576 2735 vel
1614 2695 1676 2736 in-

170 2763 389 2816 sequentis
416 2762 587 2803 litterae
619 2765 695 2802 aut
726 2762 908 2803 circuitu
938 2762 1060 2816 pedis
1091 2762 1252 2804 moduli
1274 2762 1430 2804 diversi
1452 2766 1674 2805 338—349

172 2829 484 2886 (monosyllaba
513 2829 640 2882 longa
672 2829 736 2871 vel
769 2830 810 2870 in
843 2844 884 2870 m
917 2831 1117 2871 exeuntia
1149 2834 1242 2876 339.
1275 2834 1339 2872 40.
1394 2831 1580 2872 iambica
1612 2846 1675 2873 se-

171 2903 328 2952 quente
370 2899 489 2940 brevi
534 2902 626 2939 340.
688 2902 816 2939 acuta
859 2903 952 2950 340,
983 2903 1048 2940 41.
1111 2900 1228 2951 gravi
1265 2903 1357 2941 341.
1421 2900 1580 2941 cretica
1611 2914 1674 2941 so-⁵
