1898 3292
716 267 835 291 LIBER
855 267 1047 292 sEPTIMvs
1556 261 1638 299 487

131 375 173 411 et
205 375 304 419 ollis,
340 385 449 423 quae
482 384 565 412 non
597 371 638 411 in
672 370 885 411 Bucolicis
917 373 958 411 et
993 369 1215 423 Georgicis
1246 369 1458 423 legantur,
1491 386 1567 412 nec
1596 373 1636 412 in

129 439 224 492 ipsa
256 439 442 479 Aeneide
489 439 614 479 aliter
658 438 836 479 inveniri
886 452 1012 491 quam
1054 438 1097 478 in
1143 439 1390 479 narratione
1433 441 1551 493 gravi
1596 445 1638 482 et

129 507 291 557 sedata,
322 521 555 560 numquam
586 507 627 547 in
657 506 942 556 orationibus,
983 506 1095 547 idem
1139 521 1221 546 non
1258 506 1521 559 indignumst
1552 523 1635 549 me-

128 576 264 616 moria
294 576 378 616 iam
412 575 614 616 Romanis
646 575 889 616 hominibus
929 574 1060 615 fuisse
1102 575 1397 625 observatum,
1438 576 1481 616 id
1523 577 1636 629 quod

128 647 171 684 et
219 643 400 684 aliorum
447 643 652 697 exemplis
704 643 954 685 declaratur
1001 646 1044 683 et
1088 643 1273 683 maxime
1319 643 1512 695 Iuvenci,
1565 646 1637 698 qui

127 711 298 752 easdem
332 726 456 753 voces
501 726 669 765 semper
712 712 832 752 initio
877 712 1002 752 metri
1035 710 1266 752 collocatas
1298 726 1530 765 numquam
1562 713 1635 754 ad-

126 779 246 821 hibet
275 781 356 820 nisi
388 783 436 820 ut
465 780 668 821 incohent
699 780 937 821 orationem
968 793 1249 832 personarum
1287 784 1547 831 sanctarum,
1590 785 1636 822 ut

126 852 229 901 puta
263 848 324 889 sic
367 846 455 889 ‘olli
494 850 677 889 Clzre'slzis
708 846 786 889 ait⁷
822 848 887 889 vel
930 847 1018 889 ‘olli
1047 852 1253 897 confidens
1285 853 1506 899 respondet
1537 854 1635 891 trilici

126 914 311 957 Petrus’.
361 916 556 956 similiter
577 916 819 969 Drepanius
842 917 1027 970 epistula
1049 916 1103 957 ad
1126 916 1373 958 Moduinum
1397 917 1448 958 de
1466 918 1634 959 Christo

117 983 238 1035 ‘quas
270 988 336 1025 olli
369 989 558 1025 eruimus
581 988 700 1025 (urba
722 999 877 1025 canora
907 982 1055 1026 dedil'.
1095 1011 1132 1014 μ
1172 984 1355 1038 denique
1382 981 1496 1036 'ipsus
1528 987 1636 1027 dixit

125 1056 298 1093 secutus
331 1053 652 1106 antiquissimos
697 1057 739 1094 et
783 1053 825 1093 in
868 1053 1096 1106 proverbio
1137 1053 1235 1093 olim
1273 1054 1375 1095 trito
1410 1055 1632 1096 Ausonius.

123 1135 221 1162 nam
253 1121 296 1161 in
326 1120 594 1174 praefatione
627 1121 766 1162 altera
800 1121 994 1162 Bissulae
1029 1123 1081 1176 [v.
1115 1122 1158 1176 6]
1190 1122 1252 1163 ita
1284 1123 1368 1163 ait:

673 1213 724 1246 sic
749 1215 854 1246 vetus
880 1213 1033 1246 verbum
1059 1213 1172 1256 iubet,

237 1269 446 1313 compedes,
474 1281 563 1313 quas
586 1270 665 1314 ipse
693 1271 802 1313 (puio
829 1270 943 1314 ipsus)
970 1269 1068 1313 fecit,
1095 1271 1194 1314 ipsus
1220 1273 1260 1305 ut
1285 1273 1407 1314 gestet
1432 1272 1544 1306 saber.

240 1362 329 1403 lam
366 1362 529 1403 Latinis
568 1361 811 1404 nominibus
853 1361 1062 1403 absolutis
1101 1376 1408 1416 persequemur
1451 1364 1630 1410 Graeca,

121 1444 260 1484 pauca
292 1431 411 1484 prius
443 1430 629 1484 praefati
661 1430 713 1471 de
746 1430 966 1471 universis.

235 1499 372 1552 Igitur
395 1513 489 1540 cum
508 1499 784 1540 vetustissimi
807 1503 1031 1540 auctorum
1054 1513 1153 1540 raro
1171 1500 1402 1541 admodum
1425 1501 1630 1542 flexiones

121 1566 459 1620 adsumpsissent
503 1568 754 1621 peregrinas
801 1567 871 1622 [cf.
903 1568 973 1608 vit.
1013 1568 1138 1608 Ennii
1181 1571 1259 1609 195
1291 1569 1424 1623 sqq.]‚
1471 1570 1542 1622 qui
1589 1574 1631 1611 et

121 1649 248 1688 saepe
291 1635 405 1676 soliti
446 1635 777 1677 declinationem
817 1636 1029 1677 Graecam
1070 1650 1147 1689 per
1191 1637 1521 1691 metaplasmum
1566 1639 1629 1679 ori

119 1703 329 1756 adaptare
359 1703 531 1754 Latino,
574 1704 674 1746 inde
712 1704 766 1745 ab
800 1704 917 1745 Accii
950 1708 991 1745 et
1022 1705 1174 1746 Lucilii
1210 1709 1428 1759 tempore,
1470 1706 1627 1759 partim

119 1776 255 1812 metro
301 1775 348 1813 ut
393 1772 562 1814 facilius
608 1772 856 1823 satisfieret,
908 1773 1066 1826 partim
1116 1772 1324 1814 iactantia
1375 1774 1626 1825 studiorum,

117 1839 240 1881 valde
270 1840 577 1882 increbuerunt
607 1841 931 1882 terminationes
965 1841 1170 1882 Graecae.
1217 1844 1259 1882 et
1290 1841 1342 1882 de
1375 1842 1502 1883 Accio
1535 1844 1626 1895 qui-

118 1908 212 1949 dem
254 1909 315 1949 sic
355 1912 542 1950 testatur
574 1909 710 1950 Varro
747 1909 859 1950 libro
902 1909 953 1950 de
985 1909 1009 1949 l.
1043 1909 1086 1949 L.
1120 1910 1157 1950 X
1191 1910 1303 1964 [70]:
1349 1914 1494 1951 Accius
1526 1915 1628 1952 llaec

118 1980 158 2018 in
190 1981 414 2028 irayoediis
446 1981 603 2029 largsius
646 1992 670 2018 ci
704 1981 851 2028 prisea
892 1981 1184 2019 consuetudine
1220 1992 1378 2020 movere
1419 1983 1549 2029 coepi(
1589 1986 1628 2020 et

117 2049 174 2086 ad
209 2050 370 2096 formas
417 2048 597 2087 Graecas
639 2049 851 2087 verborum
891 2050 1021 2098 massis
1061 2060 1284 2096 rei>ocare;
1329 2061 1354 2088 a
1398 2062 1474 2098 quo
1517 2051 1625 2089 Μίε-

116 2117 204 2154 rius
236 2117 316 2155 ait:

368 2171 502 2204 Accius
528 2170 716 2205 Hectorem
745 2171 841 2204 'nolet
866 2171 995 2214 faeere,
1023 2171 1184 2204 Hectora
1210 2171 1327 2205 malet.

115 2264 166 2290 ac
196 2249 247 2290 de
281 2250 473 2291 Varrone
504 2251 597 2304 ipso
628 2251 790 2292 Plinius
823 2251 938 2305 apud
970 2251 1211 2293 Charisium
1241 2252 1265 2292 l.
1298 2252 1317 2292 I
1350 2252 1464 2306 [38]:
1507 2267 1625 2303 quem

113 2321 286 2359 maxime
317 2322 450 2360 vicina
477 2322 632 2361 Graeco
660 2322 820 2361 Graeca
848 2323 958 2369 (licit,
990 2323 1049 2360 uti
1079 2334 1129 2360 ne
1172 2318 1427 2361 ‘schematis'
1466 2325 1624 2371 quidem

115 2390 237 2435 (licat,
269 2391 344 2428 sed
385 2385 670 2429 ‘scliemasin'.
724 2387 775 2428 de
808 2387 1132 2441 insequentibus
1165 2392 1309 2429 autem
1334 2389 1622 2439 Quintilianus

114 2455 175 2508 [1,
209 2459 244 2505 ὃ,
275 2455 376 2509 63];
424 2469 531 2496 nunc
578 2460 827 2497 recentiores
874 2460 1137 2497 inslilzieriml
1185 2459 1355 2498 Graecis
1399 2460 1623 2498 nominibus

119 2526 299 2564 Graecas
347 2527 637 2564 declinationes
675 2528 814 2575 potius
864 2529 985 2574 clare,
1035 2529 1144 2576 quod
1190 2532 1321 2566 {anien
1368 2529 1497 2576 ipsum
1543 2540 1621 2566 non

112 2605 270 2641 semper
296 2595 391 2641 lieri
413 2598 561 2642 polest.

227 2659 378 2712 Itaque
411 2659 525 2712 apud
548 2659 729 2700 Ennium
758 2660 827 2701 vix
857 2660 1132 2702 inveniuntur
1155 2662 1319 2703 Graece
1351 2661 1509 2703 inflexa
1540 2662 1621 2703 nisi

112 2727 220 2768 haec
250 2727 366 2781 [ann.
398 2731 500 2779 2753
537 2731 636 2779 1813
666 2732 767 2780 5673
804 2733 904 2781 1503
937 2729 1034 2785 472]
1066 2734 1268 2771 Aeacidas
1300 2729 1390 2783 (ubi
1412 2729 1620 2771 traditum

113 2796 331 2848 Aeacida),
370 2799 568 2844 Aeacida,
608 2804 755 2847 (moesi,
797 2811 916 2846 (zera,
961 2801 1143 2838 aellzera.
1206 2801 1248 2838 et
1290 2812 1410 2846 aera,
1451 2802 1620 2839 aethera

113 2863 242 2903 etiam
288 2863 331 2903 in
370 2877 500 2916 prosa
547 2864 631 2904 dici
678 2864 849 2905 solitum
896 2868 1054 2906 norunt
1099 2879 1255 2906 omnes.
1324 2865 1437 2906 idem
1475 2869 1620 2907 tamen

113 2930 215 2971 alibi
256 2930 349 2987 [sat.
382 2930 451 2987 42]
495 2945 647 2980 aerem,
687 2932 797 2973 sicut
839 2937 882 2973 et
922 2933 1121 2974 Sidonius
1164 2933 1355 2988 [epithal.
1388 2933 1544 2974 Polem.
1577 2938 1620 2974 et
