1898 3292
750 253 869 278 LIBER
887 252 1061 278 TERTIVS,
1572 242 1619 283 21
1632 246 1647 283 1

148 353 365 395 affirmant
395 357 482 395 tum
518 354 686 395 demum
719 354 1011 408 quaerendum
1043 356 1096 396 de
1128 368 1309 396 caesura
1340 355 1580 406 trochaica,
1618 356 1653 396 si

146 436 286 476 neque
331 426 429 476 post
476 423 651 464 tertiam
696 436 776 463 nec
820 427 918 476 post
963 426 1163 476 quartam
1210 423 1325 463 arsin
1365 423 1421 464 sit
1459 423 1653 475 incisum,

147 505 403 544 quaeremus
437 491 592 544 potiUS,
625 491 697 544 qui
719 491 775 532 sit
796 491 956 532 factum
980 491 1098 541 illud,
1131 495 1179 532 ut
1201 494 1244 532 et
1266 491 1460 544 exemplo
1482 495 1654 532 uteren-

146 563 217 600 tur
265 563 355 600 tam
400 560 646 612 importuno
692 560 855 612 pariter
900 559 963 600 illi
1009 573 1155 600 omnes
1202 563 1245 600 et
1286 559 1432 613 peiore
1479 560 1654 612 quidam

145 627 395 668 laberentur
437 641 594 669 errore.
657 627 821 668 scilicet
861 627 905 668 id
949 628 1089 669 evenit
1131 641 1262 669 causa
1295 628 1406 669 mira
1437 642 1487 668 ac
1517 641 1654 681 paene

145 695 339 736 ridicula.
392 709 488 736 nam
512 696 654 737 Latini
686 696 864 746 metrici,
897 710 1077 749 quorum
1111 696 1166 737 ad
1187 710 1264 737 nos
1285 709 1520 750 pervenere
1542 696 1654 746 libri,

146 766 280 806 secuti
313 778 577 805 communem
610 764 771 805 fontem
803 764 955 815 solent,
996 778 1227 818 puerorum
1272 768 1321 805 ut
1360 764 1655 805 commoditati

147 833 416 884 consulatur,
460 833 657 886 exempla
698 846 749 873 ex
787 833 939 886 primis
979 833 1251 886 potissimum
1294 833 1531 873 carminum
1562 846 1654 873 ver-

145 902 262 943 sibus
294 915 472 942 sumere.
527 902 659 954 igitur
690 915 785 942 cum
818 914 920 942 casu
943 901 1128 954 quodam
1152 902 1373 951 evenisset,
1406 905 1454 941 ut
1475 901 1517 941 in
1539 901 1654 954 prin—

147 970 257 1024 cipio
294 970 395 1011 libri
425 970 466 1010 II
497 969 710 1011 Aeneidos
750 969 915 1023 primus
944 983 1092 1011 versus
1134 958 1504 1023 penthemimeris,
1545 968 1655 1009 alter

144 1039 526 1092 hephthemimeris
556 1038 788 1091 praeberet
820 1038 1083 1091 exemplum:

420 1119 636 1152 continuere
663 1130 788 1153 omnes
813 1119 1020 1162 intentique
1047 1130 1110 1152 ora
1134 1118 1322 1152 tenebant.

418 1175 503 1210 inde
528 1178 611 1209 toro
637 1179 743 1219 pater
766 1176 914 1210 Aeneas
940 1176 991 1209 sic
1019 1187 1121 1209 orsus
1148 1176 1192 1209 ab
1219 1175 1304 1217 alto,

144 1244 308 1286 nullum
340 1247 483 1285 autem
515 1245 597 1285 nisi
628 1259 663 1285 v.
696 1247 777 1286 483
810 1245 853 1285 in
883 1244 1013 1295 libro,
1055 1244 1126 1296 qui
1168 1243 1323 1284 bellico
1364 1242 1554 1296 repletus
1592 1245 1656 1282 est

146 1314 312 1368 spiritu,
346 1316 515 1354 extaret
545 1312 786 1366 exemplum
818 1313 974 1353 tertiae
1004 1311 1254 1352 trochaicae
1289 1313 1405 1364 (nam
1436 1310 1550 1360 loco,
1582 1310 1655 1362 qui

145 1382 364 1436 proximus
396 1381 590 1434 sequitur
620 1381 878 1434 principium
911 1381 965 1435 [v.
989 1384 1013 1421 8
1037 1380 1135 1434 sq.],
1180 1378 1237 1420 ‘ee
1267 1383 1345 1420 iam
1376 1392 1458 1419 uox
1491 1382 1654 1419 humida

146 1455 257 1492 caelo
283 1453 536 1501 praecipitat
555 1454 811 1500 suadentque
838 1452 1029 1490 cadentia
1057 1452 1198 1489 Sidera
1227 1445 1426 1499 somnos',
1458 1460 1520 1497 ea,
1545 1460 1654 1499 quae

146 1523 244 1560 sunt
274 1515 373 1572 post
409 1522 683 1569 praecipitat:
715 1533 746 1559 s.
771 1532 804 1559 c.
827 1533 859 1558 s.
883 1533 930 1566 3.,
963 1516 1161 1567 delenda,
1194 1520 1242 1557 ut
1275 1530 1326 1557 ex
1356 1515 1426 1565 IV,
1459 1519 1508 1556 81
1545 1515 1655 1556 male

144 1587 287 1638 illata,
319 1587 535 1641 persuasit
561 1586 685 1628 nobis
714 1586 743 1626 I.
777 1585 1060 1639 Scheborus),
1100 1586 1186 1626 iam
1218 1584 1440 1638 arripuere
1470 1583 1532 1624 illi
1562 1597 1654 1624 ver-

146 1671 238 1697 sum
284 1656 461 1697 tertium
503 1655 621 1706 libri,
668 1669 794 1708 quem
842 1654 947 1705 dixi,
993 1654 1048 1695 ad
1095 1653 1474 1694 demonstrandam
1515 1650 1656 1707 τομὴν

145 1723 255 1768 κατὰ
285 1727 438 1779 τρίτον
467 1730 696 1779 τροχαῖον,
734 1724 844 1764 sicut
885 1723 998 1763 idem
1031 1722 1143 1763 inter
1175 1721 1372 1775 exempla
1402 1721 1583 1762 metrica
1614 1724 1656 1761 et

145 1793 272 1834 huius
304 1796 346 1834 et
377 1792 558 1833 aliorum
590 1791 798 1833 librorum
830 1791 964 1832 initiis
996 1790 1099 1832 alibi
1121 1804 1250 1844 saepe
1273 1794 1372 1831 sunt
1394 1790 1471 1830 usi.
1516 1802 1655 1842 neque

147 1861 348 1915 culpandi
371 1861 420 1912 ei,
456 1860 529 1914 qui
550 1860 710 1901 diserte
742 1859 1003 1901 addiderunt
1034 1874 1118 1900 non
1151 1858 1445 1912 quaerendum
1477 1857 1529 1898 de
1561 1870 1655 1898 cae-

147 1943 248 1971 sura
293 1929 534 1980 trochaica,
573 1929 655 1970 nisi
694 1928 767 1969 ubi
805 1942 890 1969 non
929 1932 1041 1969 esset
1078 1928 1267 1981 legitime
1295 1931 1394 1981 post
1424 1927 1539 1967 arsin
1571 1929 1655 1966 ter-

145 1998 250 2039 tiam
292 1997 359 2039 vel
401 2001 601 2051 quartam
636 1997 852 2046 instituta,
895 1996 969 2037 sed
1009 1998 1302 2050 insequenteS,
1346 1995 1419 2048 qui
1459 1997 1655 2048 apertam

145 2066 371 2108 veritatem
393 2066 561 2107 incuria
589 2068 631 2107 et
659 2065 817 2106 inertia
849 2065 1151 2119 depravarunt.
1204 2065 1333 2105 etiam
1356 2063 1513 2104 clarius
1534 2062 1655 2103 testi-

145 2134 334 2176 monium
363 2133 499 2176 habes
530 2135 573 2175 in
611 2134 942 2188 apospasmatiis
982 2137 1208 2174 auctorum
1249 2133 1312 2173 rei
1353 2131 1558 2173 metricae
1600 2130 1654 2171 ab

145 2203 414 2256 Heusingero
443 2203 630 2257 primum
661 2202 800 2243 editis.
859 2216 1044 2256 namque
1074 2201 1136 2243 ibi
1167 2205 1397 2255 postquam
1428 2203 1528 2241 sunt
1556 2213 1656 2241 enu-

145 2275 337 2312 meratae
373 2272 602 2312 incisiones
635 2284 782 2312 versus
824 2270 985 2312 heroici
1026 2269 1408 2324 penthemimeres,
1447 2267 1656 2322 hephthe-

146 2340 355 2390 mimeres,
384 2340 608 2381 trochaica
638 2339 781 2390 tertia,
812 2339 1021 2390 bucolica,
1054 2338 1326 2379 subiciuntur
1347 2337 1453 2378 talia
1483 2337 1563 2391 [gr.
1581 2336 1653 2376 lat.

146 2408 220 2458 VI,
252 2407 352 2462 645]
397 2406 469 2448 ‘ex
511 2411 574 2448 his
621 2414 813 2458 quattuor
855 2410 1039 2448 caesuris
1081 2411 1186 2447 duae
1223 2409 1388 2456 primae
1430 2409 1487 2446 ad
1531 2409 1656 2456 leyem

146 2479 474 2518 scandendorum
504 2490 691 2516 versuum
722 2482 817 2516 sunt
848 2479 1027 2524 dicatae,
1059 2482 1221 2516 ceterae
1252 2487 1346 2514 vero
1379 2477 1485 2514 duae
1522 2480 1656 2523 poste-

146 2558 285 2585 rorum
317 2547 590 2585 technicorum
622 2547 774 2585 iude'cio
809 2550 904 2584 sant
941 2539 1150 2584 omissae'.
1213 2541 1316 2595 quid
1357 2541 1549 2595 apertius
1590 2540 1656 2581 his

148 2616 190 2653 et
222 2612 489 2666 simplicius?
539 2625 800 2665 quamquam
833 2611 941 2652 illud
962 2617 1223 2662 posterorum
1252 2623 1336 2651 non
1357 2613 1474 2651 recte
1496 2608 1657 2650 habere

146 2680 274 2722 facile
306 2684 500 2734 apparet.
562 2684 604 2721 et
634 2681 773 2721 minus
805 2680 976 2733 quidem
1010 2679 1179 2720 videtur
1210 2678 1435 2732 probabile
1467 2677 1656 2718 scriben-

147 2748 248 2790 dum
280 2763 372 2790 esse
418 2746 648 2800 ‘poetarum
681 2756 718 2789 et
749 2744 1046 2789 technicorum'
1094 2760 1224 2800 quam
1268 2745 1517 2787 ‘nostrorum
1551 2749 1657 2786 tecle-

147 2815 367 2859 nicorum’.
429 2832 528 2859 nam
571 2818 787 2871 pertinere
829 2817 1023 2870 regulam
1065 2817 1193 2857 istam
1231 2815 1286 2857 ad
1334 2815 1447 2856 solos
1480 2814 1657 2856 Latinos

147 2886 217 2926 vix
249 2890 314 2927 est
345 2886 460 2939 quod
492 2886 643 2927 dicam„
705 2899 835 2939 porro
868 2885 1191 2939 apospasmatia
1233 2884 1318 2924 ista
1349 2887 1391 2924 et
1425 2882 1528 2924 alibi
1559 2897 1657 2936 pro*

147 2954 229 2995 bae
261 2955 551 3008 antiquaeque
584 2954 836 2995 eruditionis
868 2953 1065 3006 exempla
1097 2953 1328 2993 continent.

1315 3018 1381 3053 14*
