1898 3292
210 216 232 253 2
240 218 262 254 6
823 222 1099 247 PROHOEMIVM.

209 330 392 381 apparet
432 326 640 367 contineri
680 326 835 366 lacuna
871 324 946 365 illa
987 339 1133 364 versus
1172 323 1359 372 CLXXI,
1399 322 1481 363 hoc
1522 326 1586 363 est
1625 323 1708 363 tria

187 395 311 448 ,folia
340 394 440 436 libri
471 393 673 444 Parisini,
717 406 898 446 quorum
941 396 1091 433 ternae
1132 395 1277 445 partes
1321 391 1515 432 versibus
1554 391 1712 431 vicenis

209 463 350 514 nonis,
390 461 568 504 totidem
611 464 859 502 constarent
898 460 1055 501 vicenis
1097 459 1272 501 octonis
1343 458 1447 500 illud
1491 459 1602 500 enim
1644 459 1714 499 vix

209 532 337 574 credo
368 532 480 572 inter
512 529 777 584 epigramma
799 530 1003 570 Amorum
1030 528 1194 569 initiale
1217 532 1260 569 et
1282 541 1454 568 carmen
1476 527 1714 581 principale

209 601 334 642 unius
364 599 611 641 interfuisse
642 612 789 639 versus
822 597 1020 651 spatium,
1052 610 1136 650 quo
1169 595 1273 637 alibi
1304 596 1562 637 dirimuntur
1594 595 1714 648 elegi,

209 684 304 711 cum
336 669 377 710 in
409 669 540 722 Regio
571 666 683 708 libro
706 666 796 708 sine
818 665 1044 706 intervallo
1068 664 1310 706 continuari
1334 664 1541 718 opuscula
1562 667 1714 704 auctor

208 738 264 779 sit
286 737 497 779 Heinsius.
528 736 603 778 sed
626 734 740 789 quod
762 734 866 775 dicit
887 733 1118 775 Merkelius
1140 733 1392 787 plerumque
1416 732 1592 785 singulis
1616 746 1715 785 par-

208 806 323 848 tibus
355 805 611 859 paginarum
643 803 802 845 codicis
835 802 1042 843 Puteanei
1068 802 1207 843 inesse
1230 815 1377 842 versus
1400 800 1714 851 undetricenos,

207 875 288 916 nisi
320 874 427 915 illud
448 878 693 925 plerumque
723 871 866 925 posuit
887 871 1026 911 Taciti
1048 883 1165 910 more
1195 869 1260 910 vel
1287 872 1438 910 -nostro
1469 883 1547 923 pro
1578 882 1715 919 saepe,

208 958 291 984 non
322 946 465 996 potest
497 955 588 982 esse
617 954 775 981 verum.
837 939 968 981 veluti
1009 938 1157 980 folium
1200 937 1306 979 illud
1348 937 1463 990 quod
1500 937 1659 978 excidit
1694 951 1715 978 e

210 1011 361 1053 mediis
401 1010 569 1064 paginis
611 1012 734 1050 sexta
774 1012 817 1049 et
859 1008 1041 1061 septima
1071 1007 1225 1048 habuit
1257 1020 1405 1047 versus
1437 1006 1531 1047 LVI
1561 1007 1644 1061 [ep.
1678 1010 1715 1056 4,

209 1079 448 1134 48-103L
480 1091 563 1119 non
596 1077 743 1128 LVIII,
772 1075 964 1117 habuere
997 1075 1093 1126 duo,
1124 1089 1247 1128 quae,
1279 1089 1375 1115 cum
1407 1075 1573 1128 integer
1604 1079 1716 1115 esset

210 1148 363 1199 codeX,
407 1147 490 1188 sita
534 1149 658 1187 erant
700 1145 812 1186 inter
842 1144 1023 1198 paginas
1054 1157 1209 1184 nonam
1244 1146 1285 1184 et
1313 1143 1541 1194 decimam,
1584 1143 1716 1184 CXIV

210 1218 293 1271 [ep.
328 1220 365 1266 5,
398 1218 549 1265 97-6,
579 1214 670 1269 49],
710 1216 757 1254 ut
795 1212 907 1254 binis
938 1212 990 1253 de
1022 1215 1228 1265 quattuor
1258 1211 1448 1264 paginis,
1491 1225 1598 1264 quas
1641 1225 1716 1252 nos

210 1298 429 1335 vocamus,
467 1296 615 1324 versus
646 1281 806 1333 XXIX,
845 1280 1017 1321 relicuis
1052 1280 1235 1321 XXVIII
1273 1279 1462 1321 adfuisse
1495 1283 1716 1333 appareat.

211 1367 340 1407 porro
372 1351 485 1394 foliis
508 1366 581 1393 sex
602 1349 913 1405 principalibus
937 1362 1031 1390 cum
1055 1352 1296 1401 aequentur
1318 1362 1465 1389 versus
1488 1348 1717 1399 CCCXLII,

211 1421 391 1471 sexiens,
422 1434 506 1461 non
540 1419 723 1473 saepius,
757 1417 982 1459 dimidiata
1012 1417 1171 1471 pagina
1194 1417 1402 1458 contineri
1423 1419 1603 1471 potuere
1626 1431 1717 1458 ver-

212 1504 284 1531 sus
315 1489 411 1543 plus
443 1488 638 1530 XXVIII.

325 1558 415 1598 Iam
447 1570 650 1598 numerus
681 1554 881 1596 foliorum
915 1553 1073 1595 codicis
1116 1553 1339 1608 archetypi
1370 1556 1556 1607 quantus
1588 1553 1719 1594 fuerit

212 1626 306 1667 aliis
329 1624 616 1667 enarrandum
640 1624 942 1676 relinquemus,
971 1622 1076 1663 illud
1098 1622 1314 1664 monuisse
1336 1622 1525 1664 contenti
1543 1622 1718 1663 summis

212 1695 382 1736 omnino
411 1693 580 1748 paginis
612 1692 781 1746 singula
808 1692 940 1733 fuisse
963 1705 1095 1745 opera
1117 1690 1328 1732 incohata.
1378 1690 1453 1731 sed
1474 1691 1517 1731 in
1541 1690 1718 1744 singulis

212 1766 317 1817 quot
359 1763 519 1804 fuerint
557 1776 705 1803 versus
745 1760 862 1802 haud
903 1759 1134 1800 difficulter
1169 1759 1330 1813 poterit
1360 1760 1526 1813 exponi.
1587 1759 1718 1812 igitur

212 1846 307 1873 cum
350 1831 481 1872 semel
521 1831 563 1871 in
604 1830 858 1871 membrana
902 1828 1037 1881 Regia
1077 1828 1327 1869 aberratum
1369 1827 1424 1868 sit
1464 1842 1489 1869 a
1528 1828 1718 1881 legitimo

212 1899 361 1941 ordine
401 1899 594 1941 versibus
637 1899 690 1940 LI
733 1899 854 1953 [rem.
896 1897 1139 1951 750-801]
1180 1921 1234 1925 —
1281 1909 1364 1949 quo
1409 1900 1588 1949 peccato
1634 1896 1718 1936 iam

212 1968 444 2009 Merkelius
476 1967 689 2009 intellexit
720 1981 797 2008 nos
824 1966 887 2007 uti
916 1979 1042 2020 posse
1065 1964 1120 2005 ad
1149 1965 1404 2018 paginarum
1426 1964 1597 2005 modum
1619 1963 1719 2005 libri

212 2036 435 2090 archetypi
467 2035 805 2089 dignoscendum
837 2060 904 2085 —,
937 2032 1314 2088 comprobabimus
1349 2033 1539 2075 evenisse
1571 2032 1719 2073 vitium

211 2104 318 2145 illud
349 2104 587 2158 praeterito
623 2118 707 2145 uno
740 2103 860 2153 folio,
903 2102 1023 2143 cuins
1065 2105 1211 2155 partes
1250 2101 1419 2142 vicenos
1460 2101 1612 2154 quinos
1655 2100 1721 2142 vel

214 2187 353 2214 senos·
371 2173 638 2214 continerent
669 2186 829 2213 versus.
882 2172 1003 2212 cuius
1025 2171 1087 2211 rei
1113 2169 1371 2211 documenta
1391 2168 1599 2210 habemus
1623 2169 1719 2219 duo,

214 2241 288 2282 sed
333 2244 463 2282 certa.
522 2241 707 2295 primum
752 2240 863 2282 enim
906 2253 958 2281 ex
995 2238 1106 2280 libro
1139 2237 1255 2279 Artis
1286 2237 1473 2279 secundo
1505 2237 1720 2279 distichon

212 2309 339 2351 illud:

488 2377 556 2411 hos
582 2376 723 2421 aliquis,
748 2376 906 2410 tremula
931 2375 1019 2409 dum
1045 2377 1169 2419 captat
1194 2374 1370 2409 arundine
1395 2374 1526 2418 pisces,

625 2433 718 2468 vidit
743 2436 780 2467 ct
804 2433 994 2477 inceptum
1020 2432 1151 2466 dextra
1177 2432 1324 2476 reliquit
1349 2443 1452 2476 opus,

216 2529 312 2556 cum
343 2514 387 2555 in
418 2514 563 2555 codice
596 2513 729 2566 Regio
761 2527 845 2554 non
875 2516 974 2566 post
1002 2526 1171 2553 versum
1194 2511 1382 2563 LXXVI,
1417 2525 1500 2564 quo
1522 2510 1720 2564 pertinet,

216 2583 290 2624 sed
321 2586 420 2636 post
450 2582 544 2623 CIII
572 2581 827 2632 inveniatur,
861 2585 904 2622 et
934 2580 1107 2634 quidem
1138 2581 1306 2622 inverso
1339 2579 1487 2621 ordine
1510 2593 1721 2629 versuum,

217 2651 331 2705 quod
383 2665 408 2692 a
454 2650 624 2691 Nasone
676 2648 1012 2690 abiudicandum
1064 2648 1325 2690 existimavit
1375 2647 1629 2697 Merkelius,
1678 2646 1722 2687 id

215 2723 332 2760 recte
376 2718 537 2760 factum
581 2732 672 2760 esse
707 2717 810 2758 mihi
841 2731 1075 2770 numquam
1107 2716 1451 2770 persuadebitur.
1513 2728 1591 2755 nec
1621 2728 1721 2755 vero

215 2787 350 2840 ipsius
391 2785 550 2827 codicis
595 2786 840 2827 testimonio
879 2784 994 2838 quod
1035 2785 1170 2826 voluit
1207 2785 1270 2825 vir
1302 2784 1496 2837 egregius
1528 2796 1722 2836 compro-

216 2854 357 2897 batur.
418 2854 460 2894 di
503 2854 653 2895 melius
686 2867 815 2906 quam
847 2857 895 2894 ut
924 2853 1020 2894 ideo
1054 2853 1332 2894 sollicitemus
1367 2851 1500 2893 verba
1531 2854 1722 2891 veterum

218 2925 456 2973 auctorum,
490 2922 605 2975 quod
638 2935 783 2962 errore
815 2921 983 2963 scribae
1016 2922 1158 2963 nescio
1192 2922 1312 2962 cuius
1340 2934 1460 2961 suam
1483 2919 1721 2972 migravere
