1898 3292
248 181 327 218 346
836 186 955 211 LIBER
976 185 1164 217 QVARTVS.

247 305 389 341 apere,
433 291 620 344 partium
662 290 702 329 in
748 304 875 330 unum
916 289 1163 341 iugatarum
1197 287 1389 340 exempla
1423 287 1548 328 firma
1580 302 1660 327 non
1694 287 1754 326 in-

246 359 399 410 veniri,
443 363 487 400 at
524 359 763 400 certissima
796 361 1108 411 separatarum.
1170 357 1248 399 ita,
1284 356 1575 397 scaenicorum
1610 370 1756 396 versus

248 433 294 469 ut
325 428 504 477 mittam,
538 427 671 468 habes
703 426 817 480 apud
842 425 1025 467 Gellium
1061 425 1151 479 [XL
1175 429 1211 475 9,
1240 425 1279 479 1]
1322 423 1497 475 ‘leqalos
1520 448 1571 454 ——‡
1598 427 1756 464 venisse

246 510 472 547 nmynoqzce
504 510 628 546 opere
659 492 839 536 orasse’.
903 508 1036 547 quare
1069 493 1183 546 quod
1216 492 1346 533 semel
1378 492 1496 533 bisve
1528 493 1569 533 in
1601 493 1755 533 codici-

247 565 327 606 bus
351 565 562 605 omittitur
586 563 724 604 altera
756 578 790 611 0,
823 575 968 604 errore
998 562 1042 602 id
1064 562 1267 602 facillimo
1290 560 1476 614 quidem,
1509 561 1583 601 sed
1607 560 1756 601 eodem

248 633 479 674 deterrimo
512 632 680 673 accidit.

365 702 496 742 Porro
529 703 635 742 scite
669 699 891 754 perspexit
912 698 1164 745 Froehdius,
1196 712 1305 751 quae
1337 698 1535 739 iambicis
1567 698 1608 738 111
1630 698 1759 751 longa

249 770 456 812 elidendis
491 783 669 811 evenere
701 768 838 821 leges,
883 767 1055 808 easdem
1100 766 1415 820 quadamtenus
1458 766 1674 820 pertinere
1704 767 1758 807 ad

249 839 484 893 spondiaca
527 838 592 879 vel
634 837 923 891 anapaestica.
996 836 1159 876 scilieet
1197 835 1536 889 perfectissimus
1579 835 1758 888 quisque

248 912 473 962 poetarum
508 909 734 956 caverunt,
784 920 836 946 ne
873 906 959 946 ista
1000 904 1043 944 in
1080 904 1165 945 arsi
1208 919 1303 945 cum
1346 907 1475 945 acuta
1507 904 1761 957 copularent

249 976 415 1031 syllaba
446 975 637 1029 exceptis
668 978 812 1015 tamen
835 973 1067 1027 aliquando
1097 970 1321 1026 particulis
1344 973 1439 1026 plus
1463 987 1590 1025 quam
1615 986 1759 1013 mono-

250 1045 425 1100 syllabis
457 1043 765 1085 infiexibilibus
806 1046 848 1084 et
889 1043 1013 1095 siqua
1046 1041 1257 1083 accedunt
1289 1041 1344 1081 ad
1377 1041 1527 1082 horum
1560 1040 1759 1093 frequen-

249 1115 365 1155 tiam.
433 1113 587 1154 deinde
629 1112 773 1153 variae
813 1126 961 1152 versus
1002 1110 1164 1151 heroici
1214 1114 1361 1163 partes
1406 1110 1617 1150 diversam
1666 1123 1759 1150 cum

251 1183 463 1224 haberent
494 1181 754 1231 libertatem,
786 1181 958 1234 saepius
987 1180 1028 1220 in
1062 1179 1256 1232 quintam
1279 1178 1395 1219 arsin
1418 1192 1545 1231 quam
1569 1178 1611 1218 in
1634 1191 1760 1230 quar-

250 1255 336 1292 tam
370 1255 446 1292 aut
477 1250 708 1292 secundam
741 1262 941 1302 recepere
974 1248 1192 1290 elisionem
1225 1246 1343 1288 verbi
1377 1246 1609 1300 spondiaci.
1662 1261 1760 1286 raro

251 1320 481 1361 admodum
514 1319 646 1360 tertia
677 1318 814 1359 eidem
846 1318 1004 1371 patuit,
1037 1316 1239 1370 quoniam
1272 1315 1667 1369 semiseptenariam
1699 1315 1759 1354 in—

251 1389 453 1430 cisionem
493 1388 616 1429 finita
656 1388 699 1428 in
741 1386 868 1428 tertio
910 1385 1115 1427 trochaeo
1150 1399 1252 1426 voce
1294 1385 1581 1437 interruptam
1625 1383 1761 1437 quali-

251 1472 432 1511 cumque
463 1457 726 1510 inelegantia
758 1455 921 1496 destrui
952 1454 1084 1496 nefas.

365 1527 503 1580 Igitur
541 1525 711 1567 omnino
753 1523 1057 1565 abstinuerunt
1097 1522 1341 1576 spondiacis
1381 1522 1423 1562 in
1462 1520 1592 1573 longa
1635 1524 1763 1561 acuta

252 1595 459 1637 elidendis
477 1594 671 1636 Tibullus
694 1607 789 1634 cum
812 1592 1013 1646 Sulpicia,
1037 1591 1212 1633 Ovidius
1235 1594 1358 1632 extra
1381 1589 1762 1643 Metamorphoses,

252 1668 403 1706 auctor
435 1664 578 1713 Nucis,
612 1662 880 1715 Calpurnius,
911 1660 1114 1702 laudator
1136 1660 1313 1710 Pisonis,
1346 1658 1645 1708 Merobaudes,
1679 1657 1760 1698 Ne-

251 1734 479 1783 mesianus,
513 1731 745 1781 Palladius,
777 1730 1044 1780 Tiberianus,
1068 1728 1287 1778 Boethius,
1308 1728 1506 1778 Avianus,
1531 1727 1760 1780 Eugenius,

252 1802 485 1856 scriptores
519 1800 728 1855 pervigilii
754 1799 929 1841 Veneris
962 1801 1004 1839 et
1035 1798 1270 1850 elegiarum
1303 1797 1354 1837 de
1386 1796 1648 1838 Maecenate.
1702 1798 1762 1836 et-

253 1871 363 1912 enim
397 1884 508 1925 quae
540 1869 656 1923 apud
688 1868 885 1910 Ovidium
918 1867 1115 1908 feruntur
1148 1867 1245 1921 [am.
1278 1866 1329 1916 II,
1367 1870 1429 1915 19,
1466 1865 1556 1919 19];

459 1966 497 1996 tu
524 1973 680 2006 quoque,
710 1972 801 2004 quae
828 1963 974 1993 nostros
1000 1958 1153 2003 rapuisti
1180 1968 1297 2001 nuper
1324 1957 1470 1999 ocellos,

458 2031 567 2063 saepe
594 2019 681 2053 time
706 2017 866 2060 insidias,
893 2028 1002 2060 saepe
1032 2019 1161 2061 rogata
1191 2026 1295 2059 nega,

459 2080 496 2110 et
520 2077 598 2110 sine
627 2087 685 2109 me
713 2077 797 2108 ante
825 2078 908 2108 tuos
936 2074 1143 2117 proiectum
1170 2073 1206 2106 in
1231 2072 1354 2106 limine
1382 2074 1507 2116 postes

458 2134 568 2178 longa
597 2134 773 2177 pruinosa
798 2132 936 2176 frigora
962 2134 1070 2164 nocte
1097 2130 1185 2175 pati,

253 2229 303 2255 ea
343 2229 469 2255 sensu
514 2214 678 2267 pariter
718 2215 942 2264 metroque
976 2224 1068 2252 esse
1102 2211 1250 2263 inepta
1282 2215 1324 2250 et
1354 2209 1496 2250 aliena
1527 2209 1580 2249 ab
1614 2209 1764 2249 Uvidio

254 2287 302 2323 ut
334 2275 432 2323 olim
461 2282 647 2323 iudicavi
682 2280 845 2336 [philol.
878 2280 950 2330 XI,
985 2280 1070 2333 87],
1101 2279 1163 2320 ita
1194 2292 1306 2319 nunc
1337 2279 1580 2319 asserimus.
1641 2292 1764 2330 prae—

254 2356 375 2392 terea
407 2351 480 2391 alii
512 2351 810 2392 sustinuerunt
842 2348 1040 2401 equidem
1073 2347 1224 2400 longas
1255 2347 1297 2387 in
1333 2346 1419 2387 arsi
1453 2350 1495 2387 et
1527 2349 1656 2386 acuta
1684 2346 1766 2399 syl-

254 2420 357 2461 laba
389 2419 561 2470 elidere,
593 2432 738 2459 verum
772 2417 1002 2458 rarissime.
1054 2416 1116 2456 ita
1146 2415 1277 2457 semel
1308 2415 1415 2456 dixit
1445 2415 1659 2455 Homerus
1686 2413 1765 2459 La-

253 2490 369 2530 tinus
402 2488 520 2543 [826]
566 2486 711 2528 ‘celem'
743 2489 895 2536 excipit
926 2482 1048 2533 ἱππί,
1091 2483 1222 2526 semel
1254 2484 1450 2525 Grattius
1481 2483 1600 2537 [392]
1647 2481 1765 2533 ‘erqo

254 2560 377 2598 insita
416 2553 578 2607 fem-0⁷,
632 2554 763 2596 semel
805 2558 957 2595 auctor
994 2554 1157 2594 Aetnae
1200 2552 1318 2607 [287]
1365 2551 1426 2592 ‘in
1465 2565 1509 2592 se
1553 2554 1766 2592 abstrahat

255 2623 422 2673 ‹tem-(15²,
464 2625 612 2677 itaque
644 2625 802 2664 Arator
841 2622 910 2677 [ΙΙ,
940 2623 1038 2675 221]
1085 2620 1160 2671 ‘silc'
1193 2624 1338 2672 oplime
1371 2623 1506 2661 David
1517 2617 1544 2668 ⁷,
1587 2619 1652 2659 bis
1684 2618 1763 2658 Lu-

255 2708 386 2734 canus
421 2693 511 2748 [HL
548 2696 619 2744 143
653 2692 699 2742 V,
724 2692 828 2745 584]
873 2689 975 2731 ‘vide‘
1006 2694 1096 2740 Ipsa
1128 2686 1352 2737 tenentes’;
1394 2687 1518 2729 ‘caele'
1549 2691 1623 2728 iste
1645 2690 1765 2738 freli-

256 2759 372 2813 que’,
404 2765 471 2803 ter
503 2760 764 2802 Claudianus
798 2760 882 2814 [22,
916 2762 990 2810 313
1025 2762 1090 2808 26,
1126 2762 1198 2809 113
1231 2762 1297 2803 45,
1329 2757 1400 2810 42]
1447 2755 1555 2797 ‘sese
1587 2758 1766 2795 omnibus

256 2827 400 2879 actis’;
443 2829 607 2880 ‘quodsi
638 2833 774 2870 ardua
810 2825 1009 2879 Tiphyn';
1052 2826 1161 2867 ‘sese
1191 2829 1319 2866 utitem·
1350 2822 1494 2873 arcu}
1535 2828 1602 2865 ter
1634 2823 1766 2863 Sedu-

256 2899 338 2945 lius
383 2899 458 2953 [Ha
492 2901 594 2952 2033
626 2897 707 2949 ΙΙΙ,
744 2900 845 2948 1443
878 2896 926 2946 V,
958 2896 1057 2950 377]
1105 2894 1167 2937 ‘tu
1200 2902 1237 2935 le
1269 2897 1443 2942 adseris,
1474 2890 1645 2944 inquit',·
1691 2890 1767 2942 ‘silc'
