1898 3292
227 196 277 234 78
830 203 949 228 LIBER
968 203 1123 228 PRIMVS.

341 308 480 359 Atque
511 306 638 346 huius
670 305 801 347 studii
834 305 1097 359 amplissima
1129 308 1277 346 extant
1308 305 1580 356 documenta,
1621 320 1730 359 quae

224 375 412 429 Vergilio
447 374 753 416 adscribuntur
785 374 1004 428 opuscula,
1035 374 1074 415 h.
1109 387 1143 415 e.
1176 374 1320 425 Culex,
1353 374 1474 425 Ciris,
1505 374 1730 425 Moretum,

223 444 372 495 Dirae,
404 444 537 497 Copa,
564 443 674 484 liber
704 443 814 486 κατὰ
846 442 1023 494 λεπτὸν,
1054 442 1157 484 item
1189 442 1384 496 Priapea.
1448 443 1590 484 omnia
1621 444 1730 484 enim

226 516 269 554 et
300 513 482 554 materia
514 516 557 553 et
588 512 775 553 dictione
807 525 858 553 ac
887 515 1025 553 metro
1058 511 1373 564 apertissimam
1395 526 1499 565 prae
1522 526 1566 553 se
1589 512 1733 553 ferunt

223 581 506 622 imitationem
536 580 692 622 Catulli
724 581 900 634 eiusque
933 580 1178 621 amicorum.
1231 584 1273 621 et
1302 594 1403 633 pars
1435 580 1606 633 quidem
1640 595 1731 622 car-

223 650 382 691 minum
416 650 587 691 illorum
621 653 720 690 ante
742 649 902 690 bellum
925 649 1148 690 Actiacum
1172 649 1430 702 composita,
1463 653 1608 690 cetera
1631 650 1732 702 quin

224 723 322 760 ante
354 719 523 760 Horatii
552 722 732 760 mortem
765 718 851 759 sint
881 718 1043 771 scripta
1075 731 1158 758 non
1192 721 1257 758 est
1287 731 1363 758 cur
1396 717 1627 760 dubitetur.

337 787 485 829 Cultus
517 791 661 828 autem
694 801 744 828 ac
780 786 907 828 limae
940 786 1082 828 studio
1112 789 1267 839 poetae
1298 787 1505 840 temporis
1537 787 1733 840 augustei

223 870 305 897 non
344 856 470 897 modo
513 859 755 909 aequarunt
796 869 941 897 omnes
982 854 1308 909 praecedentes,
1349 855 1424 896 sed
1462 858 1732 909 superarunt.

223 928 373 966 contra
419 924 693 966 multiformis
739 924 813 965 illa
858 923 1164 974 numerositas,
1216 937 1344 976 quam
1393 924 1436 964 in
1480 924 1733 977 aequalibus

221 994 437 1035 Ciceronis
480 994 740 1045 notavimus,
784 1007 867 1034 non
912 992 1075 1046 placuit
1116 991 1361 1033 hominibus
1413 992 1500 1034 sive
1543 993 1731 1034 eiusdem

223 1062 310 1103 sive
331 1063 597 1115 insequentis
629 1062 804 1103 saeculi.
849 1066 895 1103 at
927 1061 1078 1103 eadem
1108 1075 1257 1102 rursus
1290 1060 1470 1102 multum
1503 1061 1732 1115 probatast

223 1131 433 1172 Hadriani
465 1134 507 1172 et
538 1131 855 1184 insequentium
887 1130 1120 1172 Caesarum
1154 1133 1309 1180 aetate,
1343 1143 1438 1171 cum
1472 1130 1610 1171 denuo
1641 1130 1733 1171 imi-

223 1200 331 1240 tatio
368 1199 599 1241 coaluisset
630 1200 891 1254 scriptorum
923 1199 1332 1252 antiquissimorum.

336 1268 431 1309 Duo
475 1272 618 1309 tamen
669 1272 808 1310 metra
859 1267 1086 1322 popularia
1135 1267 1252 1309 facta
1293 1267 1578 1321 Euphorionis
1635 1281 1732 1309 can-

222 1340 364 1378 torum
398 1351 474 1391 per
515 1336 676 1387 studia,
720 1341 768 1378 ut
808 1338 991 1379 alterum
1024 1351 1100 1391 per
1130 1336 1402 1389 insequentia
1433 1336 1606 1378 saecula
1638 1336 1734 1387 duo,

222 1406 405 1447 alterum
428 1420 564 1459 usque
591 1405 646 1447 ad
667 1405 795 1447 finem
816 1406 1059 1447 litterarum
1078 1405 1330 1446 Latinarum
1353 1407 1396 1446 et
1417 1405 1532 1446 ultra
1548 1406 1732 1459 plurimo

223 1475 492 1516 excoleretur
513 1489 604 1526 usu,
626 1475 962 1529 hipponacteum
985 1479 1027 1516 et
1048 1474 1332 1529 phalaecium.
1387 1474 1502 1528 quod
1523 1475 1734 1517 incertum

224 1547 367 1584 utrum
392 1543 560 1595 Catulli,
594 1544 667 1597 qui
700 1558 868 1598 semper
896 1557 1051 1598 magno
1079 1543 1240 1584 mansit
1270 1543 1312 1583 in
1344 1542 1518 1595 honore,
1547 1545 1736 1586 evenerit

224 1615 423 1666 respectu
456 1626 509 1653 an
541 1612 650 1663 ideo,
684 1613 798 1666 quod
829 1613 920 1664 illa,
955 1627 1049 1654 cum
1083 1616 1281 1654 carerent
1313 1612 1465 1666 spiritu
1501 1613 1662 1654 maiore
1693 1617 1736 1655 et

222 1681 414 1722 leviculis
464 1682 739 1723 convenirent
786 1682 1071 1733 carminibus,
1123 1685 1228 1735 apta
1275 1681 1449 1722 fuerunt
1494 1682 1734 1723 studiorum

223 1750 514 1792 mediocritati
545 1751 594 1802 ei,
629 1764 714 1804 qua
745 1750 975 1805 plurimum
1002 1751 1196 1792 homines
1229 1750 1411 1791 Romani
1442 1751 1571 1792 animi
1605 1764 1735 1792 causa

224 1823 356 1872 utque
389 1832 571 1860 vacuum
603 1820 736 1861 otium
769 1819 1037 1861 oblectarent
1068 1822 1400 1873 composuerunt
1432 1820 1634 1861 carmina.

341 1889 396 1929 At
427 1887 478 1929 de
509 1889 689 1942 Augusti
721 1888 976 1942 aequalibus
1008 1892 1056 1930 ut
1093 1891 1210 1930 recte
1255 1888 1511 1939 iudicemus,
1553 1902 1734 1942 quorum

224 1956 348 2010 longe
378 1956 698 2010 religiosissime
744 1971 821 2011 per
865 1970 988 1999 omne
1028 1957 1228 2012 deinceps
1269 1961 1439 2012 tempus
1480 1957 1735 1999 observatae

225 2025 453 2066 valuerunt
486 2026 678 2067 rationes
717 2026 941 2077 metricae,
986 2026 1169 2080 primum
1206 2026 1312 2068 illud
1341 2026 1734 2077 demonstrandum,

227 2108 312 2146 qua
343 2107 463 2145 cura,
504 2108 590 2147 qua
627 2095 842 2148 elegantia
872 2095 957 2137 sint
987 2095 1053 2137 usi
1080 2095 1123 2136 in
1154 2095 1444 2149 perpoliendis
1471 2095 1620 2137 metris
1649 2095 1735 2136 iam

225 2163 416 2213 usitatis,
456 2176 583 2217 porro
634 2176 717 2216 quo
760 2163 918 2205 iudicio
961 2177 1098 2218 quave
1140 2164 1324 2206 audacia
1363 2164 1407 2205 in
1446 2164 1736 2206 adsciscendis

226 2231 623 2284 constituendisque
655 2232 786 2274 novis.

340 2300 395 2341 Et
426 2300 610 2354 primum
641 2300 813 2354 quidem
842 2301 1083 2343 hexametri
1119 2302 1464 2356 pentametrique
1505 2315 1556 2344 ea
1598 2302 1737 2343 evenit

226 2369 307 2410 hoc
335 2372 529 2423 tempore
559 2368 781 2423 perfectio,
814 2369 931 2411 haud
953 2370 1180 2424 quisquam
1203 2370 1489 2424 posteriorum
1511 2374 1736 2425 poetarum

226 2438 413 2491 migrare
443 2437 615 2479 illorum
647 2438 808 2492 placita
839 2442 888 2480 ut
918 2439 974 2480 sit
1005 2453 1146 2481 ausus.
1198 2439 1273 2481 sed
1301 2453 1498 2481 mansere
1521 2439 1736 2493 Vergilius

228 2511 270 2548 et
313 2508 520 2549 Horatius
563 2520 613 2548 ac
653 2506 848 2549 Tibullus
895 2521 989 2549 cum
1029 2507 1179 2549 Ovidio
1225 2507 1490 2550 diversorum
1536 2508 1736 2549 carminis

228 2590 432 2629 generum
470 2579 512 2617 et
553 2576 596 2617 in
636 2575 831 2618 versibus
872 2576 1111 2630 pangendis
1155 2576 1303 2628 duces,
1346 2590 1484 2631 neque
1526 2590 1735 2618 summam

226 2645 442 2686 rationum
476 2658 622 2686 eorum
656 2644 977 2686 labefactarunt
1004 2646 1283 2699 posteriores,
1324 2659 1419 2687 cum
1462 2645 1630 2699 singula
1658 2659 1736 2699 pro

229 2713 478 2754 diversitate
508 2713 667 2766 ingenii
701 2714 820 2754 vario
852 2713 978 2755 modo
1009 2713 1232 2755 haberent.

344 2782 400 2823 Et
439 2781 616 2834 Vergilii
659 2781 849 2835 quidem,
893 2782 928 2823 si
967 2783 1202 2824 novitatem
1247 2786 1414 2837 spectes
1455 2777 1736 2833 inventorum,

228 2850 384 2904 exigua
414 2854 513 2892 sunt
545 2851 711 2892 merita.
772 2864 956 2904 namque
987 2851 1095 2893 haec
1126 2854 1213 2893 stat
1243 2852 1385 2893 animo
1416 2851 1572 2906 opinio,
1605 2851 1736 2892 hexa-

229 2923 463 2961 metrorum
496 2920 586 2961 eius
619 2924 754 2962 artem
785 2934 937 2974 parum
971 2919 1145 2962 differre
1183 2920 1237 2961 ab
1278 2920 1369 2968 illa,
1411 2933 1521 2973 quae
1561 2921 1603 2961 in
1644 2934 1734 2961 car-
