1898 3292
789 214 908 238 LIBER
927 213 1114 243 QVARTvs
1622 204 1702 241 333

312 318 400 359 Iam
422 321 600 371 propter
623 321 763 357 certas
786 329 986 357 sonorum
1011 319 1053 356 et
1075 318 1329 356 accentuum
1352 315 1540 356 rationes
1564 315 1702 356 evenit

197 386 326 436 illud,
372 390 420 426 ut
462 386 593 427 verba
634 385 729 439 plus
769 399 897 438 quam
943 383 1240 437 monosyllaba
1288 383 1457 424 facilius
1502 388 1701 436 paterent

198 454 386 504 elisioni‚
430 454 464 494 si
505 453 760 507 productam
803 466 933 505 quam
977 452 1012 493 si
1056 455 1299 504 correptam
1332 450 1543 492 haberent
1574 465 1703 504 paen-

196 523 414 572 ultimam,
462 522 582 562 cuius
629 521 801 574 quidem
847 520 952 573 legis
996 520 1152 560 diversi
1194 518 1355 560 moduli
1394 534 1419 559 a
1460 520 1703 572 quantitate

196 590 383 644 pendent
422 589 573 630 finalis.
644 603 773 643 porro
819 588 933 641 quod
968 588 1158 629 videmus
1202 587 1414 629 vocalium
1460 588 1703 640 quantitate

196 659 363 713 parium
406 662 551 699 tamen
594 671 672 711 pro
715 661 916 698 accentus
959 661 1001 697 et
1033 656 1161 710 spatii
1191 656 1420 697 verborum
1453 655 1701 696 diversitate

197 729 361 770 varium
409 727 539 768 fuisse
583 725 769 780 pondus,
814 725 858 765 id
901 725 1030 765 etiam
1077 724 1131 765 ob
1173 724 1300 765 aliam
1344 737 1516 765 causam
1553 724 1702 764 evenit.

197 811 295 837 nam
326 795 370 836 id
402 795 516 849 quod
550 795 708 848 optime
750 793 922 847 quidem
953 793 1113 846 poterit
1145 792 1385 834 rationibus
1417 791 1702 844 comprobari,

197 879 343 906 verum
385 877 468 905 non
514 862 690 916 perinde
732 862 893 915 percipi
925 875 1073 911 sensu,
1117 865 1232 902 certo
1263 875 1342 901 nec
1372 861 1501 901 dubie
1533 864 1703 900 constat

198 933 316 981 illud,
348 931 499 973 finales
530 945 679 972 vocum
712 930 835 971 valde
866 930 1258 982 f1·equentat5:i.rum3
1303 943 1417 982 quae,
1451 929 1703 982 plerumque

196 1005 295 1042 sunt
325 999 598 1049 inflexibiles,
639 998 787 1052 quales
827 997 962 1039 habes
1004 1001 1124 1046 enim,
1158 1001 1294 1046 etiam,
1326 1001 1504 1047 quidem,
1538 1004 1703 1043 lantum,

197 1084 345 1118 rerum,
379 1075 502 1117 certe,
536 1082 647 1119 eryt),
681 1082 821 1118 quare,
850 1066 1073 1119 proniores
1096 1066 1227 1107 fuisse
1251 1065 1305 1106 ad
1329 1066 1551 1119 synizesim
1575 1079 1702 1118 quam

196 1138 466 1179 relicuarum.
526 1135 694 1177 accedit
726 1135 841 1188 quod
871 1134 1238 1175 indeclinabilium
1269 1133 1419 1175 finales
1451 1133 1703 1187 plerumque

194 1210 372 1260 propter
412 1205 600 1259 inopiam
644 1204 844 1245 similium
887 1203 1179 1256 exemplorum
1220 1203 1359 1243 minus
1401 1207 1499 1243 sunt
1530 1206 1704 1242 tenaces

196 1274 372 1328 originis
400 1274 565 1327 primae
598 1277 640 1314 et
671 1276 816 1313 rectae
848 1285 1086 1313 mensurae.

308 1342 399 1384 Iam
432 1341 592 1383 vocalis
630 1341 786 1395 prioris
829 1354 922 1381 cum
963 1340 1158 1393 asperior
1186 1339 1276 1381 fere
1309 1342 1423 1380 esset
1451 1338 1704 1387 imminutio,

196 1411 304 1453 siin
345 1411 431 1452 arsi
474 1410 690 1451 accideret
733 1423 861 1463 quam
906 1409 940 1450 si
981 1409 1023 1449 in
1064 1408 1197 1459 thesi,
1239 1407 1421 1448 invaluit-
1460 1407 1629 1457 vitium,
1672 1406 1706 1447 si

196 1484 325 1521 acuta
356 1483 468 1520 esset
500 1478 658 1520 vocalis
698 1492 903 1531 sequens,
950 1478 1152 1530 quoniam
1188 1481 1235 1518 ut
1274 1476 1388 1529 apud
1417 1489 1493 1517 nos
1535 1475 1703 1528 stirpes‚

195 1549 257 1589 ita
304 1548 418 1601 apud
460 1547 635 1588 Latinos
681 1546 872 1601 syllabae
915 1550 1097 1587 accentu
1145 1545 1428 1599 grammatico
1476 1544 1704 1596 insignitae

195 1616 419 1658 clariorem
455 1619 497 1656 et
530 1615 781 1656 validiorem
814 1615 967 1656 ceteris
1000 1614 1247 1655 habuerunt
1279 1627 1441 1654 sonum.
1501 1612 1612 1653 unde
1642 1611 1703 1652 di-

195 1685 442 1739 phthongus
466 1684 714 1738 synhaeresi
736 1684 820 1724 ista
843 1688 938 1724 orta
962 1683 1087 1724 nimis
1111 1683 1275 1724 absona
1308 1681 1452 1723 evadit
1483 1685 1525 1721 et
1556 1680 1702 1729 cruda,

194 1753 451 1807 praesertim
480 1753 515 1794 si
546 1752 677 1793 fuerit
711 1757 753 1793 et
782 1752 996 1806 posterior
1029 1751 1189 1793 vocalis
1230 1755 1386 1792 natura
1426 1750 1574 1803 longa,
1620 1763 1704 1790 non

194 1822 427 1875 positione,
470 1825 513 1862 et
555 1821 765 1874 producta
801 1821 896 1874 ipsa
932 1821 1061 1874 prior.
1124 1823 1313 1861 ceterum
1345 1832 1557 1872 quaenam
1589 1817 1704 1871 apud

195 1890 370 1932 Latinos
401 1889 634 1931 habuerint
661 1889 852 1943 syllabae
884 1894 1058 1930 acutum
1085 1902 1247 1938 sonum,
1281 1901 1492 1941 quaenam
1517 1900 1703 1940 gravem,

195 1959 404 2000 curiosius
434 1957 547 1999 infra
578 1957 882 1999 declarabitur.

309 2026 394 2068 Sed
437 2027 600 2068 maiore
643 2027 773 2067 etiam
819 2025 916 2067 odio
960 2025 1151 2067 habuere
1192 2025 1235 2066 in
1276 2024 1396 2065 brevi
1440 2024 1703 2065 evenientem

193 2095 373 2145 hiatum,
405 2095 507 2148 quia
537 2096 600 2136 ita
630 2094 894 2148 praecedens
917 2093 1075 2135 vocalis
1105 2107 1283 2147 prorsus
1315 2107 1366 2134 ex
1397 2096 1533 2133 metro
1557 2092 1703 2133 eximi·

194 2167 275 2204 tur.
338 2177 472 2217 quare
507 2163 817 2218 dactylicorum
847 2162 1209 2216 praestantissimi
1241 2161 1429 2203 elisionis
1460 2161 1541 2202 hoc
1571 2174 1703 2214 genus

194 2233 229 2273 si
262 2246 348 2274 non
377 2232 547 2273 omnino
579 2231 789 2285 refugere,
822 2235 867 2272 at
899 2231 1027 2272 certis
1060 2231 1363 2272 continuerunt
1393 2229 1561 2270 finibus.

308 2301 542 2342 Praeterea
564 2300 824 2341 simillimum
849 2297 1139 2341 observationi
1169 2313 1300 2353 supra
1320 2298 1570 2352 propositae
1593 2295 1701 2351 opti·

193 2369 309 2420 nuit,
350 2369 483 2411 verba
511 2383 538 2410 a
566 2369 704 2409 vocali
734 2366 984 2422 incipientia
1026 2381 1074 2408 eo
1116 2368 1254 2421 magis
1295 2371 1343 2408 ut
1382 2370 1525 2408 essent
1554 2366 1703 2420 pervia

195 2437 362 2479 elisioni
384 2437 450 2479 vel
482 2437 657 2488 duriori,
689 2451 773 2490 quo
805 2436 1097 2489 frequentiore
1128 2435 1344 2477 ferrentur
1376 2449 1467 2476 usu.
1520 2438 1703 2488 apparet

194 2510 337 2547 autem
366 2506 496 2547 etiam
527 2505 765 2546 molliorem
798 2506 968 2546 evenire
998 2504 1242 2560 synchysin‚
1284 2505 1319 2545 si
1347 2507 1578 2555 utrumque
1610 2516 1702 2543 ver-

193 2573 294 2615 bum
316 2588 471 2628 genere
494 2577 661 2615 constet
681 2573 992 2625 infiexibilium,
1025 2573 1139 2626 quod
1162 2587 1257 2613 cum
1280 2572 1387 2613 alias
1410 2571 1578 2621 accidit,
1609 2574 1702 2611 tum

191 2643 235 2683 in
276 2642 488 2693 formulis,
530 2641 678 2695 quales
721 2646 820 2683 sunt
858 2646 1000 2692 paullo
1038 2648 1150 2689 ante,
1191 2648 1301 2682 certe
1341 2654 1432 2692 eqo,
1475 2653 1573 2690 erqo
1614 2652 1700 2689 eqo,

193 2724 291 2762 erqo
322 2713 402 2759 ubi,
435 2714 579 2761 quodsi
609 2713 677 2751 ι’ία.

306 2778 518 2832 Deinceps
544 2782 752 2819 certumst
773 2777 891 2829 illud,
914 2778 1047 2819 verba
1068 2777 1279 2819 vocalium
1309 2789 1519 2817 concursu
1550 2775 1699 2828 iugata

191 2860 277 2888 non
306 2860 483 2900 prorsus
513 2846 558 2886 in
588 2860 718 2887 unum
752 2845 981 2896 coaluisse,
1022 2846 1240 2898 quoniam7
1285 2845 1366 2885 hoc
1407 2844 1440 2884 si
1480 2843 1574 2893 fiat,
1616 2857 1699 2883 non

192 2918 336 2968 potest
364 2914 484 2956 elisio
522 2919 620 2968 post
660 2914 869 2968 syllabam
910 2915 953 2954 111
993 2915 1066 2954 fini
1107 2914 1268 2954 ordinis
1310 2913 1475 2953 metrici
1513 2912 1699 2964 positam
