1898 3292
690 210 810 235 LIBER
829 209 1017 240 QVARTVS.
1520 203 1542 240 2
1549 202 1595 241 91

98 313 228 367 digna
257 312 405 363 verba,
445 325 625 364 quorum
668 324 769 364 pars
809 311 1023 364 posterior
1061 325 1086 352 a
1116 315 1302 353 iaciendo
1334 313 1420 353 sive
1452 326 1477 352 a
1508 316 1602 364 2⁷2qu

98 380 330 422 descendit.
389 380 521 433 igitur
563 394 658 420 cum
695 379 897 433 dactylici
928 392 1062 432 usque
1095 379 1150 420 ad
1180 380 1452 432 Propertium
1482 379 1604 421 verbi

98 449 212 503 quod
241 452 307 490 est
338 451 477 489 iacere
508 447 746 501 composita
778 460 946 500 semper
980 447 1040 488 sic
1073 446 1369 489 adhibuissent
1396 452 1444 489 ut
1464 448 1603 502 prima

98 518 188 559 eius
209 517 356 558 littera
378 529 589 557 consonae
612 519 724 557 esset
754 515 902 566 instar,
932 515 975 556 id
996 519 1147 569 postea
1168 517 1371 558 mutarist
1393 520 1603 570 coeptum,

97 585 204 627 adeo
234 588 283 626 ut
314 585 369 626 sit
399 587 562 626 certum
600 584 799 634 Senecae,
831 583 1094 635 Quintiliani,
1127 583 1254 625 Gellii
1286 584 1488 638 aequales
1519 598 1605 626 una

97 668 170 695 eas
209 657 223 694 i
265 657 307 694 et
340 652 512 706 quidem
547 652 685 693 vocali
717 652 932 694 extulisse.
993 656 1035 694 et
1063 652 1208 694 firmat
1237 666 1328 694 rem
1358 653 1605 695 Victorinus

97 722 270 777 [2511],
320 721 465 762 dicens
511 720 765 775 acephalum
810 720 924 762 hunc
969 734 1138 762 versum
1184 720 1374 762 Maronis
1426 720 1605 763 ‘adicias

96 805 172 832 nec
201 798 239 831 te
268 793 392 831 ullius
423 792 612 830 violentia
643 786 817 830 zviticdt’.
880 788 994 842 quod
1025 803 1120 830 cum
1149 789 1211 830 ita
1239 790 1312 840 sit,
1358 803 1441 830 non
1480 789 1604 830 intel-

96 859 213 912 lego.
260 871 346 911 qua
392 861 481 898 tam
529 870 626 898 sera
673 860 816 898 aetate
859 857 1097 910 optinuisse
1138 860 1303 898 statuat
1343 857 1605 899 Ritschelius

97 926 222 982 [prol.
245 926 357 967 Trin.
379 940 419 980 p.
443 925 528 980 92],
557 929 604 966 ut
627 924 889 966 scriberetur
912 925 1129 978 geminata
1159 929 1173 966 i
1201 928 1405 982 obiiciunt,
1436 925 1604 975 similia,

97 1009 357 1049 quamquam
392 1008 476 1036 non
507 994 657 1048 ignoro
681 993 860 1035 eandem
883 1007 908 1035 a
931 993 1069 1035 Gellio
1101 994 1189 1048 [1V,
1215 998 1278 1045 17,
1302 998 1324 1035 7
1349 995 1460 1049 sqq]
1491 1008 1604 1035 coni-

95 1063 290 1105 mendari
334 1063 605 1117 scripturam.
667 1061 743 1103 sed
783 1062 1046 1103 neotericam
1090 1076 1284 1104 normam
1325 1063 1489 1116 primus
1520 1077 1605 1104 uno

97 1131 291 1186 exemplo
322 1135 494 1173 secutus
517 1130 652 1172 videri
674 1134 817 1184 potest
839 1130 1014 1171 Ovidius
1044 1131 1106 1171 ita
1137 1131 1220 1185 [ep.
1245 1145 1296 1172 ex
1317 1131 1361 1172 P.
1379 1131 1431 1182 II,
1456 1135 1491 1182 3,
1512 1132 1603 1186 37]:

324 1209 432 1249 turpe
458 1208 566 1249 putas
592 1205 698 1247 abici,
725 1204 809 1248 quia
835 1205 882 1238 sit
906 1203 1144 1247 miserandus,
1170 1205 1338 1239 amicum.

95 1269 170 1311 ubi
206 1272 350 1309 tamen
382 1267 583 1309 Heinsius
626 1266 899 1309 scribendum
941 1268 1167 1321 proposuit
1207 1270 1336 1319 cbiyi,
1382 1268 1604 1309 commodo

95 1352 197 1379 usus
218 1337 390 1378 invento
414 1340 457 1378 et
477 1335 605 1387 facili,
638 1349 899 1389 quamquam
923 1335 1168 1377 defenditur
1193 1335 1300 1377 illud
1331 1339 1438 1377 abici
1468 1336 1607 1377 Taciti

96 1405 237 1448 verbis
284 1406 399 1460 [ann.
428 1404 539 1455 XIV,
573 1405 644 1458 52]
691 1411 861 1445 exueret
903 1408 1152 1456 mdyistrum.
1224 1418 1302 1445 nec
1348 1404 1400 1446 de
1439 1405 1605 1458 primae

96 1468 286 1529 syllabae
318 1473 562 1527 quantitate
583 1473 708 1514 nimis
730 1473 966 1514 timendum
990 1472 1154 1514 Manilii
1186 1473 1379 1526 aequalis
1411 1476 1605 1527 tempore

97 1543 344 1585 declaratur
389 1542 606 1596 exemplis.
674 1555 773 1583 mox
825 1541 957 1583 ceteri
1002 1545 1044 1582 et
1094 1542 1396 1594 corripuerunt
1444 1543 1605 1595 passim

95 1611 425 1667 praecedentem
466 1613 653 1652 iaciendo
691 1609 900 1664 syllabam
942 1610 1099 1651 aetatis
1137 1610 1340 1664 propriae
1378 1624 1475 1661 usu,
1528 1623 1606 1651 nec

95 1680 238 1722 rarius
273 1679 532 1733 scriptorum
554 1681 748 1720 veterum
778 1678 1019 1720 imitatione
1048 1678 1305 1732 produxere.
1367 1678 1482 1731 quod
1514 1679 1606 1732 qui—

97 1748 193 1790 dem
228 1748 366 1789 solum
398 1747 599 1801 probavit
632 1746 790 1788 omissa
822 1747 989 1788 ratione
1022 1746 1161 1788 altera
1194 1746 1392 1788 Valerius
1414 1746 1605 1788 Flaccus.

96 1830 244 1858 verum
294 1815 365 1878 liic
414 1829 517 1857 usus
567 1829 663 1856 cum
707 1815 967 1856 auctoritate
1016 1815 1308 1868 antiquorum,
1359 1828 1444 1857 non
1488 1828 1606 1856 more

97 1885 310 1927 niteretur
332 1884 590 1938 aequalium,
622 1882 851 1938 plerosque
871 1882 1168 1937 imprudentes
1190 1882 1354 1925 fefellit.
1399 1883 1511 1925 unde
1534 1883 1607 1924 alii

96 1953 284 2008 priorem
316 1952 639 2007 compositionis
670 1955 839 2005 partem
868 1951 1058 2005 longam,
1098 1952 1223 2004 quasi
1252 1956 1410 1993 natura
1442 1965 1492 1993 ac
1522 1965 1606 1992 non

95 2021 309 2076 positione
340 2021 666 2075 produceretur,
700 2019 890 2061 extulere
926 2019 1052 2075 [Gell.
1075 2020 1145 2070 IV,
1170 2024 1219 2062 17
1226 2053 1234 2071 ,
1255 2021 1310 2074 1],
1343 2020 1415 2062 alii
1442 2033 1520 2074 pro
1545 2033 1606 2070 eo,

97 2090 210 2144 quod
244 2093 309 2131 est
339 2093 428 2138 icio,
460 2089 672 2143 scripsere
702 2092 804 2130 iccio
840 2087 907 2129 vel
938 2091 1042 2129 hicio
1075 2088 1267 2143 [Lachm.
1298 2103 1337 2142 p.
1375 2089 1492 2143 128],
1536 2088 1607 2130 de-

97 2159 226 2212 nique
257 2159 301 2199 in
331 2157 462 2200 verbo
495 2157 609 2211 quod
651 2161 717 2199 est
756 2160 900 2199 disicio
941 2156 1111 2199 sibilam
1151 2157 1439 2211 geminavere,
1478 2170 1607 2210 quam

98 2227 152 2269 ob
199 2240 374 2269 causam
418 2226 533 2268 idem
576 2226 830 2280 plerumque
876 2239 972 2267 cum
1019 2229 1262 2268 dissecando
1307 2230 1608 2280 permutavere

97 2295 286 2347 librarii,
328 2294 461 2337 veluti
501 2294 696 2336 versibus
737 2293 850 2335 binis
893 2294 1043 2335 Avieni
1082 2295 1126 2335 in
1166 2294 1455 2348 descriptione
1493 2294 1608 2336 orbis

97 2368 314 2405 terrarum
359 2364 483 2418 [9643
525 2363 653 2418 1174]
700 2362 945 2404 etiamnunc
988 2376 1216 2417 perperam
1263 2361 1401 2404 fertur
1452 2365 1609 2404 dissicit

98 2446 176 2487 pro
209 2445 258 2474 eo
290 2431 404 2485 quod
436 2435 502 2473 est
539 2434 728 2473 dissecat.
791 2434 891 2472 sunt
921 2433 1066 2472 autem
1096 2430 1229 2472 verba
1259 2430 1368 2472 haec
1411 2429 1607 2479 ‘Rlzebas,

99 2503 244 2554 cyanei
281 2503 350 2551 qui
385 2503 541 2542 dissicit
580 2513 762 2551 aequora
794 2496 954 2550 ponti',·
997 2497 1076 2541 ‘sic
1107 2502 1238 2541 Elidis
1268 2502 1404 2541 incola
1438 2505 1609 2550 pontum

101 2571 258 2611 dissicit
302 2566 520 2620 Alpheus’.
592 2568 706 2609 idem
758 2566 937 2609 verbum
987 2567 1302 2609 restituendum
1353 2567 1396 2608 in
1446 2566 1609 2608 Sidonii

99 2637 360 2692 panegyrico
400 2636 629 2678 Maioriani
671 2635 804 2690 [418]
866 2639 1016 2677 contra
1054 2637 1099 2677 in
1139 2635 1380 2678 Troadibus
1419 2635 1609 2677 Senecae

101 2705 223 2760 [395]
251 2704 557 2759 illudflissicat
586 2704 836 2746 traditumst
869 2703 982 2745 libro
1004 2704 1198 2746 Mediceo
1227 2717 1306 2758 pro
1337 2717 1386 2745 eo
1409 2703 1523 2756 quod
1546 2707 1611 2744 est

102 2776 269 2815 dissicit.
300 2797 355 2803 —
386 2773 516 2814 etiam
543 2773 587 2814 in
614 2772 768 2824 verbis,
801 2786 911 2827 quae
944 2772 998 2815 ab
1029 2776 1124 2824 iuyo
1156 2771 1432 2822 descendunt,
1464 2771 1610 2824 qualia

102 2845 202 2883 sunt
226 2844 400 2894 biiuqus,
433 2845 718 2893 quadriiuyus,
746 2845 941 2893 altiiuyus
973 2841 1148 2895 (quibus
1170 2839 1376 2881 addemus
1397 2840 1439 2880 in
1460 2839 1609 2880 lexicis

103 2911 261 2951 omissa
306 2913 548 2961 celsiiuyus,
600 2922 683 2962 quo
729 2910 865 2951 utitur
912 2913 1063 2951 auctor
1108 2907 1309 2949 carminis
1355 2908 1396 2948 in
1436 2908 1610 2960 genesin

1224 2975 1288 3009 19*
