1898 3292
247 191 291 229 51
303 192 328 228 Ο
831 199 950 223 LIBER
969 198 1168 223 SEPTIMVS.

244 300 435 342 Lucilius
470 300 494 340 l.
523 300 594 341 IX.
653 313 731 340 nec
760 314 860 341 vero
891 300 1055 353 fulgere
1083 300 1315 341 secundum
1349 300 1521 341 tertiam
1551 300 1752 341 inflexum

244 383 269 409 a
313 368 503 422 pedestri
543 381 736 409 sermone
767 368 937 409 videtur
978 367 1109 409 fuisse
1156 369 1353 409 alienum.
1416 371 1531 408 certe
1569 367 1613 408 T.
1645 368 1753 409 Livii

242 437 267 478 l.
292 436 472 477 XXXIV
499 435 552 492 [3‚
580 435 619 492 9]
652 435 784 477 habet
807 436 941 477 codex
962 435 1292 489 Bambergensis
1334 434 1396 476 ‘ul
1418 450 1520 476 auro
1542 441 1751 487 ——fulgsa-

242 502 351 545 mzcs’
388 503 458 558 [cf.
480 507 626 545 tamen
648 503 875 557 Zingerleii
899 504 1079 558 comm.].
1133 503 1285 544 deinde
1317 508 1406 544 cluo
1438 507 1479 544 et
1510 511 1601 544 tuor
1625 504 1751 545 Sene-

245 587 320 614 cac
355 572 567 625 Statiique
599 572 827 613 firmantur
858 572 1063 625 exemplis
1099 571 1260 628 [Senec.
1289 572 1373 612 lud.
1401 571 1438 612 d.
1474 586 1525 612 m.
1561 572 1601 613 C.
1636 576 1672 620 7,
1708 576 1751 624 13

245 641 415 695 Hippol.
440 643 543 692 4243
576 641 723 682 OctaV.
749 643 852 691 7283
886 640 992 681 Stat.
1024 640 1139 681 theb.
1171 641 1242 690 III,
1281 644 1380 692 1523
1414 640 1525 694 533]
1569 640 1751 693 denique

242 709 485 764 Lygdamus
517 708 624 749 dixit
655 709 711 763 [3,
737 709 807 763 36]
839 716 974 750 nemis.
1027 712 1171 750 cetera
1196 710 1385 761 Augusto
1417 709 1574 761 priora,
1606 722 1752 749 sonere

243 778 367 819 Ennii
400 780 442 818 et
473 777 674 827 Lucretii,
708 784 847 817 {onere
880 780 923 817 et
952 780 1072 817 heere
1104 777 1320 818 Varronis.
1383 781 1427 817 at
1456 777 1561 818 illud
1592 785 1752 817 scalere

242 860 336 887 cum
371 845 595 886 Lucretius
628 845 783 886 tertiae
816 844 1064 895 addidisset,
1106 845 1220 898 apud
1257 845 1518 898 posteriores
1551 845 1751 886 classicos

240 915 381 967 legere
405 927 470 954 me
492 926 575 953 non
600 913 770 954 memini
793 917 966 966 praeter
989 913 1092 954 illud
1114 913 1293 963 Horatii,
1317 913 1431 966 quod
1449 913 1750 966 ambiguumst.

243 982 293 1038 [c.
334 982 415 1032 III,
457 985 521 1032 27,
565 980 633 1037 26]
681 988 898 1022 scatentem
939 984 1065 1022 beluis
1104 981 1311 1031 pontum(
1358 981 1542 1034 denique
1584 985 1751 1022 sorbere

240 1050 497 1104 dactylicum
530 1053 673 1090 aetate
705 1050 856 1090 ultima
888 1063 953 1103 ap.
987 1049 1267 1090 Dracontium
1299 1050 1512 1090 invenitur
1553 1050 1748 1103 [5,212]

356 1118 489 1159 Porro
536 1132 736 1168 quaesere
783 1131 861 1171 pro
914 1131 1116 1168 quaerere
1164 1132 1259 1158 cum
1305 1131 1441 1171 usque.
1493 1118 1547 1158 ad
1593 1117 1746 1158 Lucre-

240 1188 346 1228 tium
380 1190 421 1227 et
450 1186 698 1227 Ciceronem
730 1186 990 1227 occurrisset
1035 1199 1117 1226 non
1156 1187 1218 1226 ita
1261 1199 1382 1236 raro,
1426 1199 1524 1227 mox
1565 1186 1749 1236 evanuit,

243 1255 336 1295 sola
366 1258 414 1295 ut
444 1258 669 1295 manerent
701 1268 863 1304 (μιαεὸο,
902 1268 1143 1304 quaesumus
1176 1254 1285 1308 [Tib.
1310 1254 1340 1304 I,
1375 1258 1408 1304 1,
1443 1258 1512 1305 583
1545 1254 1615 1295 Sil.
1640 1254 1748 1303 XVI,

243 1324 357 1377 251]
413 1326 557 1363 tamen
586 1322 901 1363 vetustissimae
935 1322 1134 1363 dictionis
1167 1322 1454 1363 aemulatione
1485 1323 1666 1363 Iuvenco
1701 1322 1748 1376 [L

241 1390 337 1447 249]
369 1391 533 1445 placuit
563 1398 773 1441 qzcaesmzl.
807 1415 860 1421 —
893 1391 1046 1432 deinde
1077 1391 1321 1444 imperativi
1354 1394 1454 1439 dice,
1488 1395 1602 1437 (luce,
1636 1395 1746 1442 sace,

231 1465 327 1512 sere
358 1458 601 1512 frequentia
632 1473 734 1500 usus
767 1459 907 1500 evenit
934 1459 996 1500 uti
1027 1459 1258 1513 perderent
1288 1458 1472 1509 finalem,
1505 1473 1633 1512 quam
1664 1472 1748 1499 non

236 1529 387 1569 liceret
427 1541 599 1568 servare
631 1527 834 1568 Romanis
877 1527 1089 1568 translato
1131 1528 1173 1568 in
1216 1527 1499 1581 posteriorem
1540 1527 1748 1581 syllabam

239 1599 419 1637 accentu
466 1596 768 1649 grammatico,
816 1609 900 1648 quo
945 1597 1110 1637 munita
1151 1596 1339 1637 remedio
1383 1596 1539 1637 Graeci
1579 1596 1748 1649 integra

238 1665 515 1718 optinuerunt
544 1663 619 1704 illa
649 1664 756 1714 εἰπέ,
788 1663 901 1718 εὑρέ,
933 1664 1047 1715 ἐλθέ,
1079 1664 1158 1715 ἰδὲ,
1189 1665 1305 1719 λαβέ.
1360 1664 1516 1717 quibus
1539 1663 1749 1705 accedunt

237 1737 355 1784 lnqer
400 1732 556 1774 Catulli
601 1732 685 1786 [27,
720 1733 761 1787 2]
804 1736 846 1773 et
888 1732 1100 1773 Martialis
1141 1746 1263 1784 coyer
1305 1732 1370 1774 vel
1413 1733 1556 1786 potius
1596 1746 1748 1783 conyer

239 1801 368 1855 [ΧῙΙΠ7
399 1805 466 1851 44,
499 1801 553 1855 9].
613 1800 699 1842 iam
733 1806 805 1852 fer
837 1804 880 1842 et
910 1805 989 1842 duc
1020 1801 1092 1854 qui
1124 1801 1353 1855 principali
1381 1801 1575 1855 posuerit
1606 1801 1747 1853 specie

234 1870 347 1910 inter
393 1869 628 1924 dactylicos
676 1882 759 1910 non
810 1869 989 1910 invenio.
1066 1873 1216 1911 contra
1259 1869 1365 1910 illud
1408 1876 1508 1920 sace
1553 1882 1638 1910 non
1683 1873 1749 1909 est

237 1937 415 1979 dubium
459 1937 561 1990 quin
602 1937 850 1978 adhibuerit
891 1937 1083 1979 Catullus
1124 1938 1312 1979 carmine
1355 1938 1406 1978 de
1439 1938 1624 1978 Tanusio
1664 1936 1746 1993 [5¹6,

239 2004 305 2061 16]
352 2004 579 2055 ‘acceptum
615 2010 715 2057 face
745 2008 1029 2056 redditumque
1064 2003 1232 2055 ziolum',
1265 2010 1395 2059 atque
1428 2005 1576 2046 eadem
1608 2006 1747 2046 forma

234 2073 481 2124 identidem,
514 2073 588 2115 ubi
610 2087 695 2114 non
718 2087 824 2127 opus
853 2087 916 2125 ea,
947 2074 1162 2115 invenitur
1189 2074 1232 2115 in
1268 2074 1498 2126 codicibus,
1530 2074 1743 2115 interdum

236 2156 331 2183 cum
362 2141 518 2183 damno
549 2142 687 2192 metri,
718 2146 767 2183 ut
797 2142 896 2183 Luc.
930 2142 1086 2193 XXIX,
1111 2147 1175 2184 54.
1225 2147 1453 2196 praeterea
1485 2146 1574 2184 dice
1603 2142 1745 2195 posuit

236 2214 387 2252 auctor
418 2210 470 2250 de
501 2209 648 2263 figuris
682 2209 821 2266 [183],
853 2224 937 2251 non
970 2210 1183 2264 Vergilius
1217 2212 1284 2252 cui
1317 2211 1469 2252 tribuit
1500 2211 1744 2261 Palaemon,

235 2277 367 2331 quem
397 2281 562 2329 vocant,
594 2291 662 2331 pg.
696 2282 815 2320 1382.
878 2282 923 2319 at
954 2293 1005 2320 ex
1037 2279 1304 2333 compositis,
1345 2293 1456 2332 quae
1488 2292 1513 2320 a
1547 2283 1745 2330 faciendo

235 2346 522 2396 descendunt,
568 2346 823 2399 imperativo
863 2347 1005 2400 posita
1047 2360 1131 2388 non
1172 2347 1396 2388 observavi
1439 2351 1618 2400 excepto
1659 2361 1743 2388 uno

235 2414 430 2468 exemplo
474 2414 656 2455 Nasonis
696 2414 774 2455 tali
822 2415 920 2468 [art.
954 2428 1033 2455 am.
1066 2416 1123 2466 11,
1161 2415 1262 2468 445]
1309 2414 1398 2466 ‘fac
1439 2419 1575 2456 limem
1616 2419 1665 2456 cle
1707 2423 1744 2455 {e

235 2486 491 2533 tepidamque
521 2486 730 2533 recalface
759 2480 965 2524 menlem'.
1027 2483 1070 2524 in
1099 2483 1272 2524 relicuis
1307 2497 1402 2525 cum
1433 2483 1601 2536 eadem,
1633 2498 1743 2537 quae

234 2550 500 2604 simplicibus
538 2550 701 2601 verbis,
748 2550 886 2592 forma
926 2550 1178 2605 praevaleat
1214 2565 1306 2602 usu,
1349 2551 1489 2592 aliena
1529 2565 1554 2592 a
1593 2565 1744 2593 norma

234 2619 380 2660 notavi
414 2618 589 2672 Vergilii
622 2623 664 2660 et
695 2619 822 2660 Statii
858 2610 967 2673 [aen.
992 2620 1062 2670 XI,
1085 2623 1190 2672 4633
1222 2620 1338 2661 theb.
1362 2620 1456 2669 XII,
1481 2621 1580 2675 598]
1615 2625 1741 2670 edice,

234 2687 493 2728 Sammonici
527 2687 646 2741 [755]
684 2691 883 2737 perduce.
919 2713 969 2717 —
1001 2687 1154 2729 deinde
1182 2689 1323 2741 legere
1345 2701 1411 2729 me
1434 2689 1605 2729 memini
1627 2689 1742 2742 apud

233 2755 537 2796 Terentianum
571 2755 719 2809 [1752]
751 2759 1032 2806 repetundum,
1066 2770 1194 2810 quam
1223 2760 1340 2798 recte
1368 2756 1529 2797 habere
1560 2757 1741 2798 formam

232 2826 412 2876 propter
456 2826 601 2864 notum
647 2824 981 2876 repetundarum
1024 2825 1200 2865 verbum
1244 2824 1291 2864 fit
1336 2825 1580 2867 credibile..
1612 2839 1740 2877 porro

233 2891 424 2944 perfecto
447 2892 657 2945 Corippus
689 2892 797 2932 dixit
828 2896 950 2943 sterni
987 2893 1174 2946 [iohann.
1201 2894 1286 2943 VII,
1314 2894 1424 2947 137]
1470 2897 1599 2945 atque
1635 2894 1740 2934 bene
