1898 3292
667 294 787 319 LIBER
806 293 979 318 TERTIVS,
1489 284 1510 322 2
1520 285 1540 321 7
1548 285 1570 322 3

66 395 213 438 eadem
241 396 557 438 observantiast
588 400 685 449 post
715 395 967 436 trochaeum
1000 395 1209 444 eiusdem,
1241 398 1288 436 ut
1320 395 1434 448 apud
1468 396 1570 436 Ver-

65 465 234 518 gilium:

270 522 356 566 quin
381 522 504 566 potius
530 532 658 565 pacem
684 524 869 554 aeternam
895 523 1097 564 pactosque
1123 519 1344 564 hymenaeos

270 577 502 612 ereo-cemus?
526 578 638 612 habes
664 580 744 611 tota
770 577 868 621 quod
892 580 1015 611 mente
1044 577 1181 620 petisti.

64 646 202 687 minor
234 650 299 687 est
331 646 508 687 offensio
541 646 698 687 leviore
728 645 960 686 interstitio
993 659 1162 695 sensus,
1196 648 1374 698 propter
1405 649 1570 686 tantam

64 715 147 755 vim
169 715 211 755 in
234 715 539 768 semiquinaria
565 714 763 754 collocati
794 713 938 754 iambi.
994 717 1144 754 contra
1172 713 1571 754 iniucundissimum

65 797 115 823 ac
145 797 280 836 paene
312 783 551 824 inauditum
583 783 731 824 eadem
771 783 990 836 optinente
1035 796 1214 822 caesura
1258 786 1355 835 post
1395 783 1571 823 tertium

63 851 309 905 intcrpungi
337 852 599 900 trochaeum,v
633 852 742 891 sicut
764 850 812 892 fit
833 850 947 904 apud
972 850 1181 891 Lucilium
1214 851 1302 905 HV,
1329 851 1398 905 12]
1431 865 1570 891 exem-

63 920 134 973 plo
165 920 265 960 hoc:
1353 976 1355 979 Δ

268 999 395 1022 verum
419 987 508 1021 illud
538 987 640 1021 credo
666 987 764 1030 fore:
791 987 827 1019 in
855 998 894 1020 os
920 987 1020 1031 prius
1046 987 1225 1031 accipiam
1251 987 1340 1031 ipse.

64 1056 138 1097 ubi
184 1060 328 1098 tamen
375 1056 551 1098 elisione
600 1055 718 1097 facta
763 1055 986 1108 mitigatur
1032 1056 1094 1097 rei
1141 1056 1404 1097 deformitas.
1473 1070 1570 1096 nam

65 1138 233 1178 semper
264 1124 379 1178 apud
410 1129 576 1166 veteres
607 1123 807 1179 rythmici
840 1124 1010 1165 ordines
1044 1124 1232 1178 potiores
1265 1124 1481 1165 habentur
1512 1124 1571 1165 lo-

64 1193 180 1246 gicis.
231 1193 300 1233 vix
331 1197 474 1234 autem
506 1193 712 1233 memoria
744 1192 918 1245 dignum
953 1192 1135 1234 alterum
1170 1193 1358 1234 eiusdem
1383 1193 1572 1233 auctoris

66 1261 305 1314 exemplum
338 1260 490 1315 [XXX‚
526 1261 621 1315 69]:

270 1335 357 1379 quid
383 1335 451 1369 sibi
478 1335 565 1377 volt,
593 1344 707 1378 quare
731 1334 773 1376 fit
798 1337 838 1368 ut
863 1335 1089 1368 introvorsus
1115 1338 1152 1369 et
1176 1334 1221 1368 ad
1247 1338 1283 1368 te

269 1394 440 1436 spectent
465 1395 573 1435 atque
599 1392 718 1425 ferant
742 1392 897 1435 vestigia
923 1403 959 1425 se
987 1392 1107 1425 omnia
1132 1403 1293 1436 prorsus.

65 1460 219 1501 etenim
253 1460 358 1501 illud
394 1466 442 1510 fit
472 1468 515 1501 ut
545 1461 728 1514 (pariter
759 1464 889 1514 atque
922 1468 981 1501 est
1014 1461 1072 1514 ut)
1111 1461 1236 1501 unius
1276 1473 1414 1514 paene
1454 1460 1573 1501 verbi

63 1529 200 1569 instar
231 1532 296 1569 est
326 1528 396 1583 [cf.
419 1528 592 1570 Lachm.
615 1543 680 1582 pg.
704 1529 818 1583 410]

179 1597 280 1638 Post
326 1596 542 1651 dactylum
587 1598 762 1638 tertium
811 1597 1000 1650 graviter
1050 1597 1297 1650 interpungi
1346 1601 1389 1638 et
1432 1598 1572 1651 ipsum

65 1664 284 1718 displicuit
325 1665 560 1706 cultissimo
610 1666 763 1719 cuique
804 1665 1097 1707 versificatori.
1158 1667 1323 1708 minore
1360 1665 1440 1707 fuit
1477 1666 1574 1706 odio

64 1733 214 1774 incisio
260 1733 376 1775 levis.
447 1734 570 1774 venia
613 1737 755 1775 autem
806 1733 930 1775 adest
982 1734 1304 1776 condicionibus
1356 1738 1574 1787 quattuor,

64 1801 104 1842 h.
138 1815 171 1842 e.
204 1802 238 1842 31
275 1806 349 1843 aut
381 1802 562 1855 semipes
595 1807 740 1843 sextus
780 1816 875 1843 cum
916 1802 1194 1856 sequentibus
1235 1807 1359 1844 coeat
1399 1803 1573 1844 elisione

66 1873 142 1911 aut
181 1873 280 1924 post
318 1869 446 1911 finem
476 1884 626 1912 versus
667 1871 769 1911 item
811 1871 946 1911 inciso
990 1885 1116 1912 sensu
1160 1871 1448 1924 aequabilitas
1485 1870 1576 1912 effi-

66 1938 206 1979 ciatur
244 1939 434 1991 partium
476 1943 551 1980 aut
594 1939 836 1994 pyrrichius
882 1939 1037 1980 tertius
1077 1939 1205 1980 etiam
1249 1939 1304 1980 ad
1350 1939 1576 1992 sequentia

65 2007 282 2060 pertineat
319 2010 394 2048 aut
433 2007 673 2049 imitatione
713 2020 966 2061 magnorum
999 2008 1291 2061 exemplorum
1323 2010 1577 2061 repetantur

67 2074 134 2116 vel
166 2088 346 2126 errores,
377 2079 426 2116 ut
455 2079 585 2129 puta:

214 2153 244 2189 Ι.
268 2153 448 2189 Romulus
474 2155 635 2199 excipiet
660 2158 809 2199 gentem
836 2158 872 2189 et
896 2154 1080 2190 Mavortia
1105 2155 1241 2190 condet

271 2212 427 2248 moenia.

275 2269 454 2313 quaesivit
479 2269 580 2303 caelo
606 2269 728 2303 lucem
752 2269 1004 2314 ingemuitque
1030 2273 1188 2314 reperta.

194 2325 248 2360 ΙΙ.
274 2326 332 2361 6111
356 2337 430 2360 11011
455 2325 575 2360 dictus
599 2325 717 2371 Hylas
742 2338 835 2371 puer
860 2330 898 2361 et
921 2326 1079 2361 Latonia
1104 2326 1230 2361 Delos.

272 2383 328 2417 his
353 2383 514 2417 lacrimis
536 2383 650 2417 vitam
676 2383 803 2417 damus
830 2386 867 2418 et
891 2384 1160 2418 miserescimus
1187 2384 1294 2418 ultro.

274 2451 358 2473 nam
382 2439 412 2473 si
437 2439 608 2474 debilitas
634 2440 740 2484 redit,
767 2440 983 2475 instauratio
1012 2452 1084 2474 non
1111 2444 1176 2475 est.

171 2495 247 2531 HI.
272 2496 344 2530 hoc
370 2496 509 2540 primus
533 2499 679 2540 repetas
706 2509 808 2541 opus,
835 2497 906 2531 hoc
933 2500 1141 2542 postremus
1167 2498 1325 2532 omittas.

275 2553 340 2588 sed
363 2564 519 2587 vacuum
543 2552 658 2588 Tibur
683 2554 806 2598 placet
831 2558 894 2588 aut
919 2554 1053 2589 inbelle
1082 2554 1293 2589 Tarentum.

69 2621 138 2664 IV.
170 2625 399 2675 praeterea
431 2635 527 2662 cum
559 2622 684 2663 Ennii
716 2626 829 2664 esset
860 2636 1009 2664 versus
1040 2623 1139 2664 talis
1173 2624 1288 2678 [ann.
1315 2624 1438 2677 177]2

275 2701 463 2735 balantum
490 2701 651 2745 pecudes
677 2702 804 2746 quatit.
850 2714 975 2736 omnes
1002 2714 1102 2736 arma
1129 2703 1331 2746 requirunt,

69 2768 114 2810 id
151 2769 437 2811 aemulatione
468 2770 679 2823 expressit
709 2770 832 2812 Maro
862 2771 972 2825 [aen.
1004 2771 1093 2822 VII,
1127 2771 1250 2825 625]:

277 2848 553 2893 pulverulentus
579 2849 681 2893 equis
707 2849 805 2884 furit.
843 2861 969 2884 omnes
996 2861 1096 2884 arma
1123 2850 1324 2894 requirunt.

72 2931 152 2958 nec
181 2917 319 2959 minus
348 2918 483 2971 ipsius
515 2922 698 2960 metrum
728 2917 834 2959 illud
866 2918 996 2973 [VIIL
1029 2919 1154 2973 [398]

277 2996 560 3041 Niligenumque
586 2998 694 3032 deum
720 3002 883 3032 monstra
907 3002 945 3032 et
971 2999 1123 3032 latrator
1148 2997 1292 3030 Anubis

142 3076 174 3103 1..
193 3077 382 3109 Mue11e115
407 3078 452 3104 De
471 3077 645 3109 r.m.p.11.
1265 3068 1304 3098 Ιῦ
