1898 3292
265 188 342 224 150
839 191 959 215 LIBER
977 190 1188 216 SECVNDVS.

261 295 489 349 Schlegelii
531 295 720 335 carmine
765 294 816 334 de
858 293 1108 334 hexametro
1151 295 1194 333 et
1233 291 1349 333 haud
1380 290 1530 344 paucis
1563 289 1768 343 exemplis

261 365 469 414 Maronis,
515 364 636 404 cuius
678 366 777 403 sunt
815 361 1046 402 decantata
1084 361 1192 401 11300
1232 360 1393 414 [georg.
1426 359 1504 410 ΙΙΙ,
1539 362 1642 409 22ος
1676 372 1767 399 aen.

260 434 372 483 VIII,
404 436 508 484 4523
543 432 663 486 596]:

443 512 495 546 illi
521 512 746 546 alternantes
774 510 885 544 multa
913 510 947 543 vi
972 509 1112 554 proelia
1138 509 1302 542 miscent.

444 570 496 604 illi
521 570 618 603 inter
643 580 722 602 sese
749 567 862 601 multa
887 567 921 601 vi
946 566 1118 601 bracchia
1144 565 1288 599 tollunt.

446 625 748 671 quadrupedante
776 628 922 669 putrem
948 624 1069 657 sonitu
1096 623 1213 667 quatit
1237 623 1374 667 ungula
1399 633 1578 666 campum.

262 697 414 738 ultima
444 696 505 737 sic
536 698 602 736 est
631 694 826 735 imitatus
858 693 1069 746 Corippus
1100 691 1201 747 [ioh.
1235 691 1281 742 V,
1318 691 1409 745 19]·.

880 773 1019 807 socium
1045 772 1249 806 terroribus
1275 783 1405 815 agmen

448 832 612 877 exagitat
636 831 793 865 solidum
820 831 986 874 quatiens
1012 829 1100 863 levis
1127 828 1262 873 ungula
1288 840 1468 872 campum.

263 903 400 956 magis
428 900 648 942 laudanda
682 900 778 951 1113,
821 913 930 953 quae
976 901 1210 951 quaternos
1249 896 1411 938 habent
1443 896 1654 950 spondeos
1685 898 1772 937 sive

264 971 469 1025 dactylos.
528 969 660 1010 veluti
692 968 882 1010 eiusdem
916 966 1105 1008 Maronis
1144 969 1243 1007 sunt
1278 965 1386 1006 haec
1427 966 1589 1020 [georg.
1616 965 1772 1015 1,281;

266 1044 371 1091 2013
401 1054 491 1080 aen.
525 1038 594 1088 IV⁷
627 1041 730 1089 5813
762 1037 810 1087 V.
840 1037 963 1091 481]:

447 1122 504 1152 ter
531 1121 616 1152 sunt
642 1118 764 1152 conati
790 1118 979 1161 imponere
1006 1115 1108 1150 Pelio
1136 1114 1275 1149 Ossam.

449 1188 521 1210 non
551 1176 657 1209 aliter
683 1187 791 1219 quam
817 1175 878 1218 qui
906 1174 1058 1207 adverso
1084 1172 1143 1206 vix
1166 1171 1313 1206 flumine
1339 1172 1511 1205 lembum.

448 1234 547 1268 idem
573 1244 697 1267 omnes
724 1232 830 1265 simul
857 1231 965 1265 ardor
990 1231 1111 1265 habet.
1162 1229 1382 1273 rapiuntque
1410 1231 1603 1272 ruuntque.

449 1291 625 1325 sternitur
651 1289 901 1332 exanimisque
927 1292 1088 1322 tremens
1114 1286 1325 1331 procumbit
1350 1286 1450 1319 humi
1475 1286 1552 1319 bos.

267 1368 369 1420 quin
391 1367 433 1407 in
455 1365 653 1420 partibus
675 1378 822 1406 versus
844 1363 958 1404 idem
981 1361 1194 1415 Vergilius
1223 1361 1439 1401 invenitur
1470 1359 1628 1414 dactyli
1651 1374 1775 1414 spon—

266 1436 420 1489 deique
452 1435 670 1488 sapienter
702 1432 928 1486 digessisse
959 1431 1084 1482 vices,
1116 1434 1163 1472 ut
1192 1433 1299 1484 puta
1337 1430 1447 1484 [aen.
1480 1429 1511 1480 Ι,
1545 1429 1669 1484 586];

449 1515 509 1548 vix
536 1526 577 1548 ea
603 1514 697 1548 fatus
725 1516 812 1556 erat7
841 1524 923 1546 cum
950 1511 1170 1545 circumfusa
1194 1512 1348 1554 repente

450 1571 584 1606 scindit
610 1582 647 1605 se
674 1571 789 1605 nubes
817 1574 854 1604 et
882 1570 917 1603 in
944 1569 1092 1603 aethera
1118 1571 1254 1612 purgat
1279 1570 1457 1611 apertum.

269 1647 424 1701 quibus
457 1650 557 1700 apte
589 1645 836 1699 depingitur
868 1643 1045 1685 nubium
1077 1643 1262 1696 primum
1293 1641 1469 1691 lentius,
1500 1641 1671 1691 deinde,
1704 1641 1778 1682 11111

267 1718 310 1757 111
342 1715 577 1757 nubeculas
609 1717 709 1756 sunt
740 1713 952 1766 dilapsae,
997 1711 1219 1753 celerrime
1259 1709 1569 1752 discedentium
1602 1710 1776 1764 species.

268 1786 397 1839 digna
428 1783 635 1825 memoria
668 1785 711 1823 et
739 1782 814 1822 illa
845 1781 955 1836 [aen.
989 1781 1058 1827 IV,
1093 1780 1215 1834 309]:

452 1864 538 1908 quin
564 1863 675 1897 etiam
699 1862 854 1897 hiberno
882 1861 1022 1895 moliris
1049 1860 1167 1894 sidere
1194 1860 1347 1894 classem

452 1925 488 1955 et
512 1920 641 1955 mediis
667 1931 845 1964 properas
874 1918 1103 1962 aquilonibus
1128 1918 1180 1951 ire
1206 1928 1272 1961 per
1298 1917 1423 1951 altum.

268 1991 343 2033 ubi
388 1990 532 2044 priore
579 1992 717 2029 metro
762 1987 886 2029 labor
929 1988 1098 2028 Aeneae
1151 1986 1344 2040 quamvis
1394 1985 1540 2038 iniquo
1586 1988 1778 2038 tempore

270 2060 451 2100 classem
483 2056 704 2099 reficiendi
731 2071 808 2110 per
831 2055 1056 2110 spondeos,
1088 2055 1224 2096 altero
1247 2054 1437 2096 studium
1459 2068 1630 2107 quoquo
1654 2053 1778 2094 modo

271 2127 458 2169 abeundi
498 2140 576 2180 per
619 2125 813 2179 dactylos
851 2124 1139 2179 pulcherrime
1169 2122 1465 2165 adumbratur.
1527 2136 1605 2164 nec
1640 2122 1778 2162 minus

270 2195 485 2249 elegantia
516 2208 627 2248 quae
658 2198 861 2235 secuntur
894 2194 949 2247 [g.
982 2193 1012 2243 Ι,
1047 2196 1151 2244 319;
1184 2192 1253 2243 IV,
1286 2192 1408 2246 300]:

454 2286 545 2319 quae
568 2274 757 2319 gravidam
781 2274 852 2308 late
879 2276 1043 2317 segetem
1067 2273 1111 2307 ab
1137 2272 1322 2307 radicibus
1347 2271 1428 2305 imis

453 2332 645 2367 sublimem
670 2331 859 2376 expulsam
884 2333 1066 2364 eruerent.

578 2389 664 2423 huic
690 2389 859 2433 geminae
885 2399 991 2421 nares
1016 2390 1053 2421 et
1079 2387 1228 2431 spiritus
1250 2387 1322 2420 oris

453 2447 568 2480 multa
593 2446 792 2480 reluctanti
816 2445 1028 2480 obstruitur.

271 2519 337 2557 est
366 2515 439 2556 ubi
472 2515 756 2569 complurium
790 2528 988 2555 versuum
1020 2514 1170 2567 spatiis
1208 2512 1318 2553 tales
1350 2511 1531 2553 facetias
1563 2510 1780 2552 continuet

271 2588 423 2626 auctor
453 2583 578 2624 idem.
639 2586 769 2637 prout
801 2587 865 2624 est
896 2583 937 2623 in
969 2583 1105 2636 primo
1142 2581 1439 2635 georgicorum
1471 2580 1614 2635 [356]:

455 2664 629 2698 continuo
654 2664 772 2697 ventis
798 2663 1032 2707 surgentibus
1058 2666 1121 2696 aut
1146 2661 1239 2696 freta
1263 2662 1367 2706 ponti

453 2721 637 2765 incipiunt
662 2720 799 2764 agitata
826 2723 1031 2754 tumescere
1058 2723 1095 2753 et
1121 2719 1243 2753 aridus
1268 2719 1351 2752 altis

454 2778 641 2812 montibus
666 2777 783 2811 audiri
810 2777 934 2821 fragor
959 2780 1022 2810 aut
1046 2776 1255 2810 resonantia
1282 2775 1391 2819 longe

453 2836 562 2869 litora
586 2835 733 2869 misceri
760 2838 797 2868 et
822 2846 1014 2868 nemorum
1040 2834 1313 2868 increbrescere
1340 2843 1513 2865 murmur.

273 2904 428 2958 quibus
475 2903 631 2946 similia
676 2902 810 2945 habes
857 2917 952 2945 cum
1004 2902 1089 2944 alia
1133 2902 1320 2956 plurima
1364 2906 1453 2942 tum
1501 2913 1610 2953 quae
1657 2898 1778 2939 initio
