1898 3292
751 273 1027 299 PRoHoEmvm.
1588 271 1610 307 4
1618 271 1640 307 9

136 378 287 429 captus
331 388 477 426 caeca,
519 376 734 429 ingenium
777 375 944 417 obstitit
983 381 1186 418 nostrum.
1249 392 1299 418 ac
1329 379 1503 420 nimium
1535 379 1642 421 illud

136 443 322 485 studium
366 447 534 485 tantum
582 444 692 485 afuit
735 448 783 486 ut
832 444 1059 498 prodesset
1103 445 1396 498 Lachmann0‚
1448 452 1496 489 ut
1545 462 1642 501 gra-

134 512 305 553 vissimo
348 512 528 553 eundem
569 512 773 554 afflixerit
813 513 979 554 damno.
1040 527 1138 555 nam
1179 529 1272 556 cum
1307 517 1642 575 εἰδωλολατρείᾳ

134 580 211 621 tali
242 580 593 622 abalienarentur
634 580 688 622 ab
731 581 922 635 Haupt-io
964 582 1209 624 auditorum
1250 598 1352 637 pars
1396 585 1553 636 maior,
1594 589 1643 626 ut

135 649 316 702 quisque
348 652 443 691 erat
474 650 615 691 animo
648 649 812 691 sollerti
845 654 887 691 et
918 650 1088 692 liberali
1118 652 1359 705 praeditus,
1402 652 1643 694 effectumst

133 717 326 769 tandem,
368 721 417 759 ut
452 732 505 759 ne
548 732 658 760 unus
697 718 867 771 quidem
910 719 952 760 in
997 719 1245 772 Germania,
1290 735 1466 775 quaqua
1508 725 1640 775 patet,

133 786 384 840 disciplinae
407 787 781 830 Lachmannianae
805 791 973 829 extaret
996 793 1158 831 auctor.
1208 804 1317 844 quae
1340 804 1408 832 res
1432 794 1640 844 quantum

132 855 390 896 incommodi
423 855 618 897 attulerit
650 857 919 910 antiquitatis
951 857 1103 899 studiis
1134 872 1216 899 non
1251 862 1316 900 est
1347 860 1461 913 quod
1488 859 1639 900 dicam.

248 924 330 965 Sed
376 925 460 965 iam
503 928 551 965 ut
589 924 686 966 finis
727 924 804 966 fiat
844 926 1083 980 prohoemii
1128 927 1273 979 huius,
1313 928 1449 969 habes
1483 928 1638 969 iterum

131 992 264 1034 libros
296 992 348 1034 de
378 1007 423 1034 re
454 993 633 1034 metrica
663 993 847 1036 relectos
889 998 948 1046 et,
988 999 1037 1036 ut
1064 996 1200 1049 potui,
1249 997 1514 1047 emendatos,
1557 1010 1640 1050 quo

133 1075 261 1115 opere
293 1062 506 1116 auspicati
538 1076 683 1103 sumus
713 1066 812 1104 ante
835 1077 968 1108 annos
999 1063 1095 1118 plus
1127 1066 1307 1119 triginta
1336 1066 1495 1107 famam
1526 1070 1567 1107 et
1597 1067 1639 1106 in

132 1144 216 1184 quo
248 1130 356 1172 adeo
388 1144 533 1172 omnes
565 1144 641 1172 nos
672 1132 831 1185 ingenii
873 1133 1007 1174 nostri
1049 1132 1250 1175 effudisse
1283 1135 1394 1176 vires
1425 1135 1640 1176 interdum

133 1199 445 1241 contenderunt
485 1200 656 1241 inimici.
719 1200 833 1253 quod
880 1202 959 1242 etsi
1006 1216 1128 1243 secus
1171 1202 1321 1254 habet,
1368 1207 1514 1245 tamen
1556 1218 1641 1245 non

131 1281 239 1321 nego
280 1282 419 1322 neque
457 1268 561 1309 mihi
604 1282 655 1309 ex
697 1269 868 1323 scriptis
915 1270 1019 1311 meis
1065 1271 1199 1312 ullum
1242 1272 1378 1325 magis
1426 1272 1640 1326 placuisse

130 1350 269 1390 neque
300 1336 396 1391 plus
427 1336 618 1378 laudium
652 1340 823 1392 partum
857 1338 941 1379 alio
963 1338 1075 1380 libro
1099 1353 1151 1381 ex
1172 1341 1342 1382 nostris.
1397 1355 1480 1394 quo
1503 1341 1640 1394 magis

131 1405 244 1446 omni
276 1419 380 1447 cura
410 1406 639 1460 provisum,
669 1410 716 1448 ut
749 1406 881 1448 editio
912 1407 1020 1449 haec
1051 1408 1247 1462 prodiret
1279 1423 1407 1462 quam
1440 1409 1639 1451 emenda-

128 1474 306 1515 tissima.
359 1474 494 1516 habes
525 1475 658 1528 igitur
689 1475 825 1516 multa
855 1476 1015 1527 addita,
1050 1491 1160 1530 quae
1191 1478 1358 1519 utiliter
1380 1478 1492 1520 adici
1514 1492 1640 1532 posse

129 1543 394 1595 viderentur,
436 1543 648 1597 quaedam
685 1544 877 1599 dempta,
922 1559 1031 1599 quae
1072 1547 1162 1588 sine
1193 1547 1462 1589 incommodo
1495 1548 1639 1589 existi-

129 1626 293 1654 marem
321 1626 447 1666 posse
478 1613 584 1654 tolli.
631 1627 683 1655 ex
715 1614 870 1667 quibus
900 1614 1015 1656 haud
1047 1629 1188 1669 pauca
1217 1616 1355 1658 recisa
1383 1616 1492 1668 ideo,
1523 1617 1639 1670 quod

130 1681 230 1722 olim
261 1681 448 1723 iuvenali
480 1682 635 1724 ardore
665 1682 830 1724 inducti
860 1683 1058 1725 acerbius
1081 1685 1454 1738 exagitaveramus
1477 1686 1640 1740 scripta

130 1749 312 1804 aliquot,
360 1764 469 1804 quae
515 1751 671 1793 merita
717 1751 929 1794 oblivione
971 1752 1131 1794 dudum
1172 1767 1324 1807 pressa
1368 1769 1517 1796 rursus
1564 1768 1640 1795 cur

130 1819 418 1873 arriperemus
463 1819 582 1862 nulla
621 1820 703 1862 fuit
742 1835 884 1862 causa.
948 1821 1131 1875 denique
1163 1823 1306 1864 omnia
1336 1823 1397 1864 ita
1427 1823 1638 1874 instituta,

128 1890 176 1928 ut
217 1888 480 1930 commodior
521 1889 775 1944 faciliorque
817 1904 921 1932 usus
963 1891 1086 1933 fieret
1121 1891 1381 1945 legentibus,
1423 1892 1638 1946 descripto

129 1956 259 1998 etiam
299 1961 552 2011 argumento
595 1972 737 2000 rerum
782 1962 824 2000 et
867 1959 1026 2001 additis
1059 1960 1274 2002 indicibus
1321 1961 1638 2015 copiosissimis.

129 2039 239 2079 quae
271 2039 366 2067 cum
398 2027 461 2068 ita
491 2027 587 2078 sint,
620 2041 705 2069 non
734 2026 884 2069 dubito
918 2028 1009 2070 fore
1042 2032 1089 2070 ut
1120 2043 1231 2071 nova
1261 2029 1470 2071 librorum
1503 2030 1555 2071 de
1590 2044 1637 2071 re

127 2095 309 2136 metrica
349 2099 576 2149 poetarum
607 2096 859 2138 Latinorum
902 2096 1089 2139 editione
1132 2101 1174 2139 et
1218 2101 1384 2140 veteres
1413 2098 1639 2140 firmentur

129 2163 255 2204 amici
286 2167 329 2205 et
357 2165 639 2207 concilientur
669 2166 777 2207 novi.

194 3061 226 3092 Ia.
245 3062 435 3099 Muelleri3
458 3068 502 3094 De
520 3077 542 3094 r.
561 3077 597 3094 m.
616 3077 642 3100 p.
663 3063 694 3094 L.
1341 3058 1363 3092 4
