1898 3292
695 225 813 249 LIBER
833 224 1005 249 TERTIVS.
1522 217 1544 255 ‘2
1552 219 1574 255 5
1581 217 1602 253 7

96 328 382 381 proximumst
430 326 624 368 bonitate
674 327 927 368 molossicae
976 327 1091 380 parti
1141 327 1184 367 in
1234 326 1317 368 fine
1366 327 1603 369 collocatae

96 396 267 449 praeire
311 396 460 445 talem,
505 409 615 448 quae
658 395 950 436 choriambica
991 409 1193 436 mensura
1224 409 1308 436 non
1352 396 1408 437 sit
1452 397 1602 437 minor.

97 478 179 505 non
218 464 395 518 perinde
435 463 543 505 bene
581 477 650 505 res
689 463 887 514 habebit,
931 463 966 505 si
1005 463 1177 505 brevius
1216 463 1450 518 praecedet
1479 478 1605 506 voca-

96 532 264 583 bulum,
301 532 375 573 sed
409 536 452 573 et
482 532 602 586 peius
633 535 698 573 est
726 532 770 572 in
800 531 914 573 thesi
945 535 1138 573 extrema
1168 532 1319 574 adesse
1348 532 1604 588 monosylla-

96 601 209 642 bum.
270 600 384 654 quod
418 604 569 642 contra
598 614 682 642 non
712 600 850 641 malus
882 604 947 642 est
977 614 1139 650 versus,
1171 600 1246 642 sed
1277 601 1430 652 nullus,
1462 602 1498 643 si
1529 605 1605 643 aut

97 670 273 723 quintus
303 683 379 723 pes
412 674 487 710 aut
518 673 664 711 sextus
696 669 929 723 spondiaco
952 669 1083 711 verbo
1116 684 1192 711 seu
1223 669 1436 711 continuis
1457 684 1603 712 mono-

97 738 273 792 syllabis
306 738 560 779 continetur.
614 738 772 792 quippe
803 738 866 779 ita
897 738 1119 792 diremptis
1147 738 1346 792 partibus
1376 742 1470 780 tota
1491 752 1603 781 com-

95 811 221 860 paret
251 806 472 860 spondiaci
503 807 669 848 numeri
702 807 852 860 quinta
884 806 983 848 sede
1014 807 1145 848 locati
1178 807 1389 861 asperitas
1430 811 1473 849 et
1515 811 1603 849 tar-

97 875 230 925 ditas,
281 888 391 928 quae
436 875 643 916 minuitur
687 875 851 916 scilicet
895 874 1098 916 finalibus
1145 875 1327 929 pedibus
1370 876 1517 918 mixtis
1562 880 1606 917 et

97 943 295 984 confusis.
356 942 409 984 ob
452 943 631 985 eandem
673 957 846 985 causam
884 957 909 984 a
946 943 1097 997 quinta
1128 943 1228 985 sede
1261 943 1455 986 exulabit
1488 945 1604 986 vocis

94 1012 191 1065 plus
223 1025 350 1065 quam
383 1011 619 1066 disyllabae
652 1012 910 1066 spondiacus
942 1012 1094 1054 exitus.

211 1081 347 1135 Igitur
378 1081 708 1135 spondiazontas
740 1095 888 1122 versus
919 1080 1062 1122 verbis
1092 1080 1385 1136 tetrasyllabis
1419 1082 1481 1136 (et
1511 1082 1604 1136 qui-

95 1149 190 1190 dem
231 1163 358 1203 saepe
399 1153 632 1200 Appennini
670 1149 880 1191 vocabulo
920 1150 986 1191 usi
1028 1153 1071 1191 et
1113 1150 1314 1204 Orionis),
1360 1154 1408 1191 ut
1453 1151 1604 1192 relicui

94 1218 359 1272 plerumque⁷
390 1219 452 1259 ita
473 1231 642 1272 semper
664 1218 912 1260 conclusere
935 1218 1053 1270 Cato,
1087 1218 1307 1270 Horatius,
1338 1218 1602 1273 Propertius,

95 1285 314 1337 Manilius,
349 1286 648 1338 Germanicus,
685 1286 899 1338 Valerius,
937 1286 1218 1338 Claudianus,
1259 1290 1489 1341 praeterea
1528 1288 1604 1328 tri-

95 1354 270 1410 syllabis
300 1355 588 1409 praecedente
610 1355 818 1397 vocabulo
850 1355 1071 1396 minimum
1101 1355 1391 1397 choriambico
1414 1355 1603 1405 Ovidius,

94 1423 308 1475 Lucanus,
350 1423 532 1476 Statius,
572 1423 720 1475 Silius,
750 1423 981 1474 Martialis,
1016 1424 1239 1465 Ausonius.
1301 1424 1455 1477 quibus
1485 1424 1604 1466 vides

95 1493 320 1534 convenire
352 1506 447 1534 cum
478 1493 708 1534 neotericis
741 1492 1025 1544 Graecorum,
1058 1492 1111 1533 de
1143 1492 1300 1546 quibus
1333 1493 1441 1535 dixit
1472 1493 1601 1534 Lehr-

95 1562 182 1603 sius
211 1561 537 1615 quaestionibus
571 1562 702 1616 epicis
735 1562 791 1617 [p.
816 1562 1072 1616 309—313].
1124 1566 1169 1603 at
1198 1561 1496 1616 monosyllabo
1518 1565 1602 1603 ter·

94 1630 246 1671 minati
271 1630 398 1672 metri
418 1629 527 1672 haec
548 1631 818 1685 potissimum
839 1631 979 1672 inveni
1003 1630 1211 1685 exempla.
1262 1631 1447 1685 primum
1469 1630 1604 1672 habes

95 1698 210 1752 apud
241 1699 424 1745 Ennium
452 1699 539 1740 tale
571 1699 714 1754 [203]:

345 1790 441 1825 dono
467 1790 592 1825 ducite
616 1790 737 1836 doque
762 1790 961 1826 volentibu‘
990 1802 1073 1826 cum
1098 1791 1241 1836 magnis
1265 1790 1322 1825 dis

95 1874 138 1912 et
166 1883 296 1925 porro
328 1870 444 1925 apud
472 1871 719 1913 Lucretium
750 1871 820 1926 [IL
848 1872 969 1926 615]:

344 1963 471 1997 matris
499 1966 536 1998 et
559 1963 696 2008 ingrati
721 1964 951 2008 genitoribus
975 1964 1114 1997 inventi
1141 1963 1224 1997 sint.

95 2042 245 2084 eadem
284 2042 459 2084 licentia
502 2056 586 2084 non
618 2047 736 2084 recte
769 2043 950 2085 credunt
980 2043 1175 2097 plerique
1204 2043 1447 2098 promiscue
1477 2056 1603 2084 usum

94 2124 186 2152 esse
216 2110 449 2152 Maronem.
502 2125 600 2153 nam
634 2111 748 2165 quod
778 2111 845 2153 bis
877 2126 971 2153 eam
1003 2112 1177 2153 admisit
1205 2111 1411 2165 exemplis
1441 2111 1602 2152 talibus

93 2180 204 2234 [aen.
236 2180 316 2231 III,
351 2183 424 2232 123
457 2180 573 2232 VIII,
611 2181 710 2235 679]
755 2179 862 2222 ‘cum
892 2184 1013 2222 sociis
1046 2188 1270 2232 quamque,
1306 2183 1526 2232 penatibus
1567 2188 1603 2221 et

91 2252 250 2300 maynis
292 2246 395 2298 (ἦς’,
440 2246 547 2290 ‘cum
580 2252 774 2300 patribus
814 2254 1066 2301 populoque,
1106 2252 1327 2300 penatibus
1369 2256 1407 2290 et
1445 2253 1603 2301 maym's

94 2314 196 2366 dis',
237 2317 356 2358 vides
387 2318 648 2371 expressisse
678 2318 798 2359 illum
828 2318 1008 2359 totidem
1037 2318 1179 2359 verbis
1201 2318 1456 2369 Ennianum,
1488 2317 1603 2371 quod

92 2385 219 2426 modo
251 2385 390 2427 attuli.
441 2390 671 2440 praeterea
701 2386 914 2428 Iuvenalis
946 2386 1123 2428 satirica
1154 2401 1256 2428 usus
1285 2386 1464 2427 lascivia
1495 2386 1604 2427 dixit

93 2453 149 2508 [3‚
173 2454 273 2508 273]
316 2451 375 2495 ‘et
404 2456 527 2495 subiti
556 2468 677 2496 casus
708 2458 967 2506 inprovidus,
1000 2459 1056 2496 ad
1083 2469 1223 2496 cenam
1253 2451 1329 2504 δι”,
1373 2458 1501 2508 atque
1541 2454 1603 2494 ita

92 2521 375 2563 Terentianus
409 2522 558 2577 [1592]
602 2521 813 2574 ‘spondeis
851 2527 959 2565 illum
989 2527 1126 2575 primo
1157 2530 1292 2564 natum
1325 2526 1461 2565 cernis
1488 2519 1601 2563 sex'.

93 2590 179 2631 alia
209 2591 404 2644 exempla
434 2605 519 2632 non
551 2591 736 2632 memini.
798 2595 843 2633 at
876 2591 1090 2647 disyllaba
1121 2592 1272 2645 quinta
1299 2595 1472 2633 sextave
1502 2590 1602 2632 sede

92 2658 281 2700 admissa
334 2673 390 2700 an
442 2659 609 2713 possint
662 2659 840 2701 tolerari
889 2661 933 2701 in
982 2659 1222 2701 Homericis
1279 2660 1360 2701 etsi
1414 2658 1602 2700 nondum

92 2727 198 2769 satis
245 2731 445 2780 constare
496 2726 604 2768 dixit
648 2727 865 2782 Hauptius
910 2728 1117 2783 [prooem.
1159 2728 1300 2770 Berol.
1345 2730 1449 2769 aest.
1493 2731 1600 2768 1855

91 2809 131 2848 p.
163 2795 255 2849 12],
295 2799 440 2837 tamen
481 2796 801 2838 assentiendum
837 2797 1035 2839 existimo
1068 2796 1284 2847 Bekkero‚
1328 2795 1401 2849 qui
1430 2794 1506 2836 illa
1536 2808 1602 2836 re-

92 2864 291 2905 censione
324 2878 402 2905 sua
437 2864 642 2915 removit,
683 2866 885 2917 quoniam
921 2864 1031 2907 haec
1073 2864 1270 2918 exempla
1313 2877 1397 2905 non
1439 2863 1602 2905 maiore

93 2945 224 2985 opera
267 2946 397 2985 quam
437 2933 562 2985 siqua
602 2933 877 2974 inveniuntur
921 2934 1026 2976 alibi
1071 2937 1251 2986 pot-uere
1301 2932 1404 2973 tolli.
1472 2931 1602 2972 veluti

159 3012 190 3037 L.
210 3012 399 3043 Muelleri3
422 3012 466 3037 De
485 3020 506 3037 r.
526 3021 561 3037 m.
581 3021 608 3043 p.
630 3013 660 3037 L.
1289 3003 1328 3034 17
