1898 3292
214 211 265 248 24
826 216 1101 242 PROHOEMIVM.

214 321 321 361 adeo
371 320 474 360 mihi
522 334 753 372 numquam
800 320 920 372 potui
965 319 1249 372 persuadere,
1297 321 1371 361 sed
1417 324 1466 361 ut
1516 319 1720 361 brevitati

215 388 493 429 consulerem.
556 402 654 428 nam
687 388 861 428 Catonis
894 389 1007 438 eius,
1048 388 1168 429 cuius
1207 389 1285 429 sub
1328 389 1496 430 nomine
1535 388 1721 429 disticha

214 457 411 498 seruntur
451 455 652 506 moralia,
695 456 764 496 vix
806 469 1007 507 uinquam
1052 455 1096 496 in
1148 456 1231 497 hoe
1275 471 1404 510 opere
1452 456 1499 498 fit
1544 456 1714 498 mentio.

214 524 475 578 paucissima
518 524 676 577 quippe
719 524 761 563 in
802 523 981 564 metrica
1024 524 1114 564 eius
1157 524 1359 565 notanda.
1426 525 1532 565 illud
1575 528 1720 565 tamen

214 593 367 634 merito
401 592 677 645 culpandum,
710 591 824 644 quod
856 595 943 631 tam
973 591 1108 632 multa
1133 592 1322 634 elisionis
1354 593 1552 646 exempla
1584 607 1720 645 eaque

215 677 266 703 ex
291 665 415 715 parte
447 661 669 714 asperiora
698 659 820 700 libris
854 660 943 700 eius
986 659 1037 700 de
1081 660 1329 702 coniectura
1368 661 1551 702 intulere
1594 661 1719 702 docti.

331 732 363 771 A
407 729 596 782 Vergilio
638 728 693 769 ad
726 728 924 768 Ovidium
968 732 1152 769 transeo.
1225 729 1344 770 euius
1392 729 1443 770 de
1484 729 1720 770 Heroidum

214 798 325 839 libro
358 799 474 852 (nam
504 798 630 850 vulgo
662 796 859 838 tribuunt
893 796 949 850 ei)
989 810 1100 849 quae
1142 797 1185 837 in
1225 797 1368 850 priore
1409 797 1595 839 editione
1638 797 1721 838 dis-

214 870 484 920 putaveram,
516 879 665 906 rursus
700 864 770 905 1110
802 864 1114 906 adscribentur.

331 935 391 975 Ae
423 934 475 975 de
505 933 738 987 archetypo
772 932 944 985 quidem
987 947 1115 986 quam
1159 933 1424 987 protuleram
1468 934 1722 987 opinionem,

217 1020 241 1044 a
272 1003 346 1043 Th.
370 1003 506 1043 Birtio
534 1002 716 1055 aliisque
748 1001 944 1054 pluribus
977 1005 1041 1042 est
1071 1001 1278 1055 probata3
1313 1017 1452 1055 neque
1482 1017 1594 1043 nunc
1615 1002 1723 1043 verti

217 1071 486 1112 sententiam.

333 1141 395 1181 De
435 1139 685 1180 auctoribus
727 1138 963 1179 carminum
1004 1138 1174 1180 illorum
1217 1139 1394 1193 (quippe
1425 1139 1550 1180 unius
1584 1138 1723 1179 Ovidii

218 1224 311 1250 esse
343 1222 427 1249 11011
468 1208 666 1261 possunt)
710 1221 803 1247 eum
848 1206 1028 1248 multum
1071 1208 1126 1248 sit
1172 1207 1374 1261 deinceps
1417 1207 1661 1260 quaesitum
1700 1221 1725 1247 a

218 1277 362 1318 multis
395 1276 553 1329 aliique
586 1275 772 1316 abierint
808 1275 848 1315 in
881 1275 984 1326 alia⁷
1022 1276 1209 1317 nondum
1242 1279 1386 1317 tamen
1417 1290 1486 1316 res
1518 1276 1724 1316 confecta.

216 1360 362 1387 verum
398 1345 452 1386 ad
484 1347 632 1385 nostra
664 1343 810 1385 studia
840 1344 884 1385 id
914 1358 1067 1398 parum
1096 1345 1296 1398 pertinet.
1347 1358 1425 1385 nec
1459 1344 1570 1384 enim
1603 1343 1725 1385 dubi-

217 1416 299 1455 tari
331 1416 474 1467 potest
507 1426 652 1453 omnes
682 1412 890 1465 epistulas
923 1413 1019 1454 illas
1052 1427 1103 1455 ne
1127 1413 1325 1467 Sapphus
1349 1412 1521 1466 quidem
1544 1416 1726 1465 excepta

218 1508 272 1513 -—
315 1482 367 1523 de
412 1495 498 1535 qua
539 1480 639 1522 olim
685 1480 812 1521 aliter
863 1484 1099 1522 statueram
1150 1481 1415 1522 Lachmanni
1465 1481 1726 1522 auctoritate

219 1555 372 1604 captus
406 1576 456 1580 —
490 1564 575 1590 11011
604 1549 730 1590 1110110
754 1553 897 1591 aetate
920 1549 1059 1590 Ovidii
1091 1550 1276 1604 scriptas
1308 1550 1374 1591 vel
1406 1550 1615 1603 proxima,
1651 1549 1726 1591 sed

217 1620 348 1661 veluti
379 1619 422 1659 in
452 1618 554 1659 ludo
587 1618 678 1659 eius
700 1618 754 1659 ab
778 1618 1044 1659 amatoribus
1076 1617 1454 1671 imitatoribusque
1487 1617 1722 1671 eademque

218 1689 323 1729 artis
357 1687 652 1729 communione
684 1686 802 1739 iungi
835 1701 931 1728 cum
962 1687 1055 1737 hoc,
1089 1701 1174 1740 qua
1200 1687 1406 1741 Lygdami
1439 1690 1481 1727 et
1510 1686 1726 1740 Sulpiciae

218 1757 378 1809 elegias
419 1770 513 1796 cum
553 1754 734 1796 Tibullo.
797 1758 839 1795 et
870 1755 1066 1796 similiter
1105 1756 1312 1797 iudicavit
1342 1755 1660 1802 Lachmannus,
1701 1769 1726 1795 a

220 1840 303 1878 11110
337 1824 448 1866 male
479 1823 678 1865 discessit
712 1823 954 1865 Merkelius.

334 1894 486 1946 Itaque
516 1893 602 1934 iam
633 1896 855 1946 repetetur
885 1893 1022 1943 locus,
1067 1891 1238 1945 qualem
1267 1895 1367 1933 ante
1398 1905 1532 1933 annos
1563 1891 1727 1932 XXXII

218 1975 594 2016 proposueramus,
628 1965 780 2003 auctus
812 1960 985 2014 quidem
1018 1960 1086 2001 hic
1116 1960 1204 2001 11110
1230 1960 1295 2002 vel
1326 1960 1532 2001 inversus.

334 2030 367 2070 E
410 2030 564 2071 ceteris
603 2030 811 2083 Augustei
857 2029 949 2070 aevi
994 2028 1254 2070 carminibus
1298 2029 1482 2082 primum
1528 2042 1605 2069 nos
1653 2028 1727 2069 ad-

219 2102 357 2140 vertet
396 2098 633 2139 Heroidum
677 2098 827 2139 Ovidio
869 2098 962 2138 iure
1012 2111 1087 2138 seu
1130 2110 1359 2150 perperam
1407 2096 1725 2150 adscriptarum

218 2167 350 2218 liber,
389 2170 431 2208 et
473 2166 644 2220 quidem
688 2166 740 2207 ob
783 2180 958 2207 causam
998 2165 1223 2219 duplicem.
1292 2179 1344 2206 ex
1389 2164 1545 2218 quibus
1589 2165 1728 2206 altera

218 2236 326 2277 haec
370 2239 450 2285 est,
498 2235 613 2288 quod
658 2249 911 2288 persuasum
952 2234 1110 2285 habeo,
1158 2248 1241 2274 non
1287 2237 1403 2274 reete
1451 2233 1589 2286 egisse
1636 2246 1727 2273 rem

220 2304 543 2344 Lachmannum
576 2307 618 2344 et
649 2304 722 2356 11111
754 2303 948 2356 sequitur
979 2317 1075 2344 eum
1108 2301 1361 2343 Merkelium
1391 2301 1643 2355 expellendo
1677 2315 1727 2342 ex

221 2371 416 2425 epistulis
447 2371 614 2412 Paridis
653 2375 695 2412 et
726 2372 943 2426 Cydippae
975 2385 1122 2412 versus
1164 2384 1301 2424 paene
1332 2370 1465 2412 CCCL
1506 2374 1727 2422 tamquam

220 2440 426 2481 Italorum
478 2454 587 2481 saec.
633 2440 709 2481 XV
762 2439 914 2480 fraude
964 2443 1092 2480 ortos.
1165 2438 1280 2491 quod
1328 2442 1376 2479 ut
1425 2438 1726 2489 demonstrem,

221 2508 400 2549 afferam
422 2508 627 2550 nonnulla
649 2508 700 2549 de
724 2508 958 2562 archetypo
983 2507 1129 2549 codice
1158 2506 1395 2548 carminum
1417 2507 1726 2548 amatoriorum

220 2576 371 2618 Ovidii.

334 2645 472 2698 Igitur
513 2644 699 2698 primum
746 2644 934 2685 omnium
980 2645 1085 2685 satis
1134 2646 1303 2685 constat
1344 2643 1626 2685 distichorum
1671 2644 1726 2685 ab

221 2713 371 2754 Ovidio
412 2716 510 2754 ante
553 2712 725 2753 exilium
768 2713 1102 2766 compositorum
1145 2711 1316 2753 saeculo
1361 2712 1418 2753 VI
1456 2712 1522 2752 vel
1563 2712 1642 2753 VII
1683 2712 1727 2752 in

220 2782 483 2822 monasterio
518 2781 705 2834 quodam
737 2780 902 2822 Gallico
936 2781 1066 2821 fuisse
1108 2781 1327 2833 exemplar
1365 2780 1597 2833 integrum,
1642 2794 1726 2833 quo

222 2850 577 2890 continuarentur
623 2849 824 2902 deinceps
871 2850 951 2890 Ars
997 2849 1211 2890 amatoria
1264 2853 1306 2889 et
1347 2848 1551 2889 Remedia
1596 2852 1726 2901 atque

222 2918 400 2958 Amores
432 2932 528 2958 cum
562 2918 798 2959 Heroidum
829 2917 1089 2958 carminibus
1113 2916 1204 2967 XX,
1235 2918 1336 2957 item
1370 2917 1480 2957 libor
1512 2916 1562 2957 dc
1598 2916 1726 2958 medi-
