1898 3292
747 213 863 239 Lmen
887 212 1078 242 QVARTVS.
1589 201 1669 238 3637

368 328 452 361 pars
477 319 534 350 est
557 327 667 360 parva
693 326 835 360 poema.
882 313 1034 358 idyllion
1060 323 1147 347 ecce
1176 323 1307 356 poema
1335 316 1394 345 aut

368 373 535 415 disticha,
563 372 717 416 epistula
743 372 832 405 item
859 371 1006 414 quaevis
1032 381 1105 404 non
1130 380 1272 414 magna,
1299 373 1465 413 poemast

368 430 446 472 illa,
473 430 601 476 poesis
621 441 712 473 opus
738 432 868 471 totum,
894 432 936 462 ut
960 431 1039 461 tota
1063 427 1150 461 Ilias
1176 430 1281 460 unast

368 482 540 525 σύνθεσις
565 485 802 528 Annalesque
828 485 934 519 Enni.
985 488 1093 528 atque
1120 496 1137 518 e
1168 487 1247 518 stoc
1274 483 1368 517 liber
1394 494 1484 515 unus

369 547 424 578 est
447 544 562 577 maius
588 543 703 576 multo
730 554 837 586 quam
864 542 962 585 quod
988 541 1062 576 dixi
1090 544 1173 575 ante
1199 552 1341 585 poema.

369 603 594 644 quapropter
621 600 725 634 dico:
753 610 871 642 nemo,
900 599 961 642 qui
987 598 1113 642 culpat
1137 598 1353 640 Homerum,

368 660 589 701 perpetuom
616 657 740 700 culpat
765 667 883 699 neque
915 655 1012 699 quod
1039 655 1114 688 dixi
1140 658 1223 688 ante
1249 655 1388 698 poesin,

368 726 495 748 verum
522 726 632 747 unum
660 714 784 757 culpat
808 714 972 756 verbum,
999 712 1230 757 enthymema
1255 712 1432 745 locumve.

163 810 392 861 praeterea
413 805 527 859 quod
559 806 601 846 in
629 810 750 846 sexto
773 804 984 846 Aeneidos
1017 803 1131 860 [389]
1165 803 1298 844 habet
1326 803 1435 844 liber
1460 802 1674 843 Mediceus

165 890 190 916 a
228 876 368 929 prima
398 888 527 915 mauu
571 872 696 925 ‘fara
729 887 819 925 aye,
855 876 953 924 quid
982 876 1119 914 venias
1152 876 1228 913 iam
1260 876 1364 912 stine
1396 880 1432 912 el
1462 873 1677 920 comprime

164 940 389 996 yressum’,
435 956 519 983 non
558 956 702 983 errore
746 941 929 995 quodam
972 945 1046 982 aut
1087 940 1355 994 neglegentia
1384 944 1535 980 ,ortum
1584 951 1675 979 esse

168 1016 273 1053 stine
313 1011 448 1053 altero
491 1015 634 1065 potest
679 1010 857 1064 probari
900 1009 1156 1051 testimonio.
1227 1008 1381 1050 etenim
1426 1008 1469 1048 in
1512 1006 1676 1047 Hosidii

165 1080 336 1131 Medea,
369 1083 547 1121 centone
578 1079 825 1132 Vergiliano
858 1078 990 1134 [anth.
1020 1082 1081 1121 17.
1110 1081 1187 1119 193
1211 1076 1299 1133 R.],
1340 1075 1529 1118 eiusdem
1562 1075 1676 1116 illins

165 1163 312 1191 versus
342 1162 444 1202 pars
473 1140 693 1202 postrema
723 1147 824 1188 talis
848 1161 942 1188 cum
965 1147 1130 1188 feratur
1173 1144 1270 1187 ‘iam
1292 1149 1441 1196 slinyel
1463 1158 1678 1194 conprome

166 1214 361 1265 ressum',
403 1216 530 1258 facile
571 1216 698 1258 etiam
738 1219 997 1269 agnoscetur
1037 1218 1153 1256 stine.
1216 1214 1398 1267 denique
1436 1215 1519 1254 iam
1561 1212 1586 1252 l.
1618 1212 1677 1252 III

167 1285 339 1327 Sedulio
371 1285 680 1326 vindicavimus
711 1288 787 1325 scic
819 1298 896 1337 pro
929 1287 1030 1325 istie.
1084 1286 1234 1324 contra
1268 1286 1355 1333 ipse
1385 1295 1469 1322 non
1498 1281 1582 1321 iam
1616 1280 1678 1319 in-

167 1355 336 1395 venitur
375 1353 590 1395 concisum
631 1353 673 1393 in
712 1352 834 1394 libris
877 1352 1184 1407 dactylicorum
1215 1354 1389 1404 praeter
1419 1349 1525 1390 illud
1556 1348 1680 1389 Ennii

169 1421 282 1479 [406]
314 1436 382 1463 res
415 1436 553 1473 sapsa.
616 1421 691 1463 sed
724 1425 766 1462 et·
795 1421 837 1461 in
871 1420 1055 1474 Thyeste
1088 1420 1276 1462 Senecae
1309 1418 1459 1473 [1065]
1501 1416 1678 1458 efferen-

170 1491 270 1532 dum
307 1504 489 1542 meapse,
531 1504 626 1532 cum
664 1493 707 1531 et
737 1490 849 1530 ratio
883 1488 1031 1530 eadem
1065 1489 1119 1530 sit
1152 1487 1311 1529 vocalis
1342 1487 1529 1541 primae,
1571 1498 1680 1538 quae

169 1560 212 1600 in
252 1563 350 1607 isto,
394 1563 436 1600 et
478 1559 583 1600 satis
623 1562 789 1599 constet
830 1557 989 1598 dixisse
1031 1557 1143 1598 sicut
1180 1556 1382 1597 Plautum
1425 1554 1549 1611 [Men.
1584 1553 1680 1608 637]

171 1642 376 1678 eampsus,
418 1627 546 1669 etiam
581 1626 764 1668 Tullium
808 1625 876 1682 [de
911 1640 1000 1679 rep.
1036 1625 1114 1677 III,
1148 1629 1195 1677 ὃς
1226 1626 1320 1666 Sen.
1352 1638 1415 1678 ep.
1449 1637 1551 1664 mor.
1589 1625 1681 1665 108.

173 1694 241 1752 32]
275 1709 393 1747 sepse
425 1699 467 1737 et
497 1709 659 1747 reapse,
693 1695 799 1736 alios
832 1709 955 1746 eapse
988 1693 1120 1751 [Paul.
1143 1708 1182 1748 p.
1208 1693 1288 1749 77].
1341 1696 1457 1734 certe
1487 1690 1593 1732 illud
1616 1694 1683 1731 sat.

171 1764 328 1806 multos
358 1764 509 1818 implet
547 1777 747 1806 numeros
790 1762 1125 1817 probabilitatis,
1167 1761 1454 1816 praecedente
1486 1764 1500 1801 ἱ
1530 1773 1609 1801 nec
1640 1760 1681 1799 in

171 1837 258 1884 ipso
291 1847 369 1874 nec
398 1833 441 1873 in
474 1836 547 1874 isto
580 1832 828 1874 exauditam
859 1831 1079 1872 initialem.
1143 1835 1333 1872 ceterum
1356 1829 1554 1871 similiter
1584 1841 1682 1882 pro-

171 1902 366 1952 nominis,
400 1902 512 1954 quod
542 1904 607 1942 est.
639 1905 717 1949 ille,
757 1899 1032 1954 absumptam
1066 1914 1157 1942 esse
1189 1900 1442 1954 plerumque
1474 1897 1680 1952 syllabam

172 1970 361 2024 priorem
394 1984 490 2011 cum
522 1969 855 2010 Romanicarum
888 1969 1131 2021 linguarum
1173 1968 1376 2009 docemur
1415 1966 1563 2007 formis
1592 1969 1682 2006 tum

172 2038 254 2080 hoc
281 2052 407 2079 versu
437 2037 602 2080 Afranii
635 2037 756 2093 [Non.
788 2051 828 2090 p.
862 2035 958 2092 343]
1003 2035 1136 2077 ‘immo
1166 2040 1194 2077 Ze?
1221 2040 1350 2077 mitem
1386 2041 1492 2087 facco
1522 2038 1686 2087 facismt

166 2104 386 2158 szcste'bus'.
439 2110 481 2148 et
513 2105 669 2148 similia
699 2106 958 2159 aliquotiens
988 2106 1031 2146 in
1054 2105 1207 2146 Lucilii
1230 2105 1397 2146 Saturis
1430 2104 1684 2153 notavimus

172 2178 220 2216 ut
253 2175 300 2225 V,
335 2178 408 2227 163
436 2175 592 2226 XXIX,
621 2178 685 2217 63,
718 2200 773 2205 —
815 2174 917 2228 quid
949 2174 1063 2227 quod
1093 2174 1277 2215 alienam
1310 2173 1477 2215 omnino
1510 2175 1684 2219 IsmaeH,

173 2243 355 2285 nominis
404 2243 606 2294 barbari,
656 2243 939 2297 principalem
983 2242 1174 2284 litteram
1218 2242 1388 2284 abicere
1441 2256 1570 2283 ausus
1621 2244 1686 2281 est

173 2315 325 2353 auctor
355 2311 455 2353 libri
485 2312 529 2353 in
561 2312 735 2365 genesin
765 2310 879 2368 [531]
914 2311 996 2352 hoc
1027 2325 1174 2353 versu:

378 2403 465 2446 quin
491 2403 602 2437 etiam
630 2403 749 2447 patria
776 2402 941 2437 Smaelus
966 2414 1033 2447 pro
1061 2413 1171 2446 prece
1199 2402 1310 2435 dives.

173 2486 303 2536 atque
338 2483 402 2524 ita
434 2485 622 2524 Scardona
660 2483 818 2537 legitur
851 2482 966 2537 apud
998 2482 1277 2524 Prudentium
1311 2481 1543 2537 [psychom.
1575 2479 1686 2535 530}

286 2551 378 2592 Iam
409 2551 461 2592 de
489 2551 650 2592 omissa
678 2555 726 2592 ut
757 2565 880 2605 agam
921 2550 1117 2603 elisione,
1161 2564 1422 2604 quamquam
1455 2548 1591 2590 refert
1622 2548 1686 2588 Ci-

174 2632 272 2660 cero
303 2619 347 2660 in
378 2619 560 2660 Oratore
605 2618 687 2675 [44,
723 2619 818 2676 150]
864 2620 1073 2661 neminem
1106 2619 1396 2660 Romanorum
1437 2617 1567 2658 fuisse
1598 2620 1685 2657 tam

173 2688 393 2738 incultum,
427 2687 528 2740 quin
560 2688 730 2729 vocales
762 2687 891 2729 vellet
923 2688 1194 2741 coniungere,
1234 2692 1378 2728 tamen
1411 2685 1506 2726 rudi
1539 2686 1686 2726 etiam-

172 2759 264 2797 tum
306 2756 479 2796 civitate
524 2755 755 2809 aliquando
797 2756 840 2796 in
877 2770 1055 2798 numero
1098 2755 1290 2797 saturnio
1324 2768 1374 2795 ac
1407 2753 1688 2808 popularibus

173 2823 356 2864 modulis
389 2823 621 2865 admissum
653 2824 818 2865 hiatum
849 2838 932 2865 non
964 2824 1169 2865 abhorret
1201 2837 1225 2863 a
1250 2836 1364 2864 vero.
1426 2835 1685 2876 quamquam

173 2893 215 2932 in
249 2892 440 2933 versibus
484 2892 556 2944 qui
601 2896 750 2932 extant
788 2897 907 2945 [sunt
953 2897 1093 2933 autem
1139 2905 1284 2932 omnes
1320 2892 1407 2932 fere
1449 2891 1689 2943 argumenti
