<?xml version="1.0" encoding="UTF-8"?>
<!DOCTYPE html PUBLIC "-//W3C//DTD XHTML 1.0 Transitional//EN"
    "http://www.w3.org/TR/xhtml1/DTD/xhtml1-transitional.dtd">
<html xmlns="http://www.w3.org/1999/xhtml" xml:lang="en" lang="en">
 <head>
  <title>
</title>
<meta http-equiv="Content-Type" content="text/html;charset=utf-8" />
  <meta name='ocr-system' content='tesseract 3.04.00' />
  <meta name='ocr-capabilities' content='ocr_page ocr_carea ocr_par ocr_line ocrx_word'/>
</head>
<body>
  <div class='ocr_page' id='page_1' title='image "./deremetricapoeta00mluoft_0549.png"; bbox 0 0 1898 3292; ppageno 0'>
   <div class='ocr_carea' id='block_1_1' title="bbox 745 178 1637 215">
    <p class='ocr_par' dir='ltr' id='par_1_1' title="bbox 745 178 1637 215">
     <span class='ocr_line' id='line_1_1' title="bbox 745 178 1637 215; baseline 0.004 -5"><span class='ocrx_word' id='word_1_1' title='bbox 745 185 979 210; x_wconf 77' lang='lat' dir='ltr'>opvscvnvm</span> <span class='ocrx_word' id='word_1_2' title='bbox 999 186 1021 209; x_wconf 93' lang='lat'>1.</span> <span class='ocrx_word' id='word_1_3' title='bbox 1559 179 1580 214; x_wconf 69' lang='grc' dir='ltr'>Γ)</span> <span class='ocrx_word' id='word_1_4' title='bbox 1587 178 1608 215; x_wconf 75' lang='grc'>2</span> <span class='ocrx_word' id='word_1_5' title='bbox 1616 178 1637 213; x_wconf 74' lang='grc' dir='ltr'>Γ)</span> 
     </span>
    </p>
   </div>
   <div class='ocr_carea' id='block_1_2' title="bbox 130 286 1640 2929">
    <p class='ocr_par' dir='ltr' id='par_1_2' title="bbox 131 286 1639 750">
     <span class='ocr_line' id='line_1_2' title="bbox 133 286 1637 341; baseline 0.001 -14"><span class='ocrx_word' id='word_1_6' title='bbox 133 286 419 337; x_wconf 89' lang='lat' dir='ltr'>modulorum,</span> <span class='ocrx_word' id='word_1_7' title='bbox 461 301 546 340; x_wconf 88' lang='lat' dir='ltr'>qua</span> <span class='ocrx_word' id='word_1_8' title='bbox 578 287 780 330; x_wconf 90' lang='lat' dir='ltr'>delectati</span> <span class='ocrx_word' id='word_1_9' title='bbox 811 287 1027 329; x_wconf 80' lang='lat' dir='ltr'>Ciceronis</span> <span class='ocrx_word' id='word_1_10' title='bbox 1058 290 1202 328; x_wconf 87' lang='lat' dir='ltr'>aetate</span> <span class='ocrx_word' id='word_1_11' title='bbox 1235 291 1432 328; x_wconf 84' lang='lat' dir='ltr'>cantores</span> <span class='ocrx_word' id='word_1_12' title='bbox 1468 288 1637 341; x_wconf 81' lang='lat' dir='ltr'>Eupho-</span> 
     </span>
     <span class='ocr_line' id='line_1_3' title="bbox 133 355 1637 409; baseline 0 -13"><span class='ocrx_word' id='word_1_13' title='bbox 133 355 282 406; x_wconf 80' lang='lat' dir='ltr'>rionis,</span> <span class='ocrx_word' id='word_1_14' title='bbox 313 359 488 408; x_wconf 88' lang='lat' dir='ltr'>praeter</span> <span class='ocrx_word' id='word_1_15' title='bbox 526 355 603 397; x_wconf 91' lang='lat' dir='ltr'>hos</span> <span class='ocrx_word' id='word_1_16' title='bbox 634 356 766 397; x_wconf 88' lang='lat' dir='ltr'>habet</span> <span class='ocrx_word' id='word_1_17' title='bbox 798 356 925 396; x_wconf 83' lang='lat' dir='ltr'>etiam</span> <span class='ocrx_word' id='word_1_18' title='bbox 959 355 1226 409; x_wconf 74' lang='lat' dir='ltr'>septenarios</span> <span class='ocrx_word' id='word_1_19' title='bbox 1258 355 1476 406; x_wconf 80' lang='lat' dir='ltr'>iambicos,</span> <span class='ocrx_word' id='word_1_20' title='bbox 1509 369 1637 409; x_wconf 86' lang='lat' dir='ltr'>porro</span> 
     </span>
     <span class='ocr_line' id='line_1_4' title="bbox 133 423 1638 474; baseline 0.001 -11"><span class='ocrx_word' id='word_1_21' title='bbox 133 423 376 464; x_wconf 75' lang='lat' dir='ltr'>octonarios</span> <span class='ocrx_word' id='word_1_22' title='bbox 407 423 615 465; x_wconf 77' lang='lat' dir='ltr'>iambicos</span> <span class='ocrx_word' id='word_1_23' title='bbox 647 428 689 464; x_wconf 91' lang='lat' dir='ltr'>et</span> <span class='ocrx_word' id='word_1_24' title='bbox 720 424 974 474; x_wconf 88' lang='lat' dir='ltr'>trochaicos,</span> <span class='ocrx_word' id='word_1_25' title='bbox 1006 424 1109 464; x_wconf 89' lang='lat' dir='ltr'>item</span> <span class='ocrx_word' id='word_1_26' title='bbox 1139 424 1321 464; x_wconf 79' lang='lat' dir='ltr'>creticos</span> <span class='ocrx_word' id='word_1_27' title='bbox 1352 427 1394 464; x_wconf 90' lang='lat' dir='ltr'>et</span> <span class='ocrx_word' id='word_1_28' title='bbox 1423 424 1638 470; x_wconf 76' lang='lat' dir='ltr'>bacchios,</span> 
     </span>
     <span class='ocr_line' id='line_1_5' title="bbox 133 491 1639 546; baseline 0.001 -15"><span class='ocrx_word' id='word_1_29' title='bbox 133 491 338 532; x_wconf 89' lang='lat' dir='ltr'>dimetros</span> <span class='ocrx_word' id='word_1_30' title='bbox 361 493 662 545; x_wconf 86' lang='lat' dir='ltr'>anapaesticos</span> <span class='ocrx_word' id='word_1_31' title='bbox 694 492 937 546; x_wconf 80' lang='lat' dir='ltr'>systematis</span> <span class='ocrx_word' id='word_1_32' title='bbox 971 492 1206 541; x_wconf 92' lang='lat' dir='ltr'>conclusos,</span> <span class='ocrx_word' id='word_1_33' title='bbox 1241 491 1425 544; x_wconf 87' lang='lat' dir='ltr'>denique</span> <span class='ocrx_word' id='word_1_34' title='bbox 1448 493 1639 533; x_wconf 87' lang='lat' dir='ltr'>senarios</span> 
     </span>
     <span class='ocr_line' id='line_1_6' title="bbox 131 559 1638 613; baseline 0.001 -13"><span class='ocrx_word' id='word_1_35' title='bbox 131 559 339 601; x_wconf 78' lang='lat' dir='ltr'>iambicos</span> <span class='ocrx_word' id='word_1_36' title='bbox 362 563 405 601; x_wconf 90' lang='lat' dir='ltr'>et</span> <span class='ocrx_word' id='word_1_37' title='bbox 436 561 705 613; x_wconf 85' lang='lat' dir='ltr'>septenarios</span> <span class='ocrx_word' id='word_1_38' title='bbox 736 560 980 602; x_wconf 89' lang='lat' dir='ltr'>trochaicos</span> <span class='ocrx_word' id='word_1_39' title='bbox 1013 560 1318 601; x_wconf 76' lang='lat' dir='ltr'>claudicantes</span> <span class='ocrx_word' id='word_1_40' title='bbox 1370 564 1499 613; x_wconf 88' lang='lat' dir='ltr'>atque</span> <span class='ocrx_word' id='word_1_41' title='bbox 1531 561 1638 601; x_wconf 82' lang='lat' dir='ltr'>haec</span> 
     </span>
     <span class='ocr_line' id='line_1_7' title="bbox 133 628 1638 682; baseline 0.001 -14"><span class='ocrx_word' id='word_1_42' title='bbox 133 628 273 669; x_wconf 89' lang='lat' dir='ltr'>omnia</span> <span class='ocrx_word' id='word_1_43' title='bbox 314 628 428 682; x_wconf 87' lang='lat' dir='ltr'>apud</span> <span class='ocrx_word' id='word_1_44' title='bbox 472 629 652 670; x_wconf 89' lang='lat' dir='ltr'>eundem</span> <span class='ocrx_word' id='word_1_45' title='bbox 691 629 785 670; x_wconf 80' lang='lat' dir='ltr'>aliis</span> <span class='ocrx_word' id='word_1_46' title='bbox 814 629 921 670; x_wconf 90' lang='lat' dir='ltr'>locis</span> <span class='ocrx_word' id='word_1_47' title='bbox 953 629 1227 670; x_wconf 87' lang='lat' dir='ltr'>inveniuntur</span> <span class='ocrx_word' id='word_1_48' title='bbox 1259 629 1387 670; x_wconf 85' lang='lat' dir='ltr'>etiam</span> <span class='ocrx_word' id='word_1_49' title='bbox 1420 629 1473 670; x_wconf 85' lang='lat' dir='ltr'>ad</span> <span class='ocrx_word' id='word_1_50' title='bbox 1506 630 1638 670; x_wconf 77' lang='lat' dir='ltr'>Grae—</span> 
     </span>
     <span class='ocr_line' id='line_1_8' title="bbox 132 696 637 750; baseline 0.002 -13"><span class='ocrx_word' id='word_1_51' title='bbox 132 710 277 737; x_wconf 88' lang='lat' dir='ltr'>corum</span> <span class='ocrx_word' id='word_1_52' title='bbox 307 696 424 750; x_wconf 88' lang='lat' dir='ltr'>leges</span> <span class='ocrx_word' id='word_1_53' title='bbox 455 697 637 738; x_wconf 87' lang='lat' dir='ltr'>exculta.</span> 
     </span>
    </p>

    <p class='ocr_par' dir='ltr' id='par_1_3' title="bbox 130 764 1639 1354">
     <span class='ocr_line' id='line_1_9' title="bbox 246 764 1639 818; baseline 0.001 -13"><span class='ocrx_word' id='word_1_54' title='bbox 246 764 467 806; x_wconf 86' lang='lat' dir='ltr'>Phaedrus</span> <span class='ocrx_word' id='word_1_55' title='bbox 502 769 658 816; x_wconf 88' lang='lat' dir='ltr'>autem,</span> <span class='ocrx_word' id='word_1_56' title='bbox 696 766 878 818; x_wconf 83' lang='lat' dir='ltr'>Augusti</span> <span class='ocrx_word' id='word_1_57' title='bbox 921 765 1115 815; x_wconf 89' lang='lat' dir='ltr'>libertus,</span> <span class='ocrx_word' id='word_1_58' title='bbox 1157 766 1269 818; x_wconf 91' lang='lat' dir='ltr'>quod</span> <span class='ocrx_word' id='word_1_59' title='bbox 1313 769 1455 806; x_wconf 86' lang='lat' dir='ltr'>aetate</span> <span class='ocrx_word' id='word_1_60' title='bbox 1496 765 1639 807; x_wconf 84' lang='lat' dir='ltr'>cultis-</span> 
     </span>
     <span class='ocr_line' id='line_1_10' title="bbox 132 833 1639 887; baseline 0 -14"><span class='ocrx_word' id='word_1_61' title='bbox 132 833 240 874; x_wconf 86' lang='lat' dir='ltr'>sima</span> <span class='ocrx_word' id='word_1_62' title='bbox 270 833 443 874; x_wconf 85' lang='lat' dir='ltr'>admisit</span> <span class='ocrx_word' id='word_1_63' title='bbox 475 833 687 887; x_wconf 87' lang='lat' dir='ltr'>spondeos</span> <span class='ocrx_word' id='word_1_64' title='bbox 719 835 760 874; x_wconf 88' lang='lat' dir='ltr'>in</span> <span class='ocrx_word' id='word_1_65' title='bbox 794 834 971 887; x_wconf 89' lang='lat' dir='ltr'>paribus</span> <span class='ocrx_word' id='word_1_66' title='bbox 1002 834 1187 874; x_wconf 84' lang='lat' dir='ltr'>trimetri</span> <span class='ocrx_word' id='word_1_67' title='bbox 1219 833 1336 884; x_wconf 83' lang='lat' dir='ltr'>locis,</span> <span class='ocrx_word' id='word_1_68' title='bbox 1369 834 1412 875; x_wconf 91' lang='lat' dir='ltr'>id</span> <span class='ocrx_word' id='word_1_69' title='bbox 1444 834 1639 887; x_wconf 77' lang='lat' dir='ltr'>exemplo</span> 
     </span>
     <span class='ocr_line' id='line_1_11' title="bbox 131 901 1639 956; baseline 0.001 -14"><span class='ocrx_word' id='word_1_70' title='bbox 131 901 300 943; x_wconf 88' lang='lat' dir='ltr'>videtur</span> <span class='ocrx_word' id='word_1_71' title='bbox 345 901 507 943; x_wconf 86' lang='lat' dir='ltr'>factum</span> <span class='ocrx_word' id='word_1_72' title='bbox 551 903 720 944; x_wconf 86' lang='lat' dir='ltr'>Publilii</span> <span class='ocrx_word' id='word_1_73' title='bbox 761 903 873 956; x_wconf 76' lang='lat' dir='ltr'>Syri,</span> <span class='ocrx_word' id='word_1_74' title='bbox 921 903 1078 956; x_wconf 89' lang='lat' dir='ltr'>quippe</span> <span class='ocrx_word' id='word_1_75' title='bbox 1121 902 1240 943; x_wconf 85' lang='lat' dir='ltr'>cuius</span> <span class='ocrx_word' id='word_1_76' title='bbox 1281 902 1420 943; x_wconf 87' lang='lat' dir='ltr'>mimis</span> <span class='ocrx_word' id='word_1_77' title='bbox 1461 902 1639 955; x_wconf 85' lang='lat' dir='ltr'>perinde</span> 
     </span>
     <span class='ocr_line' id='line_1_12' title="bbox 132 969 1637 1024; baseline 0.001 -14"><span class='ocrx_word' id='word_1_78' title='bbox 132 970 218 1010; x_wconf 86' lang='lat' dir='ltr'>vita</span> <span class='ocrx_word' id='word_1_79' title='bbox 250 969 569 1012; x_wconf 87' lang='lat' dir='ltr'>describeretur</span> <span class='ocrx_word' id='word_1_80' title='bbox 605 971 885 1024; x_wconf 88' lang='lat' dir='ltr'>hominesque</span> <span class='ocrx_word' id='word_1_81' title='bbox 927 971 1178 1012; x_wconf 86' lang='lat' dir='ltr'>iuvarentur</span> <span class='ocrx_word' id='word_1_82' title='bbox 1221 971 1409 1012; x_wconf 87' lang='lat' dir='ltr'>consiliis</span> <span class='ocrx_word' id='word_1_83' title='bbox 1451 971 1504 1012; x_wconf 83' lang='lat' dir='ltr'>ad</span> <span class='ocrx_word' id='word_1_84' title='bbox 1546 984 1637 1011; x_wconf 85' lang='lat' dir='ltr'>eam</span> 
     </span>
     <span class='ocr_line' id='line_1_13' title="bbox 132 1038 1639 1093; baseline 0 -14"><span class='ocrx_word' id='word_1_85' title='bbox 132 1038 363 1092; x_wconf 84' lang='lat' dir='ltr'>regendam</span> <span class='ocrx_word' id='word_1_86' title='bbox 404 1039 593 1080; x_wconf 91' lang='lat' dir='ltr'>utilibus.</span> <span class='ocrx_word' id='word_1_87' title='bbox 655 1053 705 1080; x_wconf 90' lang='lat' dir='ltr'>ac</span> <span class='ocrx_word' id='word_1_88' title='bbox 746 1040 851 1080; x_wconf 86' lang='lat' dir='ltr'>mire</span> <span class='ocrx_word' id='word_1_89' title='bbox 893 1053 1070 1093; x_wconf 85' lang='lat' dir='ltr'>prorsus</span> <span class='ocrx_word' id='word_1_90' title='bbox 1110 1040 1152 1080; x_wconf 91' lang='lat' dir='ltr'>in</span> <span class='ocrx_word' id='word_1_91' title='bbox 1194 1039 1411 1093; x_wconf 85' lang='lat' dir='ltr'>plerisque</span> <span class='ocrx_word' id='word_1_92' title='bbox 1454 1040 1514 1081; x_wconf 88' lang='lat' dir='ltr'>rei</span> <span class='ocrx_word' id='word_1_93' title='bbox 1554 1053 1639 1080; x_wconf 87' lang='lat' dir='ltr'>me-</span> 
     </span>
     <span class='ocr_line' id='line_1_14' title="bbox 130 1107 1639 1161; baseline 0.001 -14"><span class='ocrx_word' id='word_1_94' title='bbox 130 1108 266 1149; x_wconf 89' lang='lat' dir='ltr'>tricae</span> <span class='ocrx_word' id='word_1_95' title='bbox 294 1107 493 1161; x_wconf 90' lang='lat' dir='ltr'>partibus</span> <span class='ocrx_word' id='word_1_96' title='bbox 525 1108 709 1149; x_wconf 81' lang='lat' dir='ltr'>Phaedri</span> <span class='ocrx_word' id='word_1_97' title='bbox 739 1108 896 1149; x_wconf 85' lang='lat' dir='ltr'>fabulis</span> <span class='ocrx_word' id='word_1_98' title='bbox 929 1122 1022 1149; x_wconf 91' lang='lat' dir='ltr'>cum</span> <span class='ocrx_word' id='word_1_99' title='bbox 1055 1109 1276 1149; x_wconf 88' lang='lat' dir='ltr'>sententiis</span> <span class='ocrx_word' id='word_1_100' title='bbox 1308 1108 1504 1149; x_wconf 89' lang='lat' dir='ltr'>convenit</span> <span class='ocrx_word' id='word_1_101' title='bbox 1532 1108 1639 1161; x_wconf 81' lang='lat' dir='ltr'>Syri.</span> 
     </span>
     <span class='ocr_line' id='line_1_15' title="bbox 131 1176 1638 1229; baseline -0.001 -12"><span class='ocrx_word' id='word_1_102' title='bbox 131 1189 392 1229; x_wconf 88' lang='lat' dir='ltr'>quamquam</span> <span class='ocrx_word' id='word_1_103' title='bbox 424 1176 506 1217; x_wconf 90' lang='lat' dir='ltr'>hoc</span> <span class='ocrx_word' id='word_1_104' title='bbox 534 1190 618 1217; x_wconf 89' lang='lat' dir='ltr'>non</span> <span class='ocrx_word' id='word_1_105' title='bbox 651 1177 781 1218; x_wconf 89' lang='lat' dir='ltr'>solius</span> <span class='ocrx_word' id='word_1_106' title='bbox 813 1176 938 1217; x_wconf 89' lang='lat' dir='ltr'>huius</span> <span class='ocrx_word' id='word_1_107' title='bbox 963 1177 1151 1217; x_wconf 89' lang='lat' dir='ltr'>evenisse</span> <span class='ocrx_word' id='word_1_108' title='bbox 1186 1176 1335 1217; x_wconf 88' lang='lat' dir='ltr'>credes</span> <span class='ocrx_word' id='word_1_109' title='bbox 1367 1177 1531 1225; x_wconf 84' lang='lat' dir='ltr'>meritc,</span> <span class='ocrx_word' id='word_1_110' title='bbox 1564 1177 1638 1217; x_wconf 87' lang='lat' dir='ltr'>sed</span> 
     </span>
     <span class='ocr_line' id='line_1_16' title="bbox 133 1244 1639 1298; baseline 0 -13"><span class='ocrx_word' id='word_1_111' title='bbox 133 1248 176 1286; x_wconf 88' lang='lat' dir='ltr'>et</span> <span class='ocrx_word' id='word_1_112' title='bbox 207 1245 585 1297; x_wconf 88' lang='lat' dir='ltr'>grammaticorum</span> <span class='ocrx_word' id='word_1_113' title='bbox 618 1258 761 1298; x_wconf 88' lang='lat' dir='ltr'>opera,</span> <span class='ocrx_word' id='word_1_114' title='bbox 795 1245 866 1298; x_wconf 86' lang='lat' dir='ltr'>qui</span> <span class='ocrx_word' id='word_1_115' title='bbox 900 1245 1080 1298; x_wconf 81' lang='lat' dir='ltr'>Augusti</span> <span class='ocrx_word' id='word_1_116' title='bbox 1114 1249 1256 1286; x_wconf 85' lang='lat' dir='ltr'>aetate</span> <span class='ocrx_word' id='word_1_117' title='bbox 1289 1244 1533 1286; x_wconf 86' lang='lat' dir='ltr'>scholarum</span> <span class='ocrx_word' id='word_1_118' title='bbox 1568 1258 1639 1285; x_wconf 87' lang='lat' dir='ltr'>eas</span> 
     </span>
     <span class='ocr_line' id='line_1_17' title="bbox 132 1312 704 1354; baseline 0 0"><span class='ocrx_word' id='word_1_119' title='bbox 132 1312 280 1354; x_wconf 88' lang='lat' dir='ltr'>usibus</span> <span class='ocrx_word' id='word_1_120' title='bbox 313 1313 704 1354; x_wconf 86' lang='lat' dir='ltr'>accommodarunt.</span> 
     </span>
    </p>

    <p class='ocr_par' dir='ltr' id='par_1_4' title="bbox 130 1381 1640 1709">
     <span class='ocr_line' id='line_1_18' title="bbox 246 1381 1638 1436; baseline 0 -13"><span class='ocrx_word' id='word_1_121' title='bbox 246 1381 507 1435; x_wconf 88' lang='lat' dir='ltr'>Castigatior</span> <span class='ocrx_word' id='word_1_122' title='bbox 539 1385 681 1423; x_wconf 87' lang='lat' dir='ltr'>autem</span> <span class='ocrx_word' id='word_1_123' title='bbox 706 1381 867 1423; x_wconf 90' lang='lat' dir='ltr'>Lucilio</span> <span class='ocrx_word' id='word_1_124' title='bbox 892 1382 1053 1423; x_wconf 89' lang='lat' dir='ltr'>Ennius</span> <span class='ocrx_word' id='word_1_125' title='bbox 1085 1386 1262 1436; x_wconf 87' lang='lat' dir='ltr'>propter</span> <span class='ocrx_word' id='word_1_126' title='bbox 1284 1385 1539 1435; x_wconf 84' lang='lat' dir='ltr'>argumenta</span> <span class='ocrx_word' id='word_1_127' title='bbox 1563 1381 1638 1423; x_wconf 85' lang='lat' dir='ltr'>Sa-</span> 
     </span>
     <span class='ocr_line' id='line_1_19' title="bbox 131 1450 1638 1504; baseline 0 -13"><span class='ocrx_word' id='word_1_128' title='bbox 131 1454 327 1492; x_wconf 89' lang='lat' dir='ltr'>turarum</span> <span class='ocrx_word' id='word_1_129' title='bbox 357 1450 610 1504; x_wconf 86' lang='lat' dir='ltr'>plerumque</span> <span class='ocrx_word' id='word_1_130' title='bbox 639 1451 838 1504; x_wconf 83' lang='lat' dir='ltr'>graviora</span> <span class='ocrx_word' id='word_1_131' title='bbox 870 1450 940 1504; x_wconf 85' lang='lat' dir='ltr'>(de</span> <span class='ocrx_word' id='word_1_132' title='bbox 974 1464 1059 1503; x_wconf 88' lang='lat' dir='ltr'>qua</span> <span class='ocrx_word' id='word_1_133' title='bbox 1091 1465 1136 1491; x_wconf 90' lang='lat' dir='ltr'>re</span> <span class='ocrx_word' id='word_1_134' title='bbox 1167 1451 1209 1491; x_wconf 86' lang='lat' dir='ltr'>in</span> <span class='ocrx_word' id='word_1_135' title='bbox 1233 1451 1319 1492; x_wconf 89' lang='lat' dir='ltr'>vita</span> <span class='ocrx_word' id='word_1_136' title='bbox 1346 1451 1436 1491; x_wconf 85' lang='lat' dir='ltr'>eius</span> <span class='ocrx_word' id='word_1_137' title='bbox 1459 1450 1638 1504; x_wconf 82' lang='lat' dir='ltr'>dictum)</span> 
     </span>
     <span class='ocr_line' id='line_1_20' title="bbox 133 1518 1640 1573; baseline 0 -13"><span class='ocrx_word' id='word_1_138' title='bbox 133 1522 175 1560; x_wconf 89' lang='lat' dir='ltr'>et</span> <span class='ocrx_word' id='word_1_139' title='bbox 204 1519 410 1560; x_wconf 88' lang='lat' dir='ltr'>metricae</span> <span class='ocrx_word' id='word_1_140' title='bbox 442 1519 548 1560; x_wconf 89' lang='lat' dir='ltr'>artis</span> <span class='ocrx_word' id='word_1_141' title='bbox 580 1518 831 1560; x_wconf 86' lang='lat' dir='ltr'>felicitatem</span> <span class='ocrx_word' id='word_1_142' title='bbox 868 1518 951 1560; x_wconf 88' lang='lat' dir='ltr'>fide</span> <span class='ocrx_word' id='word_1_143' title='bbox 983 1519 1210 1571; x_wconf 77' lang='lat' dir='ltr'>maiorem,</span> <span class='ocrx_word' id='word_1_144' title='bbox 1253 1520 1490 1573; x_wconf 84' lang='lat' dir='ltr'>elegantior</span> <span class='ocrx_word' id='word_1_145' title='bbox 1522 1523 1640 1560; x_wconf 90' lang='lat' dir='ltr'>utro-</span> 
     </span>
     <span class='ocr_line' id='line_1_21' title="bbox 133 1587 1640 1641; baseline 0 -13"><span class='ocrx_word' id='word_1_146' title='bbox 133 1601 215 1640; x_wconf 90' lang='lat' dir='ltr'>que</span> <span class='ocrx_word' id='word_1_147' title='bbox 248 1588 384 1629; x_wconf 88' lang='lat' dir='ltr'>Varro</span> <span class='ocrx_word' id='word_1_148' title='bbox 422 1588 578 1629; x_wconf 90' lang='lat' dir='ltr'>aetatis</span> <span class='ocrx_word' id='word_1_149' title='bbox 617 1601 720 1629; x_wconf 88' lang='lat' dir='ltr'>suae</span> <span class='ocrx_word' id='word_1_150' title='bbox 754 1587 917 1628; x_wconf 92' lang='lat' dir='ltr'>merito.</span> <span class='ocrx_word' id='word_1_151' title='bbox 980 1587 1163 1641; x_wconf 90' lang='lat' dir='ltr'>denique</span> <span class='ocrx_word' id='word_1_152' title='bbox 1196 1601 1220 1628; x_wconf 86' lang='lat' dir='ltr'>a</span> <span class='ocrx_word' id='word_1_153' title='bbox 1254 1588 1450 1629; x_wconf 85' lang='lat' dir='ltr'>Phaedro</span> <span class='ocrx_word' id='word_1_154' title='bbox 1483 1588 1640 1629; x_wconf 87' lang='lat' dir='ltr'>senarii</span> 
     </span>
     <span class='ocr_line' id='line_1_22' title="bbox 130 1655 1299 1709; baseline 0.001 -13"><span class='ocrx_word' id='word_1_155' title='bbox 130 1655 266 1697; x_wconf 88' lang='lat' dir='ltr'>italici</span> <span class='ocrx_word' id='word_1_156' title='bbox 300 1656 510 1698; x_wconf 85' lang='lat' dir='ltr'>curiosius</span> <span class='ocrx_word' id='word_1_157' title='bbox 541 1656 699 1697; x_wconf 84' lang='lat' dir='ltr'>exculti</span> <span class='ocrx_word' id='word_1_158' title='bbox 732 1670 860 1709; x_wconf 90' lang='lat' dir='ltr'>quam</span> <span class='ocrx_word' id='word_1_159' title='bbox 893 1655 947 1696; x_wconf 89' lang='lat' dir='ltr'>ab</span> <span class='ocrx_word' id='word_1_160' title='bbox 979 1655 1066 1697; x_wconf 90' lang='lat' dir='ltr'>ullo</span> <span class='ocrx_word' id='word_1_161' title='bbox 1096 1656 1299 1709; x_wconf 89' lang='lat' dir='ltr'>priorum.</span> 
     </span>
    </p>

    <p class='ocr_par' dir='ltr' id='par_1_5' title="bbox 130 1724 1640 2929">
     <span class='ocr_line' id='line_1_23' title="bbox 247 1724 1639 1778; baseline 0 -12"><span class='ocrx_word' id='word_1_162' title='bbox 247 1726 336 1766; x_wconf 89' lang='lat' dir='ltr'>Iam</span> <span class='ocrx_word' id='word_1_163' title='bbox 368 1725 537 1778; x_wconf 89' lang='lat' dir='ltr'>singula</span> <span class='ocrx_word' id='word_1_164' title='bbox 567 1728 615 1766; x_wconf 90' lang='lat' dir='ltr'>ut</span> <span class='ocrx_word' id='word_1_165' title='bbox 647 1738 894 1778; x_wconf 88' lang='lat' dir='ltr'>persequar,</span> <span class='ocrx_word' id='word_1_166' title='bbox 932 1724 1059 1765; x_wconf 88' lang='lat' dir='ltr'>facile</span> <span class='ocrx_word' id='word_1_167' title='bbox 1103 1729 1286 1778; x_wconf 87' lang='lat' dir='ltr'>apparet</span> <span class='ocrx_word' id='word_1_168' title='bbox 1327 1738 1410 1766; x_wconf 92' lang='lat' dir='ltr'>non</span> <span class='ocrx_word' id='word_1_169' title='bbox 1447 1725 1639 1778; x_wconf 86' lang='lat' dir='ltr'>potuisse</span> 
     </span>
     <span class='ocr_line' id='line_1_24' title="bbox 131 1792 1638 1847; baseline -0.001 -12"><span class='ocrx_word' id='word_1_170' title='bbox 131 1792 235 1845; x_wconf 87' lang='lat' dir='ltr'>fieri,</span> <span class='ocrx_word' id='word_1_171' title='bbox 268 1794 368 1847; x_wconf 90' lang='lat' dir='ltr'>quin</span> <span class='ocrx_word' id='word_1_172' title='bbox 404 1793 635 1847; x_wconf 86' lang='lat' dir='ltr'>plurimum</span> <span class='ocrx_word' id='word_1_173' title='bbox 667 1792 861 1834; x_wconf 80' lang='lat' dir='ltr'>differret</span> <span class='ocrx_word' id='word_1_174' title='bbox 891 1793 933 1833; x_wconf 93' lang='lat' dir='ltr'>in</span> <span class='ocrx_word' id='word_1_175' title='bbox 967 1793 1173 1843; x_wconf 80' lang='lat' dir='ltr'>versibus,</span> <span class='ocrx_word' id='word_1_176' title='bbox 1205 1807 1311 1846; x_wconf 90' lang='lat' dir='ltr'>quos</span> <span class='ocrx_word' id='word_1_177' title='bbox 1344 1793 1443 1844; x_wconf 85' lang='lat' dir='ltr'>dixi,</span> <span class='ocrx_word' id='word_1_178' title='bbox 1477 1793 1638 1835; x_wconf 89' lang='lat' dir='ltr'>scaeni-</span> 
     </span>
     <span class='ocr_line' id='line_1_25' title="bbox 132 1861 1636 1916; baseline -0.001 -13"><span class='ocrx_word' id='word_1_179' title='bbox 132 1875 279 1903; x_wconf 91' lang='lat' dir='ltr'>corum</span> <span class='ocrx_word' id='word_1_180' title='bbox 310 1876 382 1903; x_wconf 90' lang='lat' dir='ltr'>ars</span> <span class='ocrx_word' id='word_1_181' title='bbox 411 1862 465 1903; x_wconf 90' lang='lat' dir='ltr'>ab</span> <span class='ocrx_word' id='word_1_182' title='bbox 498 1875 662 1911; x_wconf 90' lang='lat' dir='ltr'>eorum,</span> <span class='ocrx_word' id='word_1_183' title='bbox 705 1862 757 1902; x_wconf 92' lang='lat' dir='ltr'>de</span> <span class='ocrx_word' id='word_1_184' title='bbox 799 1861 955 1915; x_wconf 89' lang='lat' dir='ltr'>quibus</span> <span class='ocrx_word' id='word_1_185' title='bbox 992 1862 1075 1902; x_wconf 88' lang='lat' dir='ltr'>iam</span> <span class='ocrx_word' id='word_1_186' title='bbox 1117 1862 1358 1915; x_wconf 88' lang='lat' dir='ltr'>quaeritur,</span> <span class='ocrx_word' id='word_1_187' title='bbox 1399 1866 1636 1916; x_wconf 88' lang='lat' dir='ltr'>poetarum.</span> 
     </span>
     <span class='ocr_line' id='line_1_26' title="bbox 132 1930 1639 1983; baseline -0.001 -12"><span class='ocrx_word' id='word_1_188' title='bbox 132 1930 252 1972; x_wconf 92' lang='lat' dir='ltr'>cuius</span> <span class='ocrx_word' id='word_1_189' title='bbox 284 1931 346 1971; x_wconf 92' lang='lat' dir='ltr'>rei</span> <span class='ocrx_word' id='word_1_190' title='bbox 380 1944 510 1972; x_wconf 87' lang='lat' dir='ltr'>causa</span> <span class='ocrx_word' id='word_1_191' title='bbox 541 1930 712 1971; x_wconf 92' lang='lat' dir='ltr'>minime</span> <span class='ocrx_word' id='word_1_192' title='bbox 748 1930 932 1971; x_wconf 91' lang='lat' dir='ltr'>obscura</span> <span class='ocrx_word' id='word_1_193' title='bbox 963 1943 1014 1970; x_wconf 88' lang='lat' dir='ltr'>ea</span> <span class='ocrx_word' id='word_1_194' title='bbox 1054 1930 1218 1980; x_wconf 83' lang='lat' dir='ltr'>extitit,</span> <span class='ocrx_word' id='word_1_195' title='bbox 1261 1930 1375 1983; x_wconf 90' lang='lat' dir='ltr'>quod</span> <span class='ocrx_word' id='word_1_196' title='bbox 1414 1930 1475 1970; x_wconf 90' lang='lat' dir='ltr'>illi</span> <span class='ocrx_word' id='word_1_197' title='bbox 1519 1930 1639 1971; x_wconf 84' lang='lat' dir='ltr'>audi-</span> 
     </span>
     <span class='ocr_line' id='line_1_27' title="bbox 130 1998 1639 2052; baseline 0 -13"><span class='ocrx_word' id='word_1_198' title='bbox 130 1998 252 2049; x_wconf 87' lang='lat' dir='ltr'>turis,</span> <span class='ocrx_word' id='word_1_199' title='bbox 283 1998 327 2039; x_wconf 91' lang='lat' dir='ltr'>hi</span> <span class='ocrx_word' id='word_1_200' title='bbox 357 1998 534 2040; x_wconf 90' lang='lat' dir='ltr'>lecturis</span> <span class='ocrx_word' id='word_1_201' title='bbox 565 2013 642 2040; x_wconf 88' lang='lat' dir='ltr'>sua</span> <span class='ocrx_word' id='word_1_202' title='bbox 673 2012 961 2052; x_wconf 86' lang='lat' dir='ltr'>composuere.</span> <span class='ocrx_word' id='word_1_203' title='bbox 1018 2012 1113 2039; x_wconf 87' lang='lat' dir='ltr'>nam</span> <span class='ocrx_word' id='word_1_204' title='bbox 1145 2012 1239 2039; x_wconf 88' lang='lat' dir='ltr'>cum</span> <span class='ocrx_word' id='word_1_205' title='bbox 1273 1998 1314 2039; x_wconf 92' lang='lat' dir='ltr'>in</span> <span class='ocrx_word' id='word_1_206' title='bbox 1348 1999 1426 2049; x_wconf 88' lang='lat' dir='ltr'>eis,</span> <span class='ocrx_word' id='word_1_207' title='bbox 1456 2012 1566 2052; x_wconf 91' lang='lat' dir='ltr'>quae</span> <span class='ocrx_word' id='word_1_208' title='bbox 1597 1999 1639 2039; x_wconf 91' lang='lat' dir='ltr'>in</span> 
     </span>
     <span class='ocr_line' id='line_1_28' title="bbox 131 2067 1639 2121; baseline -0.001 -13"><span class='ocrx_word' id='word_1_209' title='bbox 131 2080 289 2108; x_wconf 84' lang='lat' dir='ltr'>scaena</span> <span class='ocrx_word' id='word_1_210' title='bbox 319 2067 459 2108; x_wconf 90' lang='lat' dir='ltr'>relata</span> <span class='ocrx_word' id='word_1_211' title='bbox 489 2070 745 2121; x_wconf 85' lang='lat' dir='ltr'>spectamus,</span> <span class='ocrx_word' id='word_1_212' title='bbox 778 2070 843 2108; x_wconf 92' lang='lat' dir='ltr'>tot</span> <span class='ocrx_word' id='word_1_213' title='bbox 864 2067 989 2108; x_wconf 88' lang='lat' dir='ltr'>simul</span> <span class='ocrx_word' id='word_1_214' title='bbox 1012 2067 1177 2108; x_wconf 85' lang='lat' dir='ltr'>animus</span> <span class='ocrx_word' id='word_1_215' title='bbox 1200 2067 1397 2120; x_wconf 86' lang='lat' dir='ltr'>oculique</span> <span class='ocrx_word' id='word_1_216' title='bbox 1420 2067 1639 2108; x_wconf 88' lang='lat' dir='ltr'>detinean-</span> 
     </span>
     <span class='ocr_line' id='line_1_29' title="bbox 130 2134 1639 2189; baseline 0 -13"><span class='ocrx_word' id='word_1_217' title='bbox 130 2139 203 2176; x_wconf 91' lang='lat' dir='ltr'>tur</span> <span class='ocrx_word' id='word_1_218' title='bbox 232 2135 412 2177; x_wconf 87' lang='lat' dir='ltr'>diversis</span> <span class='ocrx_word' id='word_1_219' title='bbox 443 2134 688 2186; x_wconf 85' lang='lat' dir='ltr'>affectibus,</span> <span class='ocrx_word' id='word_1_220' title='bbox 721 2135 911 2176; x_wconf 87' lang='lat' dir='ltr'>dividere</span> <span class='ocrx_word' id='word_1_221' title='bbox 943 2149 1069 2176; x_wconf 88' lang='lat' dir='ltr'>curas</span> <span class='ocrx_word' id='word_1_222' title='bbox 1104 2139 1151 2176; x_wconf 91' lang='lat' dir='ltr'>ut</span> <span class='ocrx_word' id='word_1_223' title='bbox 1183 2149 1400 2189; x_wconf 82' lang='lat' dir='ltr'>cogamur,</span> <span class='ocrx_word' id='word_1_224' title='bbox 1431 2135 1639 2189; x_wconf 86' lang='lat' dir='ltr'>pleraque</span> 
     </span>
     <span class='ocr_line' id='line_1_30' title="bbox 131 2203 1639 2257; baseline -0.001 -12"><span class='ocrx_word' id='word_1_225' title='bbox 131 2205 174 2245; x_wconf 87' lang='lat' dir='ltr'>in</span> <span class='ocrx_word' id='word_1_226' title='bbox 215 2203 474 2245; x_wconf 90' lang='lat' dir='ltr'>dictionibus</span> <span class='ocrx_word' id='word_1_227' title='bbox 516 2217 567 2245; x_wconf 90' lang='lat' dir='ltr'>ac</span> <span class='ocrx_word' id='word_1_228' title='bbox 606 2204 753 2245; x_wconf 89' lang='lat' dir='ltr'>metris</span> <span class='ocrx_word' id='word_1_229' title='bbox 793 2204 931 2245; x_wconf 89' lang='lat' dir='ltr'>minus</span> <span class='ocrx_word' id='word_1_230' title='bbox 973 2204 1192 2257; x_wconf 87' lang='lat' dir='ltr'>eleganter</span> <span class='ocrx_word' id='word_1_231' title='bbox 1224 2204 1411 2245; x_wconf 89' lang='lat' dir='ltr'>admissa</span> <span class='ocrx_word' id='word_1_232' title='bbox 1446 2207 1522 2245; x_wconf 89' lang='lat' dir='ltr'>aut</span> <span class='ocrx_word' id='word_1_233' title='bbox 1553 2217 1639 2244; x_wconf 87' lang='lat' dir='ltr'>om-</span> 
     </span>
     <span class='ocr_line' id='line_1_31' title="bbox 132 2269 1640 2326; baseline 0 -13"><span class='ocrx_word' id='word_1_234' title='bbox 132 2273 231 2313; x_wconf 90' lang='lat' dir='ltr'>nino</span> <span class='ocrx_word' id='word_1_235' title='bbox 263 2286 339 2313; x_wconf 90' lang='lat' dir='ltr'>nos</span> <span class='ocrx_word' id='word_1_236' title='bbox 370 2272 536 2326; x_wconf 87' lang='lat' dir='ltr'>fugient</span> <span class='ocrx_word' id='word_1_237' title='bbox 565 2272 800 2313; x_wconf 89' lang='lat' dir='ltr'>maioribus</span> <span class='ocrx_word' id='word_1_238' title='bbox 828 2272 1016 2313; x_wconf 88' lang='lat' dir='ltr'>intentos</span> <span class='ocrx_word' id='word_1_239' title='bbox 1047 2272 1195 2322; x_wconf 89' lang='lat' dir='ltr'>rebus,</span> <span class='ocrx_word' id='word_1_240' title='bbox 1227 2276 1318 2323; x_wconf 89' lang='lat' dir='ltr'>aut,</span> <span class='ocrx_word' id='word_1_241' title='bbox 1356 2272 1391 2313; x_wconf 90' lang='lat' dir='ltr'>si</span> <span class='ocrx_word' id='word_1_242' title='bbox 1422 2272 1534 2313; x_wconf 88' lang='lat' dir='ltr'>forte</span> <span class='ocrx_word' id='word_1_243' title='bbox 1566 2269 1640 2313; x_wconf 84' lang='lat' dir='ltr'>ad—</span> 
     </span>
     <span class='ocr_line' id='line_1_32' title="bbox 131 2340 1640 2394; baseline -0.001 -12"><span class='ocrx_word' id='word_1_244' title='bbox 131 2344 377 2392; x_wconf 86' lang='lat' dir='ltr'>verterunt,</span> <span class='ocrx_word' id='word_1_245' title='bbox 421 2340 538 2382; x_wconf 82' lang='lat' dir='ltr'>facili</span> <span class='ocrx_word' id='word_1_246' title='bbox 583 2341 933 2382; x_wconf 88' lang='lat' dir='ltr'>transmittentur</span> <span class='ocrx_word' id='word_1_247' title='bbox 978 2341 1112 2382; x_wconf 89' lang='lat' dir='ltr'>venia.</span> <span class='ocrx_word' id='word_1_248' title='bbox 1182 2341 1297 2394; x_wconf 89' lang='lat' dir='ltr'>quod</span> <span class='ocrx_word' id='word_1_249' title='bbox 1341 2341 1467 2394; x_wconf 90' lang='lat' dir='ltr'>longe</span> <span class='ocrx_word' id='word_1_250' title='bbox 1514 2341 1640 2382; x_wconf 86' lang='lat' dir='ltr'>aliter</span> 
     </span>
     <span class='ocr_line' id='line_1_33' title="bbox 132 2409 1639 2462; baseline 0.001 -13"><span class='ocrx_word' id='word_1_251' title='bbox 132 2409 264 2450; x_wconf 89' lang='lat' dir='ltr'>habet</span> <span class='ocrx_word' id='word_1_252' title='bbox 297 2409 340 2449; x_wconf 91' lang='lat' dir='ltr'>in</span> <span class='ocrx_word' id='word_1_253' title='bbox 373 2409 433 2450; x_wconf 89' lang='lat' dir='ltr'>eis</span> <span class='ocrx_word' id='word_1_254' title='bbox 466 2409 748 2459; x_wconf 77' lang='lat' dir='ltr'>carminibus,</span> <span class='ocrx_word' id='word_1_255' title='bbox 789 2422 899 2462; x_wconf 88' lang='lat' dir='ltr'>quae</span> <span class='ocrx_word' id='word_1_256' title='bbox 943 2409 1057 2450; x_wconf 90' lang='lat' dir='ltr'>domi</span> <span class='ocrx_word' id='word_1_257' title='bbox 1097 2409 1140 2449; x_wconf 90' lang='lat' dir='ltr'>in</span> <span class='ocrx_word' id='word_1_258' title='bbox 1183 2409 1340 2450; x_wconf 90' lang='lat' dir='ltr'>lectulo</span> <span class='ocrx_word' id='word_1_259' title='bbox 1382 2409 1639 2450; x_wconf 86' lang='lat' dir='ltr'>recubantes</span> 
     </span>
     <span class='ocr_line' id='line_1_34' title="bbox 132 2477 1638 2531; baseline -0.001 -13"><span class='ocrx_word' id='word_1_260' title='bbox 132 2491 266 2518; x_wconf 86' lang='lat' dir='ltr'>vacuo</span> <span class='ocrx_word' id='word_1_261' title='bbox 302 2480 541 2518; x_wconf 85' lang='lat' dir='ltr'>tractamus</span> <span class='ocrx_word' id='word_1_262' title='bbox 583 2477 736 2518; x_wconf 89' lang='lat' dir='ltr'>animo.</span> <span class='ocrx_word' id='word_1_263' title='bbox 806 2478 848 2517; x_wconf 90' lang='lat' dir='ltr'>in</span> <span class='ocrx_word' id='word_1_264' title='bbox 881 2477 1036 2530; x_wconf 87' lang='lat' dir='ltr'>quibus</span> <span class='ocrx_word' id='word_1_265' title='bbox 1080 2477 1264 2531; x_wconf 87' lang='lat' dir='ltr'>primum</span> <span class='ocrx_word' id='word_1_266' title='bbox 1309 2478 1496 2518; x_wconf 88' lang='lat' dir='ltr'>omnium</span> <span class='ocrx_word' id='word_1_267' title='bbox 1541 2491 1638 2518; x_wconf 90' lang='lat' dir='ltr'>con-</span> 
     </span>
     <span class='ocr_line' id='line_1_35' title="bbox 133 2545 1635 2599; baseline -0.001 -13"><span class='ocrx_word' id='word_1_268' title='bbox 133 2546 313 2586; x_wconf 88' lang='lat' dir='ltr'>cinnitas</span> <span class='ocrx_word' id='word_1_269' title='bbox 346 2559 396 2586; x_wconf 85' lang='lat' dir='ltr'>ac</span> <span class='ocrx_word' id='word_1_270' title='bbox 426 2546 541 2586; x_wconf 91' lang='lat' dir='ltr'>nitor</span> <span class='ocrx_word' id='word_1_271' title='bbox 570 2545 817 2599; x_wconf 86' lang='lat' dir='ltr'>requiritur.</span> <span class='ocrx_word' id='word_1_272' title='bbox 849 2570 904 2576; x_wconf 93' lang='lat'>-—-</span> <span class='ocrx_word' id='word_1_273' title='bbox 945 2549 1171 2599; x_wconf 90' lang='lat' dir='ltr'>praeterea</span> <span class='ocrx_word' id='word_1_274' title='bbox 1211 2560 1312 2587; x_wconf 90' lang='lat' dir='ltr'>num</span> <span class='ocrx_word' id='word_1_275' title='bbox 1343 2545 1449 2586; x_wconf 91' lang='lat' dir='ltr'>illud</span> <span class='ocrx_word' id='word_1_276' title='bbox 1478 2545 1635 2586; x_wconf 87' lang='lat' dir='ltr'>videbi-</span> 
     </span>
     <span class='ocr_line' id='line_1_36' title="bbox 131 2613 1638 2667; baseline -0.001 -13"><span class='ocrx_word' id='word_1_277' title='bbox 131 2617 202 2655; x_wconf 91' lang='lat' dir='ltr'>tur</span> <span class='ocrx_word' id='word_1_278' title='bbox 232 2613 472 2667; x_wconf 84' lang='lat' dir='ltr'>probabile,</span> <span class='ocrx_word' id='word_1_279' title='bbox 503 2613 609 2654; x_wconf 90' lang='lat' dir='ltr'>nihil</span> <span class='ocrx_word' id='word_1_280' title='bbox 641 2628 692 2655; x_wconf 85' lang='lat' dir='ltr'>ex</span> <span class='ocrx_word' id='word_1_281' title='bbox 725 2628 776 2655; x_wconf 89' lang='lat' dir='ltr'>ea</span> <span class='ocrx_word' id='word_1_282' title='bbox 807 2614 1048 2664; x_wconf 82' lang='lat' dir='ltr'>severitate,</span> <span class='ocrx_word' id='word_1_283' title='bbox 1081 2628 1166 2667; x_wconf 90' lang='lat' dir='ltr'>qua</span> <span class='ocrx_word' id='word_1_284' title='bbox 1189 2614 1398 2655; x_wconf 89' lang='lat' dir='ltr'>Lucilium</span> <span class='ocrx_word' id='word_1_285' title='bbox 1430 2618 1471 2654; x_wconf 93' lang='lat' dir='ltr'>et</span> <span class='ocrx_word' id='word_1_286' title='bbox 1502 2613 1638 2666; x_wconf 86' lang='lat' dir='ltr'>magis</span> 
     </span>
     <span class='ocr_line' id='line_1_37' title="bbox 132 2681 1638 2734; baseline -0.001 -12"><span class='ocrx_word' id='word_1_287' title='bbox 132 2682 314 2723; x_wconf 85' lang='lat' dir='ltr'>Ennium</span> <span class='ocrx_word' id='word_1_288' title='bbox 357 2695 408 2722; x_wconf 91' lang='lat' dir='ltr'>ac</span> <span class='ocrx_word' id='word_1_289' title='bbox 448 2683 683 2723; x_wconf 85' lang='lat' dir='ltr'>Varronem</span> <span class='ocrx_word' id='word_1_290' title='bbox 723 2683 766 2723; x_wconf 91' lang='lat' dir='ltr'>in</span> <span class='ocrx_word' id='word_1_291' title='bbox 809 2682 981 2724; x_wconf 88' lang='lat' dir='ltr'>relicuis</span> <span class='ocrx_word' id='word_1_292' title='bbox 1022 2696 1220 2723; x_wconf 88' lang='lat' dir='ltr'>versuum</span> <span class='ocrx_word' id='word_1_293' title='bbox 1269 2681 1498 2734; x_wconf 88' lang='lat' dir='ltr'>generibus</span> <span class='ocrx_word' id='word_1_294' title='bbox 1539 2695 1638 2722; x_wconf 86' lang='lat' dir='ltr'>usos</span> 
     </span>
     <span class='ocr_line' id='line_1_38' title="bbox 133 2750 1637 2804; baseline -0.001 -13"><span class='ocrx_word' id='word_1_295' title='bbox 133 2754 320 2800; x_wconf 87' lang='lat' dir='ltr'>constat,</span> <span class='ocrx_word' id='word_1_296' title='bbox 379 2750 643 2791; x_wconf 88' lang='lat' dir='ltr'>redundasse</span> <span class='ocrx_word' id='word_1_297' title='bbox 696 2750 750 2791; x_wconf 89' lang='lat' dir='ltr'>ad</span> <span class='ocrx_word' id='word_1_298' title='bbox 803 2764 853 2791; x_wconf 91' lang='lat' dir='ltr'>ea</span> <span class='ocrx_word' id='word_1_299' title='bbox 901 2751 1012 2804; x_wconf 88' lang='lat' dir='ltr'>ipsa,</span> <span class='ocrx_word' id='word_1_300' title='bbox 1068 2751 1119 2791; x_wconf 89' lang='lat' dir='ltr'>de</span> <span class='ocrx_word' id='word_1_301' title='bbox 1172 2750 1328 2803; x_wconf 88' lang='lat' dir='ltr'>quibus</span> <span class='ocrx_word' id='word_1_302' title='bbox 1372 2750 1441 2790; x_wconf 90' lang='lat' dir='ltr'>hic</span> <span class='ocrx_word' id='word_1_303' title='bbox 1483 2750 1637 2802; x_wconf 87' lang='lat' dir='ltr'>agitur,</span> 
     </span>
     <span class='ocr_line' id='line_1_39' title="bbox 130 2817 1637 2872; baseline -0.001 -13"><span class='ocrx_word' id='word_1_304' title='bbox 130 2822 270 2859; x_wconf 87' lang='lat' dir='ltr'>metra</span> <span class='ocrx_word' id='word_1_305' title='bbox 281 2820 300 2859; x_wconf 57' lang='grc' dir='ltr'>ἶ)</span> <span class='ocrx_word' id='word_1_306' title='bbox 339 2819 440 2872; x_wconf 88' lang='lat' dir='ltr'>quin</span> <span class='ocrx_word' id='word_1_307' title='bbox 477 2819 620 2872; x_wconf 85' lang='lat' dir='ltr'>potius</span> <span class='ocrx_word' id='word_1_308' title='bbox 646 2822 885 2860; x_wconf 85' lang='lat' dir='ltr'>statuemus</span> <span class='ocrx_word' id='word_1_309' title='bbox 907 2833 959 2859; x_wconf 84' lang='lat' dir='ltr'>ue</span> <span class='ocrx_word' id='word_1_310' title='bbox 981 2819 1172 2872; x_wconf 87' lang='lat' dir='ltr'>potuisse</span> <span class='ocrx_word' id='word_1_311' title='bbox 1196 2818 1366 2871; x_wconf 83' lang='lat' dir='ltr'>quidem</span> <span class='ocrx_word' id='word_1_312' title='bbox 1390 2818 1485 2859; x_wconf 89' lang='lat' dir='ltr'>illos</span> <span class='ocrx_word' id='word_1_313' title='bbox 1506 2818 1549 2858; x_wconf 91' lang='lat' dir='ltr'>in</span> <span class='ocrx_word' id='word_1_314' title='bbox 1571 2817 1637 2858; x_wconf 88' lang='lat' dir='ltr'>his</span> 
     </span>
     <span class='ocr_line' id='line_1_40' title="bbox 132 2886 1637 2929; baseline -0.001 -1"><span class='ocrx_word' id='word_1_315' title='bbox 132 2887 344 2929; x_wconf 89' lang='lat' dir='ltr'>diversam</span> <span class='ocrx_word' id='word_1_316' title='bbox 377 2886 605 2928; x_wconf 88' lang='lat' dir='ltr'>admodum</span> <span class='ocrx_word' id='word_1_317' title='bbox 638 2901 663 2927; x_wconf 80' lang='lat' dir='ltr'>a</span> <span class='ocrx_word' id='word_1_318' title='bbox 695 2887 848 2928; x_wconf 86' lang='lat' dir='ltr'>ceteris</span> <span class='ocrx_word' id='word_1_319' title='bbox 892 2887 1152 2928; x_wconf 87' lang='lat' dir='ltr'>carminibus</span> <span class='ocrx_word' id='word_1_320' title='bbox 1189 2887 1395 2927; x_wconf 85' lang='lat' dir='ltr'>adhibere</span> <span class='ocrx_word' id='word_1_321' title='bbox 1428 2887 1637 2927; x_wconf 88' lang='lat' dir='ltr'>rationem</span> 
     </span>
    </p>
   </div>
  </div>
 </body>
</html>
