1898 3292
268 193 346 233 562
866 202 1101 228 opvscvnvm
1124 203 1176 227 111.

265 303 504 358 praefuisse
536 303 790 352 dictaturae,
824 303 935 355 quod
961 303 1248 356 Marquardus
1281 307 1322 344 et
1344 303 1558 345 Beckerus
1589 308 1629 345 et
1662 306 1773 358 siqui

266 373 337 414 alii
381 371 712 425 antiquitatibus
757 371 931 412 student
976 372 1175 412 Romanis
1228 372 1419 412 omisisse
1468 386 1512 412 se
1555 372 1771 414 dolebunt.

267 454 404 494 neque
447 440 558 480 enim
599 439 724 480 aliter
765 439 806 479 in
847 439 993 480 eodem
1027 439 1190 480 Manilii
1229 439 1340 480 libro
1373 453 1635 494 quamquam
1668 455 1719 482 ne
1750 455 1771 482 a

268 509 423 550 ceteris
456 508 628 562 quidem
661 507 893 548 sollicitata
923 507 1151 549 tolerasset
1181 507 1288 548 haec
1319 509 1462 563 [148]:

545 587 723 621 Seri-anos
751 587 953 630 Curiosque
978 587 1063 620 tulit
1087 587 1276 631 fascesque
1304 599 1369 632 per
1395 599 1477 621 arva

542 644 704 687 tradidit,
732 655 823 687 eque
851 656 915 677 suo
942 644 1102 678 dictator
1126 644 1227 678 venit
1255 648 1388 679 aratro.

269 718 313 755 at
345 728 471 768 quam
507 713 699 754 diversus
728 713 772 753 in
805 712 953 753 eadem
984 727 1030 754 re
1061 713 1280 754 narranda
1312 713 1365 754 M.
1399 713 1562 754 Tullius
1602 714 1681 768 [or.
1712 728 1777 767 pr

269 784 390 824 Rosc.
426 784 516 823 Am.
552 795 584 822 c.
622 782 712 835 18],
759 782 878 822 cuius
919 786 1019 822 sunt
1050 781 1157 822 haec
1199 780 1268 822 ‘ne
1301 789 1355 830 tu,
1392 785 1527 829 Eruci,
1561 789 1778 823 accusator

269 865 378 892 esses
408 854 621 897 ridiculus,
663 853 698 889 si
730 852 808 890 illis
841 852 1085 900 temporibus
1119 858 1237 890 natas
1270 863 1390 898 esses,
1435 863 1521 890 cum
1555 853 1603 890 ab
1635 857 1777 891 aralro

270 921 599 966 arcessebantur,
639 921 706 968 qai
738 922 922 958 consules
958 915 1144 967 fierem'.
1206 931 1344 971 neque
1379 918 1638 959 Claudianus
1671 918 1779 959 dixit

268 988 311 1028 in
342 986 482 1028 medio
511 989 657 1027 aratro
680 985 864 1027 ambitos
887 1000 979 1027 esse
1002 986 1073 1040 qui
1097 980 1304 1028 summam
1327 987 1485 1027 inirent
1506 990 1778 1040 potestatem,

274 1055 348 1096 sed
378 1055 594 1110 plurativo
625 1068 803 1096 numero
835 1055 896 1095 sic
931 1055 1017 1109 [17,
1047 1058 1090 1107 83
1127 1055 1176 1096 cf.
1210 1059 1252 1096 et
1283 1055 1402 1096 Ovid.
1436 1055 1532 1097 fast.
1560 1055 1778 1109 111,781]:

752 1134 879 1169 docuit
903 1135 1039 1169 totiens
1065 1135 1110 1168 ad
1135 1147 1220 1169 rura
1247 1135 1437 1179 profectus

546 1191 654 1226 lictor
681 1194 718 1225 et
744 1192 779 1225 in
810 1191 940 1226 mediis
965 1192 1092 1226 consul
1121 1193 1305 1236 quaesitus
1331 1193 1472 1227 aratris.

270 1260 469 1302 nimirum
511 1260 688 1302 ultimae
729 1260 937 1302 audaciae
978 1260 1059 1302 fuit
1098 1261 1140 1302 in
1172 1261 1336 1302 Manilii
1366 1261 1506 1302 verbis
1549 1264 1591 1302 et
1621 1261 1724 1315 ipsis
1757 1276 1781 1301 a

269 1343 347 1384 pro
379 1343 400 1370 e
427 1342 647 1383 reponere.

384 1397 597 1451 Deinceps
639 1411 796 1451 magna
838 1411 941 1439 cura
980 1401 1192 1448 servatur,
1234 1412 1286 1439 ne
1326 1398 1443 1439 nullo
1484 1412 1527 1439 se
1566 1398 1781 1452 excipiant

270 1466 495 1508 intervallo
537 1466 727 1520 syllabae
773 1470 848 1507 aut
883 1480 1008 1508 voces
1045 1466 1182 1507 simile
1215 1466 1280 1508 vel
1311 1466 1423 1508 idem
1456 1470 1669 1508 sonantes.
1730 1466 1782 1507 de

271 1548 357 1588 qua
398 1548 443 1575 re
485 1534 593 1575 bene
627 1534 799 1576 Servius
832 1534 885 1576 ad
919 1535 1096 1588 Vergilii
1137 1534 1243 1576 illud
1286 1535 1396 1589 [aen.
1428 1535 1486 1585 ΙΙ,
1518 1535 1590 1589 27]
1630 1537 1781 1576 Dorica

271 1610 411 1644 castra
454 1601 580 1644 ‘mala
603 1610 661 1644 cst
692 1607 922 1654 compositio
945 1606 993 1644 ab
1017 1617 1065 1644 ea
1086 1606 1241 1655 syllaba
1263 1607 1458 1654 incipere,
1492 1618 1571 1654 qua
1592 1607 1783 1653 superias

266 1675 406 1721 finitus
430 1678 488 1711 est
518 1685 661 1713 sermo.
715 1686 806 1712 nam
833 1676 1074 1723 pleramque
1107 1679 1143 1712 el
1175 1675 1463 1723 cacemphaton
1489 1675 1609 1723 facit,
1640 1678 1684 1712 ul
1710 1674 1784 1712 hoc

272 1737 378 1781 loco’
423 1752 501 1780 nec
541 1739 680 1781 minus
725 1740 1011 1790 Quintilianus
1052 1740 1150 1794 [IX,
1183 1744 1220 1791 4,
1253 1744 1328 1791 413
1361 1740 1411 1781 cf.
1444 1739 1637 1781 Diomed.
1669 1753 1728 1793 gr.
1758 1740 1781 1780 l.

271 1808 302 1858 I,
324 1811 407 1850 465
431 1808 534 1863 sq.]:
580 1806 815 1850 ‘videndam
848 1812 978 1857 etiam,
1012 1822 1062 1850 ne
1093 1812 1273 1860 syllabae
1295 1811 1406 1849 verbe?
1433 1811 1590 1859 prioris
1621 1812 1785 1849 ultimae

273 1884 310 1917 et
334 1880 496 1927 primae
517 1881 723 1928 seqaerzle's
745 1881 848 1918 idem
869 1885 1023 1918 sonent.
1075 1882 1183 1928 quod
1212 1881 1354 1929 nequis
1378 1880 1573 1928 praecipi
1601 1880 1784 1925 miretur,

279 1947 465 1986 Ciceroni
486 1949 527 1985 in
556 1948 739 1996 epistulis
762 1949 915 1987 excidit
958 1942 1045 1987 ‘res
1067 1949 1162 1987 milei
1183 1949 1338 1987 invisae
1360 1949 1469 1986 visae
1489 1952 1595 1993 smel,
1620 1942 1784 1993 Brute’,

274 2021 310 2054 et
343 2016 380 2053 ἱη
403 2016 595 2054 esu-mine
639 2010 679 2053 ‘0
704 2019 961 2065 fortunatam
993 2021 1127 2055 natam
1157 2028 1217 2055 me
1238 2018 1402 2055 consule
1424 2011 1626 2056 Romam&
1677 2014 1785 2055 haec

275 2085 418 2122 autem
448 2095 576 2134 quam
610 2082 907 2136 displicuerint
937 2083 1173 2124 tersissimo
1205 2083 1359 2136 cuique
1391 2096 1413 2124 e
1446 2082 1586 2136 poetis
1609 2082 1785 2133 Latinis,

273 2149 373 2191 inde
401 2154 595 2204 apparet,
629 2150 743 2204 quod
766 2150 978 2192 Iuvenalis
1010 2151 1095 2206 [lo‚
1121 2154 1198 2192 122
1224 2151 1334 2205 sqq]
1366 2150 1594 2192 ridiculum
1615 2165 1784 2192 versum

274 2218 393 2273 illum
433 2222 645 2269 autumat,
686 2233 811 2273 quem
851 2219 978 2261 affert
1011 2220 1318 2270 Quintilianus,
1362 2222 1405 2261 et
1447 2219 1638 2273 potuisse
1670 2218 1785 2260 Cice-

274 2299 421 2328 ronem
466 2287 638 2328 Antonii
684 2287 849 2341 gladios
891 2291 1180 2338 contemnere,
1227 2288 1262 2329 si
1308 2287 1369 2329 sic
1415 2288 1556 2329 omnia
1596 2287 1784 2328 dixisset.

274 2354 349 2396 sed
371 2368 481 2408 quae
515 2355 814 2408 admittuntur,
845 2356 959 2397 intra
986 2370 1208 2398 numerum
1232 2355 1568 2397 choriambicum
1599 2355 1785 2409 plerum*

278 2437 360 2476 que
409 2423 650 2465 subsistunt
694 2428 770 2466 aut
817 2428 931 2466 certe
978 2425 1220 2478 quantitate
1262 2425 1449 2475 variant,
1496 2423 1642 2477 qualia
1687 2427 1786 2464 sunt

275 2491 419 2546 [Prop.
451 2491 502 2541 II,
540 2495 574 2542 l,
603 2496 679 2544 473
713 2493 838 2546 Verg.
864 2506 954 2534 aen.
986 2493 1079 2543 XII,
1112 2496 1215 2544 4423
1247 2493 1317 2543 IV,
1341 2496 1443 2545 2383
1477 2492 1644 2546 Uoripp.
1670 2491 1784 2532 laud.

275 2560 376 2600 Iust.
409 2559 478 2610 IV,
512 2560 634 2614 222];
679 2565 769 2601 laus
800 2564 840 2601 in
872 2575 1009 2608 amore
1039 2564 1163 2610 mor&
1196 2565 1311 2602 telum
1345 2564 1505 2601 inmane
1536 2574 1656 2601 manu
1689 2574 1783 2610 qua-

278 2631 406 2675 te'ens;
430 2641 589 2678 parere
613 2631 819 2679 parabam
853 2633 1009 2669 areme's
1038 2643 1193 2670 arenae
1225 2629 1294 2683 [cf.
1329 2628 1501 2669 Lachm.
1531 2628 1584 2669 ad
1607 2628 1731 2681 Prop.
1754 2628 1784 2677 I,

280 2699 314 2746 1,
352 2699 424 2747 123
458 2696 593 2737 Bentl.
626 2695 680 2737 ad
710 2696 811 2738 Hor.
844 2697 924 2747 ΙΙΙ,
956 2701 993 2748 4,
1027 2697 1111 2751 31].
1174 2696 1329 2750 quibus
1361 2696 1604 2737 addendum
1638 2695 1785 2736 Sereni

275 2763 381 2804 illud
421 2764 542 2818 [472]
585 2767 732 2806 libasse
774 2768 981 2815 liquorem.
1051 2779 1148 2806 nam
1193 2766 1254 2806 sic
1293 2764 1564 2806 scribendum
1605 2777 1683 2818 pro
1723 2777 1784 2812 eo,

277 2832 390 2885 quod
423 2832 549 2885 vulgo
590 2832 745 2883 fertur,
783 2840 952 2883 potasse
992 2833 1090 2874 inde
1133 2837 1332 2887 apparet,
1380 2832 1493 2886 quod
1535 2832 1786 2873 traditumst

276 2899 387 2940 libro
420 2900 641 2942 'suricensi
674 2905 863 2952 liquasse.
926 2915 1008 2942 non
1050 2905 1191 2943 autem
1236 2901 1530 2955 neglegentiae
1566 2899 1785 2941 tribuendi
