1898 3292
766 242 884 268 LIBER
903 243 1058 267 PRIMVS.
1615 232 1665 268 67

161 348 242 389 nisi
274 346 386 401 quod
419 346 555 387 levem
588 349 756 387 tantum
791 349 833 386 et
863 344 1097 386 iocularem
1119 343 1335 398 placuisse
1356 342 1417 383 illi
1441 343 1664 383 materiam

159 416 329 457 nomine
360 415 454 469 ipso
488 415 628 468 operis
661 414 921 456 declaratur.
984 412 1036 454 de
1068 412 1322 467 Polymetris
1358 411 1464 452 nihil
1496 411 1666 452 omnino

159 484 368 526 habemus
399 487 665 537 compertum
697 483 778 524 nisi
817 482 930 536 quod
972 483 1065 536 ipso
1104 481 1231 522 titulo
1271 479 1498 521 indicatur.
1560 493 1667 532 quos

160 552 358 606 equidem
405 551 519 605 quod
565 551 669 593 dicit
705 550 1010 605 Bernhardyus
1057 550 1114 605 [h.
1147 550 1172 592 l.
1205 550 1248 590 L.
1280 564 1320 603 p.
1355 548 1454 602 507]
1499 552 1667 602 partem

158 621 290 663 fuisse
313 621 660 675 Erotopaegnion
692 634 776 661 non
807 620 945 673 magis
975 619 1112 673 probo
1144 632 1272 672 quam
1305 617 1419 671 quod
1443 629 1668 658 conversos

160 704 182 731 e
215 690 404 731 Graecis.
455 703 553 730 nam
586 689 638 730 de
669 689 750 730 hoc
784 688 890 729 nihil
923 692 1102 729 constat.
1152 686 1259 728 illud
1290 686 1356 728 vel
1385 685 1483 727 ideo
1514 699 1665 739 parum

158 758 448 813 probabilest,
487 758 601 811 quod
649 761 741 799 tota
788 758 959 799 omnino
1001 755 1322 810 Erotopaegnia
1367 755 1496 796 variis
1546 754 1667 795 fuere

160 827 398 881 composita
428 826 628 868 numeris.

274 895 473 937 Ceterum
520 895 563 935 in
609 898 733 936 tanta
773 894 1113 947 fragmentorum
1156 892 1376 946 paucitate
1423 892 1457 933 si
1504 896 1667 933 certum

158 964 306 1005 licebit
339 967 531 1005 statuere
565 963 616 1004 de
648 963 828 1004 Laevio.
872 963 977 1004 satis
1018 961 1220 1016 profundi
1266 961 1458 1014 satisque
1498 960 1667 1001 amoeni

160 1034 227 1074 aio
272 1033 404 1074 fuisse
446 1032 566 1073 illum
613 1032 782 1085 ingenii.
855 1031 958 1085 quid
1004 1031 1118 1084 quod
1157 1044 1266 1072 unus
1306 1030 1418 1070 inter
1464 1029 1668 1082 aequales

159 1101 330 1143 videtur
372 1104 490 1142 recte
531 1101 804 1154 perspexisse
845 1100 980 1150 idem⁷
1030 1099 1133 1153 quid
1175 1098 1421 1140 conveniret
1459 1098 1668 1152 poeticae,

161 1170 261 1223 quid
307 1183 407 1221 non,
450 1183 543 1210 cum
589 1168 655 1210 vel
687 1169 893 1210 Varronis
935 1168 1142 1223 opuscula
1185 1171 1226 1209 et
1259 1166 1415 1209 Catulli
1454 1166 1669 1208 interdum

161 1239 261 1280 solis
300 1238 490 1279 numeris
534 1251 560 1279 a
597 1237 788 1291 pedestri
829 1250 1023 1278 sermone
1068 1236 1281 1278 differant.
1348 1234 1423 1276 sed
1464 1248 1543 1288 age
1583 1236 1669 1275 iam

160 1307 349 1349 eiusdem
372 1309 613 1348 scrutemur
634 1306 823 1347 rationes
845 1306 1059 1347 metricas.
1106 1305 1253 1358 itaque
1275 1304 1460 1358 primum
1483 1303 1668 1345 omnium

161 1375 383 1417 ostendam
416 1375 478 1416 uti
509 1374 712 1416 Laevium
745 1375 874 1416 etiam
905 1374 1122 1415 trochaeis
1151 1373 1325 1415 Italicis.
1386 1373 1543 1413 etenim
1575 1386 1670 1413 cum

162 1444 371 1486 Prisciani
402 1444 427 1485 l.
461 1444 539 1486 VII
569 1444 690 1499 [739]
727 1446 845 1485 recte
876 1443 961 1484 iam
999 1442 1166 1484 feratur
1209 1440 1402 1483 ‘Laevius
1437 1445 1477 1482 in
1507 1444 1669 1482 Sirena-

161 1517 300 1555 ce'rea:
341 1527 466 1562 nunc,
499 1515 664 1555 Laertie
700 1515 819 1562 belle,
856 1526 969 1563 para
1010 1516 1072 1553 ire
1113 1508 1319 1553 Itlzacam'
1364 1537 1418 1541 —
1458 1512 1519 1552 ita
1558 1510 1670 1551 idem

162 1582 343 1623 Laevius
388 1581 547 1623 librum
589 1581 1005 1623 Protesilaodamiae
1046 1584 1089 1622 et
1130 1580 1267 1622 Varro
1309 1579 1671 1634 Oedipothyestae

161 1651 474 1704 inscripserunt
493 1651 663 1691 nomine
684 1675 753 1701 -—‚
782 1663 866 1691 non
896 1653 1041 1704 potest
1072 1649 1261 1690 dubitari
1293 1649 1395 1702 quin
1417 1652 1670 1690 tetrametro

161 1719 238 1760 tali
281 1718 492 1770 ‘delphino
523 1722 667 1760 cinctis
697 1722 890 1760 vehiculis
922 1721 1281 1770 hippocampisque
1312 1715 1512 1769 asper-2192
1545 1731 1670 1770 quem

162 1787 325 1829 Nonius
356 1788 543 1829 servavit
574 1802 604 1829 s.
636 1802 671 1829 v.
711 1784 1026 1842 ‘hippocampi’
1061 1786 1203 1842 [12o]‚
1232 1786 1584 1840 praeponendum
1618 1786 1671 1826 sit

155 1855 349 1899 ‘Laevius
370 1854 651 1898 Sirenocme'
687 1870 766 1910 pro
801 1870 850 1897 eo
873 1855 988 1910 quod
1011 1856 1250 1909 antiquitus
1272 1855 1461 1896 traditur
1493 1868 1672 1896 mensus

162 1929 299 1966 sirena
341 1928 450 1966 cicer
489 1925 556 1966 vel
595 1928 708 1967 citer.
781 1928 823 1966 et
860 1925 1007 1966 Laevii
1046 1938 1221 1975 nomen,
1266 1937 1352 1978 qua
1393 1923 1475 1965 fuit
1515 1923 1672 1976 ingenii

166 1994 379 2045 sollertia,
415 1994 632 2048 expedivit
663 1993 934 2036 Godofredus
966 1993 1251 2034 Hermannus.
1312 1992 1378 2033 his
1409 1996 1526 2034 recte
1560 2005 1672 2032 com-

162 2063 315 2116 positis
348 2062 475 2104 simul
504 2062 610 2104 illud
641 2065 836 2116 apparet,
869 2061 1047 2103 diversis
1080 2061 1229 2103 eodem
1262 2062 1306 2102 in
1335 2060 1484 2102 odario
1524 2060 1672 2101 metris

163 2145 289 2173 usum
329 2144 421 2172 esse
452 2131 674 2182 Laevium,
721 2145 817 2172 cum
853 2131 1142 2185 fragmentum
1172 2130 1294 2184 prius
1326 2132 1475 2184 aperte
1508 2131 1673 2170 constet

164 2200 430 2241 tetrametris
473 2199 716 2254 dactylicis,
764 2203 813 2241 ut
854 2213 1003 2241 versus
1048 2199 1225 2241 finiatur
1264 2202 1363 2252 post
1402 2197 1509 2239 illud
1546 2212 1672 2248 para.

164 2269 227 2309 ita
270 2269 314 2309 in
358 2268 745 2310 Protesilaodamia
789 2269 1064 2310 inveniuntur
1106 2271 1149 2309 et
1195 2267 1368 2309 dimetri
1416 2265 1591 2308 iambici
1633 2268 1674 2307 et

164 2337 292 2378 ionici
324 2337 611 2378 anacreontei.

278 2407 369 2447 Iam
414 2419 542 2460 quam
582 2405 858 2447 multiformis
903 2405 1051 2447 metris
1092 2404 1222 2446 fuerit
1251 2403 1434 2445 Laevius
1470 2402 1536 2444 vel
1567 2416 1673 2457 pau-

167 2475 348 2517 cissimis
392 2475 500 2527 illis,
553 2489 664 2529 quae
716 2477 968 2529 supersunt,
1018 2473 1143 2528 plene
1196 2476 1418 2527 comparet
1467 2471 1672 2525 reliquiis.

168 2544 324 2586 etenim
363 2548 538 2598 praeter
582 2543 809 2585 trochaeos
850 2542 1024 2584 Italicos
1071 2541 1204 2583 habet
1243 2555 1380 2595 nuper
1422 2540 1610 2582 adscitos
1650 2553 1673 2580 a

168 2613 347 2654 Graecis
378 2612 583 2654 dimetros
613 2612 821 2654 iambicos
851 2611 1239 2666 anapaesticosque
1271 2614 1314 2652 et
1345 2612 1566 2651 scazontes
1598 2609 1674 2649 tri-

167 2685 327 2723 metros
360 2694 411 2722 ac
441 2680 676 2736 dactylicos
708 2684 1004 2731 tetrametros,
1032 2683 1261 2734 praeterea
1291 2676 1676 2731 hendecasyllabos

168 2754 210 2791 et
242 2749 427 2792 alienum
459 2763 485 2791 a
513 2750 666 2791 ceteris
688 2749 853 2791 Latinis
882 2747 1254 2803 decasyllaborum
1286 2745 1502 2800 quoddam
1532 2759 1676 2799 genus,

168 2817 352 2872 denique
382 2818 621 2859 ionicorum
653 2831 852 2859 versuum
873 2821 1020 2859 ternas
1042 2816 1220 2871 species.
1271 2814 1346 2856 sed
1367 2814 1480 2856 idem
1501 2817 1676 2855 rectone

168 2886 300 2928 fuerit
329 2886 487 2928 iudicio
518 2886 562 2927 in
593 2886 828 2940 digerenda
858 2885 1132 2927 multitudine
1169 2887 1404 2926 metrorum
1435 2882 1562 2936 plane
1593 2895 1675 2923 non

170 2959 363 3009 apparet.
424 2955 560 3008 magis
592 2959 755 2996 certum
787 2954 912 3005 illud,
951 2954 1192 3006 elegantiae
1221 2965 1495 2994 numerorum
1528 2954 1677 2991 curate

1356 3019 1403 3054 ὃ*
