1898 3292
226 166 304 207 12ss
828 173 948 199 LIBER
966 172 1120 198 pann-S.

339 279 544 333 Superest
574 281 622 318 ut
654 277 705 318 de
737 276 980 331 systematis
1013 274 1270 329 quibusdam
1304 274 1442 316 dicam
1464 275 1732 330 hymnorum.

226 362 336 402 quae
368 347 486 388 nulla
520 360 649 387 causa
680 345 867 399 poetica,
902 344 975 385 sed
1007 358 1109 385 usus
1142 344 1351 385 facilitate
1386 358 1480 385 cum
1512 346 1731 398 provenis-

224 420 334 467 sent,
374 416 444 456 vix
487 414 614 455 aliam
658 414 850 455 habuere
892 413 1027 466 legem
1062 426 1190 466 quam
1223 416 1271 453 ut
1301 426 1449 454 versus
1483 413 1573 454 fere
1605 428 1731 467 pares

224 489 340 527 certo
363 497 540 525 numero
565 483 805 537 comprensi
832 482 1065 523 identidem
1099 484 1411 535 repeterentur.
1461 482 1608 535 itaque
1641 496 1726 524 ver-

224 568 346 596 suum
389 553 431 593 in
475 551 668 593 dimetris
709 554 1036 605 quaternorum,
1079 550 1306 603 quinorum
1343 550 1386 590 in
1424 550 1648 601 trimetris,
1689 551 1731 591 in

222 621 487 665 tetrametris
519 625 740 662 ternorum
774 619 1109 674 comprobavere
1133 618 1333 672 strophas
1357 619 1627 670 Prudentius,
1660 620 1733 661 Se-

224 692 386 742 dulius,
432 690 695 744 Drepanius,
743 689 980 739 Orientius,
1022 688 1279 738 Venantius,
1322 687 1538 741 Eugenius
1585 689 1732 743 [carm.

228 764 299 813 123
334 763 405 812 133
440 759 530 814 21]‚
570 762 617 800 ut
659 758 849 799 scholica
884 757 1071 811 quadam
1110 757 1368 798 auctoritate
1400 757 1487 798 sive
1520 757 1733 799 Ambrosii

224 828 418 883 exemplo
452 831 704 869 concentum
737 826 868 868 talem
900 825 1099 867 effectum
1133 839 1224 867 esse
1257 829 1478 879 appareat.

338 898 491 939 Restat
532 900 579 937 ut
620 896 671 937 de
714 895 893 936 canticis
936 893 1194 948 quibusdam
1232 891 1384 948 Oedipi
1426 898 1468 935 et
1509 895 1728 947 Agamem-

223 968 345 1008 nonis
369 967 556 1008 Senecae
580 965 772 1006 dicamus
806 963 926 1019 [Oed.
951 967 1195 1015 403—4153
1220 966 1465 1015 472—50‘23
1490 966 1733 1014 709—7373

224 1038 369 1089 Agam.
413 1038 658 1086 589—6363
704 1033 974 1088 &OS—Sem,
1019 1031 1199 1074 liberius
1240 1032 1324 1073 illis
1369 1031 1635 1074 Graecorum
1680 1031 1734 1073 ad

223 1104 482 1159 exemplum,
525 1102 616 1153 sed,
654 1106 702 1144 ut
732 1102 836 1143 mihi
880 1101 1051 1155 quidem
1093 1101 1280 1152 videtur,
1324 1101 1434 1142 mira
1474 1101 1734 1155 inelegantia

224 1172 483 1227 compositis.
545 1172 596 1214 de
630 1171 785 1225 quibus
828 1185 921 1212 cum
960 1183 1116 1224 magna
1144 1170 1363 1223 imperitia
1392 1169 1617 1211 Fabricius
1650 1170 1734 1211 dis—

223 1243 443 1291 seruisset,
479 1254 619 1295 pauca
654 1240 826 1294 quidem
858 1239 1039 1281 Bothius
1071 1240 1277 1290 correxit,
1320 1242 1367 1281 ut
1399 1243 1542 1280 tamen
1573 1239 1640 1280 vel
1675 1239 1735 1280 sic

223 1310 342 1352 nulla
364 1310 448 1351 illis
483 1309 745 1351 carminibus
778 1311 997 1350 constaret
1027 1308 1149 1350 ratio.
1204 1321 1338 1362 quare
1363 1322 1458 1349 cum
1480 1321 1559 1349 nec
1583 1307 1735 1349 Grote-

224 1379 391 1421 fendius
415 1379 650 1432 quidquam
672 1377 918 1432 profecerit,
942 1377 1014 1430 qui
1036 1377 1078 1418 in
1102 1377 1386 1431 grammatica
1407 1376 1563 1418 Latina
1586 1376 1734 1418 eadem

224 1448 522 1502 perlustravit,
562 1447 648 1487 iam
696 1446 799 1500 quid
845 1446 908 1487 rei
949 1446 1004 1487 sit
1052 1445 1392 1500 explanabimus.
1466 1449 1508 1487 et
1550 1446 1735 1500 primum

224 1517 395 1571 quidem
426 1516 531 1557 illud
564 1515 851 1566 monebimus,
894 1528 1026 1569 penes
1068 1529 1144 1557 nos
1182 1518 1298 1556 stare
1334 1514 1556 1568 digerendi
1588 1529 1736 1556 versus

224 1586 463 1628 arbitrium.
527 1585 598 1639 qui
641 1583 854 1638 quomodo
897 1584 940 1625 in
971 1584 1218 1625 Florentino
1261 1584 1372 1626 libro
1411 1584 1496 1625 sint
1529 1583 1736 1637 discripti,

225 1669 277 1696 ex
309 1654 478 1709 Peiperi
510 1653 788 1707 Richterique
821 1653 1096 1706 cognoscitur
1128 1653 1327 1695 editione.
1387 1666 1467 1694 nec
1496 1666 1596 1694 vero
1629 1652 1736 1693 mul-

223 1728 313 1765 tum
358 1722 501 1764 differt
544 1722 763 1763 distinctio
809 1735 1085 1763 numerorum
1130 1722 1173 1762 in
1222 1722 1376 1763 ceteris
1422 1721 1544 1763 libris
1591 1721 1737 1774 eisque

226 1792 525 1834 deterioribus.
589 1791 661 1845 qui
703 1794 847 1832 tamen
880 1790 1112 1844 aliquando
1144 1792 1332 1833 rectiora
1364 1790 1575 1845 praebent
1609 1803 1737 1843 quam

224 1861 295 1903 ille
335 1861 595 1914 minimeque
634 1859 822 1902 omnium
864 1860 907 1901 in
938 1859 1004 1901 his
1037 1860 1214 1901 canticis
1247 1864 1346 1902 sunt
1377 1859 1643 1914 neglegendi.
1682 1883 1738 1888 ——

227 1933 417 1971 ceterum
458 1943 542 1971 non
583 1929 645 1970 ita
682 1929 863 1970 multum
897 1928 1116 1983 discrepat
1147 1929 1340 1971 recensio
1372 1932 1557 1982 utraque
1591 1942 1615 1969 a
1646 1927 1736 1982 pla-

227 1999 321 2040 citis
358 1998 533 2049 nostris,
580 2001 759 2052 excepto
802 1997 918 2051 quod
959 1998 1002 2038 in
1044 2011 1093 2039 ea
1135 1998 1305 2052 saepius
1336 1998 1556 2039 breviores
1589 2010 1737 2038 versus

227 2067 439 2109 contracti
461 2067 504 2108 in
526 2067 774 2120 longiorem,
810 2067 921 2108 sicut
943 2070 985 2108 et
1006 2067 1050 2107 in
1073 2066 1339 2108 Graecorum
1363 2066 1541 2108 canticis
1563 2066 1736 2107 factum.

226 2140 356 2190 atque
379 2136 739 2190 interpolatorum
763 2135 957 2177 codicum
979 2135 1156 2177 traditio
1179 2138 1535 2190 repraesentatur
1567 2138 1615 2176 ut
1644 2134 1738 2189 plu-

228 2205 381 2247 rimum
414 2204 673 2246 editionibus
707 2204 904 2258 vulgatis.

342 2273 427 2315 Sed
464 2273 572 2314 haec
611 2273 732 2327 parvi
774 2273 977 2314 momenti
1013 2272 1079 2314 vel
1110 2272 1279 2314 nullius.
1340 2286 1439 2314 nam
1471 2272 1739 2326 probabilest

227 2342 305 2383 hos
337 2356 485 2383 versus
518 2341 572 2383 ab
595 2342 717 2383 initio
741 2342 852 2383 sicut
875 2341 1139 2383 Graecorum
1164 2341 1358 2383 choricos
1382 2342 1585 2383 continua
1606 2341 1738 2382 fuisse

229 2414 430 2452 exaratos
453 2410 680 2464 scriptura.
722 2410 834 2452 unde
862 2413 1042 2465 potuere
1065 2411 1168 2452 oriri
1189 2411 1274 2452 iam
1297 2411 1339 2451 in
1361 2411 1457 2465 ipsa
1479 2410 1738 2464 antiquitate

229 2479 521 2534 grammatici,
569 2480 642 2533 qui
689 2493 761 2521 eas
812 2493 960 2521 crassa
1001 2479 1316 2534 distinguerent
1358 2479 1561 2521 Minerva.
1623 2482 1738 2520 certe

229 2549 409 2590 similem
451 2547 505 2590 ob
553 2562 727 2590 causam
769 2551 811 2589 et
850 2549 893 2589 in
935 2549 1223 2602 anapaesticis
1256 2548 1446 2590 eiusdem
1477 2548 1666 2590 Senecae
1697 2550 1739 2588 et

228 2618 271 2658 in
304 2617 472 2659 Horatii
501 2617 650 2659 ionicis
683 2616 917 2658 turbatum.

345 2686 483 2740 Igitur
524 2700 618 2727 cum
661 2686 831 2727 cantica
870 2685 945 2727 illa
981 2686 1238 2739 graecanica
1267 2685 1470 2728 libertate
1503 2685 1739 2739 composita

230 2769 322 2797 esse
363 2769 494 2809 supra
533 2754 828 2805 memorarim,
875 2767 959 2795 non
1004 2757 1052 2795 ut
1092 2754 1262 2796 solitam
1304 2753 1494 2796 referant
1536 2754 1739 2794 Romanis

230 2837 428 2866 versuum
452 2827 527 2865 aut
552 2826 831 2878 systematum
855 2823 1190 2876 congruentiam,
1215 2823 1362 2864 electis
1384 2822 1568 2864 maxime
1590 2822 1738 2863 metris

231 2896 470 2947 comparet,
512 2905 640 2946 quam
682 2892 813 2934 fuerit
853 2891 1040 2933 Senecae
1083 2895 1277 2946 tempore
1310 2891 1530 2932 labefacta
1562 2894 1604 2931 et
1641 2904 1737 2931 con-

231 2961 351 3003 vulsa
386 2961 600 3013 elegantia
631 2961 819 3015 antiqua.
