1898 3292
188 198 266 237 158
763 205 883 230 LIBER
901 205 1109 230 SECVNDVS.

181 311 256 353 ubi
287 309 394 352 illud
428 323 517 361 aye,
551 312 643 360 quei
674 308 726 350 de
757 312 907 350 nostra
928 309 1043 349 venit
1074 308 1332 358 coniectura,
1363 322 1441 361 pro
1474 321 1558 361 quo
1581 308 1690 349 anti-

183 381 328 434 quitus
358 378 609 420 traditumst
642 385 784 428 alque,
828 379 938 419 sicut
976 377 1018 418 in
1051 377 1239 418 Lucretii
1270 377 1289 417 I
1327 377 1446 431 [690]
1478 378 1687 418 membra-

182 462 263 489 nae
294 447 424 489 semel
455 446 618 488 habent
649 450 831 497 iquenem
863 459 941 499 pro
973 449 1116 497 iqnem.
1178 445 1373 486 ultimum
1404 445 1688 499 fragmentum

183 516 389 558 Varronis
421 516 505 556 huc
533 515 751 569 pertinens
783 514 942 568 legitur
973 514 1086 568 apud
1120 513 1336 554 Valerium
1362 514 1547 555 Probum
1579 529 1689 555 com-

182 585 393 626 mentario
424 584 468 624 in
500 583 703 624 Bucolica
735 583 791 637 [p.
819 586 868 624 18
900 582 992 637 K.],
1025 582 1139 636 quod
1172 583 1234 623 ita
1266 583 1398 623 ferme
1431 584 1690 624 constituen-

182 653 281 694 dum
315 666 490 693 censeo:

231 739 360 773 domus
387 742 441 773 est
466 738 624 771 maxima
651 737 813 780 homulli,
841 748 949 780 quam
977 737 1135 781 quinque
1160 737 1334 771 altitonae
1361 739 1523 781 segmine
1549 750 1660 772 zonae

229 797 392 840 cingunt,
418 796 551 829 limbus
578 795 698 839 pictus
725 806 796 838 qua
822 794 878 828 bis
906 805 969 827 sex
996 794 1307 827 stellimicantibu'
1336 795 1446 836 signis

228 855 322 888 altus
348 854 384 887 in
411 853 560 896 obliquo
588 852 737 886 aethere
762 852 869 885 lunae
893 852 997 895 bigas
1025 854 1196 895 acceptat
1221 868 1316 895 o-Vo

228 928 580 947 υυ-υυ-υυ-υυ
608 910 796 953 postumi÷
824 909 883 942 cui
911 909 1066 952 seplasia
1091 909 1192 943 fetet.

227 969 434 1014 appellatur
460 980 480 1002 a
508 968 693 1001 caelatura
720 967 881 1010 caelum,
919 966 1060 1000 Graece
1087 968 1132 1001 ab
1160 970 1289 1001 ornatu
1316 965 1469 1010 κόσμος,
1505 967 1636 1001 Latine
1672 979 1691 1000 a

226 1027 360 1071 puritia
387 1025 554 1059 mundus.

183 1123 204 1149 e
234 1107 389 1161 quibus
420 1106 605 1160 primum
639 1105 811 1158 quidem
848 1119 1037 1156 versum,
1082 1105 1149 1146 cui
1188 1105 1394 1158 praeponi
1437 1105 1545 1145 solet
1586 1105 1692 1146 illud

182 1180 374 1223 mundam,
419 1175 520 1227 quin
552 1177 670 1215 recte
703 1174 1018 1215 emendarimus
1050 1173 1167 1214 haud
1198 1173 1434 1224 dubiumst,
1467 1188 1560 1214 cum
1595 1188 1691 1215 con-

182 1248 267 1286 stet
308 1243 553 1285 testimonio
588 1242 716 1283 Probi
757 1242 808 1283 de
849 1242 937 1295 igni
968 1256 1115 1283 versus
1147 1242 1251 1282 istos
1285 1255 1377 1283 esse
1409 1243 1692 1296 accipiendOS,

180 1327 260 1354 nec
288 1313 428 1354 minus
450 1312 585 1365 ipsius
608 1312 813 1352 Varronis
835 1311 989 1361 verbis,
1011 1310 1202 1364 pedestri
1235 1324 1344 1363 quae
1377 1324 1570 1351 sermone
1594 1311 1692 1352 sub-

183 1384 433 1435 sequuntur,
477 1383 688 1434 appareat
727 1379 887 1420 nullam
933 1382 1032 1420 ante
1065 1378 1223 1420 factam
1266 1392 1357 1419 esse
1400 1379 1546 1420 mundi
1578 1394 1692 1421 men-

181 1451 353 1491 tionem.
411 1453 456 1490 at
490 1449 531 1489 in
566 1448 721 1489 ceteris
754 1447 966 1501 quaedam
996 1448 1247 1501 gravissime
1279 1447 1436 1488 affecta
1465 1448 1578 1501 quod
1610 1462 1693 1489 non

182 1519 304 1560 licuit
334 1517 484 1558 eadem
516 1517 723 1558 felicitate
756 1516 843 1557 usis
875 1530 1110 1570 persanare
1143 1515 1269 1557 facile
1300 1516 1560 1570 ignoscetur,
1598 1531 1692 1558 eum

181 1586 435 1641 praesertim
473 1599 525 1626 ne
548 1585 795 1626 Hermanno
828 1584 1001 1638 quidem
1035 1584 1184 1625 eadem
1217 1585 1420 1638 expedire
1452 1585 1693 1638 contigerit.

300 1655 389 1696 Iam
423 1668 475 1695 ex
507 1654 701 1695 dimetris
733 1655 918 1695 maxime
950 1667 1027 1694 nos
1058 1653 1284 1694 advertent
1307 1653 1502 1707 exempla
1524 1653 1692 1695 Boethii

180 1738 366 1765 —nam
401 1723 577 1764 Luxorii
615 1722 839 1776 anapaesti
882 1726 924 1763 et
962 1721 1057 1763 duri
1099 1722 1225 1762 nimis
1267 1725 1309 1762 et
1353 1722 1457 1763 satis
1498 1721 1694 1764 feruntur

182 1792 375 1834 mendosi
407 1817 474 1842 —,
507 1791 663 1845 quibus
695 1791 766 1832 ille
798 1805 823 1832 a
856 1791 984 1832 solita
1016 1790 1119 1831 alibi
1141 1790 1268 1844 plane
1292 1790 1455 1832 alienus
1479 1790 1693 1844 elegantia

182 1861 414 1903 secundam
447 1860 728 1901 dimetrorum
760 1860 1019 1901 resolverest
1050 1872 1180 1900 ausus
1216 1860 1344 1910 arsin,
1380 1860 1491 1900 sicut
1513 1859 1693 1901 Laevius

183 1930 291 1971 dixit
328 1929 522 1980 ‘corpore
546 1935 796 1979 pecloreque
818 1932 1000 1979 undeque
1023 1926 1179 1977 obeso.'‚
1215 1928 1354 1981 qualis
1377 1928 1499 1969 abest
1519 1928 1694 1969 licentia

183 1999 237 2040 ab
267 1998 454 2040 Ausonio
495 2000 537 2038 et
576 1996 824 2038 Claudiano.
886 2001 931 2038 at
969 1996 1145 2038 hercule
1191 1997 1371 2037 extremi
1417 1997 1539 2050 pedis
1583 1998 1691 2038 arsis

182 2081 351 2121 semper
382 2065 538 2107 mansit
579 2065 769 2118 integra,
810 2069 1115 2119 praeterquam
1160 2065 1274 2118 quod
1317 2065 1431 2118 apud
1463 2065 1690 2106 Boethium

182 2136 269 2191 [[Χῖἓ
294 2138 330 2186 G,
354 2135 426 2189 20]
457 2133 616 2187 legitur
660 2132 874 2174 ‘elementa
906 2137 1033 2175 modis
1065 2141 1108 2174 ut
1145 2131 1420 2185 massmannus,
1463 2133 1505 2174 in
1538 2133 1693 2187 quibus

181 2209 325 2246 tamen
357 2202 554 2244 ultimum
585 2201 763 2243 verbum
787 2202 929 2243 nescio
953 2216 1006 2242 an
1027 2203 1164 2256 possit
1187 2202 1280 2255 cogi
1302 2202 1493 2257 synizesi.
1525 2227 1580 2233 —
1607 2203 1692 2243 iam

182 2286 260 2326 pro
302 2284 478 2312 numero
521 2270 798 2323 anapaestico
838 2270 1070 2324 spondeum
1115 2275 1157 2312 et
1188 2270 1403 2324 dactylum
1436 2274 1693 2324 receperunt

183 2355 350 2391 omnes,
396 2343 441 2380 at
481 2352 565 2379 non
604 2338 782 2392 perinde
822 2338 1266 2392 proceleusmaticum.
1339 2339 1441 2392 quid
1483 2339 1595 2392 quod
1641 2352 1692 2379 ne

183 2409 447 2450 diversorum
483 2406 654 2460 quidem
692 2406 850 2462 pedum
880 2407 1078 2460 partibus
1111 2407 1222 2448 effici
1254 2408 1479 2461 patiuntur
1511 2407 1690 2448 eundem

181 2491 405 2518 numerum
438 2479 637 2517 auctores
678 2479 852 2529 praeter
893 2476 1029 2527 solum
1062 2476 1318 2527 Ausonium,
1362 2476 1435 2529 qui
1472 2476 1538 2517 bis
1578 2476 1691 2516 idem

183 2545 369 2596 admisit,
402 2544 533 2585 semel
565 2544 607 2584 in
639 2544 844 2595 dimetris,
877 2545 1008 2585 semel
1030 2545 1073 2585 in
1102 2545 1378 2586 monometris
1411 2544 1535 2599 [prof.
1560 2544 1690 2585 Burd.

183 2617 248 2664 22,
285 2617 358 2665 103
391 2616 427 2663 7,
460 2616 512 2654 45
548 2612 610 2653 ed.
644 2612 908 2667 Schenkel.]:

595 2706 632 2737 et
656 2703 723 2737 tibi
749 2702 865 2737 Latiis
891 2703 1103 2747 posthabite
1130 2704 1232 2738 orsis.

594 2760 716 2793 nobile
743 2760 889 2794 soceris.

182 2860 279 2888 nam
304 2845 471 2887 Boethii
502 2845 527 2886 l.
551 2846 569 2886 1
598 2845 711 2898 quod
734 2845 871 2886 fertur
893 2846 949 2899 [5,
971 2845 1042 2899 30]
1067 2848 1201 2886 debita
1222 2849 1369 2886 sceleri
1390 2849 1514 2887 noxia
1539 2859 1689 2896 poena,

183 2915 313 2956 etiam
341 2914 566 2968 positionis
589 2927 740 2954 norma
761 2917 809 2954 ut
830 2917 1036 2963 servetur,
1070 2914 1343 2955 scribendum
1373 2917 1520 2954 scelere·
1543 2917 1688 2955 debila.
