1898 3292
775 186 1052 213 PROHOEMIVM.
1617 179 1633 219 1
1645 184 1667 220 5

162 288 334 343 [1738],
380 288 620 330 Martianus
664 288 920 343 [1H,27s]‚
967 289 1196 343 Pompeius
1240 291 1312 345 [44
1345 291 1448 345 sq.],
1502 292 1666 333 Probus

159 357 482 412 [1431-1433]‚
514 357 688 410 Sergius
711 357 841 411 [1830
859 358 951 412 sq.],
983 358 1228 399 Victorinus
1250 359 1573 414 [Qu—2475]
1596 360 1666 401 de-

158 426 288 479 nique
309 425 499 467 incertus
522 429 674 467 auctor
694 424 829 467 libelli
852 426 903 467 de
924 425 1125 467 finalibus
1147 426 1409 481 syllabarum
1429 427 1555 482 [1801
1573 429 1666 483 sq.],

159 508 210 535 ex
239 497 365 548 parte
410 494 539 536 etiam
571 494 874 544 Terentianus,
919 498 1127 548 quantum
1170 495 1398 537 turbarum
1442 498 1667 538 commorit

156 563 296 616 poetis
330 562 589 612 christianis,
621 562 691 603 vix
721 562 827 603 satis
857 562 982 616 plene
1013 564 1174 617 poterit
1204 563 1428 606 declarari.
1480 579 1579 607 nam
1612 565 1666 606 ad

159 631 359 673 classicos
390 631 496 672 nihil
527 630 716 685 pertinet
750 644 801 671 ex
834 644 884 672 ea
922 631 1003 673 nisi
1037 632 1248 686 quaedam
1281 632 1333 674 de
1365 633 1491 675 modo
1522 634 1665 685 tertiO,

158 700 278 741 cuius
309 699 444 741 solam
476 703 593 741 recte
633 698 794 740 habere
835 699 973 752 legem
1017 700 1243 742 voluerunt
1287 702 1376 743 sine
1417 701 1547 743 dubio
1591 703 1665 754 illi,

158 782 265 822 quos
317 768 421 809 dicit
472 768 700 809 Diomedes
742 768 862 822 [425]
913 772 1148 810 metrorum
1200 770 1380 811 rationis
1434 770 1663 812 admodum

156 837 430 891 perspicaces
460 851 590 878 unum
624 840 791 878 tantum
825 850 877 877 ex
918 837 1132 889 omnibus,
1178 852 1284 892 quos
1324 839 1521 880 attulerit
1561 840 1664 894 ipse,

156 904 417 960 syllabarum
456 906 743 947 communium
781 906 918 947 modis
960 906 1200 948 admittere.
1261 921 1399 961 neque
1442 908 1665 950 christiani

154 978 243 1015 tam
274 977 428 1028 optuso
462 973 583 1016 fuere
614 974 802 1028 ingenio,
841 978 888 1015 ut
919 974 1027 1016 haec
1059 976 1183 1029 quasi
1217 989 1267 1017 ex
1300 976 1462 1018 Phoebi
1493 977 1664 1031 tripode

155 1046 336 1096 accepta
365 1043 567 1084 unanimo
599 1046 909 1085 venerarentur
931 1057 1152 1095 consensu,
1180 1044 1283 1086 licet
1314 1049 1484 1099 partem
1517 1045 1663 1087 obser-

153 1112 396 1153 vantiarum
437 1112 619 1153 istarum
652 1112 782 1153 etiam
816 1112 1051 1154 intendisse
1083 1126 1155 1154 eos
1188 1114 1293 1155 satis
1325 1118 1503 1156 constet.
1564 1129 1663 1156 nam

153 1193 233 1221 nec
263 1180 349 1221 alia
377 1180 543 1231 desunt,
575 1180 649 1221 ubi
679 1180 793 1221 idem
824 1194 908 1222 non
938 1181 1028 1222 sine
1057 1195 1212 1235 magno
1235 1183 1475 1236 elegantiae
1508 1183 1662 1225 damno

153 1249 311 1303 ineptis
360 1249 504 1302 potius
555 1249 780 1290 doctorum
829 1249 1207 1304 qualiumcumque
1258 1251 1665 1294 ratiocinationibus

153 1331 284 1371 quam
316 1318 492 1372 proprio
522 1317 701 1371 obsequi
734 1317 967 1359 maluerint
996 1318 1166 1360 iudicio.
1226 1333 1367 1373 neque
1405 1334 1505 1362 vero
1548 1322 1662 1374 quis-

154 1400 283 1440 quam
315 1389 553 1437 auctorum,
582 1399 688 1440 quos
712 1386 1045 1428 christianorum
1068 1388 1237 1429 nomine
1263 1388 1513 1442 amplector,
1543 1390 1662 1443 igno—

152 1455 266 1496 ravit
295 1468 472 1508 prorsus
499 1468 627 1508 quam
672 1455 724 1496 de
761 1455 1057 1497 communibus
1087 1455 1264 1510 syllabis
1295 1471 1560 1512 proposuere
1591 1460 1663 1501 isti

153 1523 405 1565 doctrinam.
467 1527 656 1565 ceterum
689 1527 770 1575 est,
810 1523 885 1565 ubi
914 1524 976 1565 illi
1006 1524 1272 1578 plenioribus
1302 1539 1431 1580 quam
1466 1541 1576 1580 quae
1607 1528 1661 1569 ad

151 1606 229 1633 nos
260 1595 551 1646 pervenerunt
579 1592 647 1633 usi
679 1592 763 1633 sint
795 1592 1061 1645 enchiridiis,
1103 1593 1313 1647 siquidem
1352 1594 1469 1637 haud
1499 1610 1662 1650 paucas

152 1660 396 1702 firmissime
418 1659 705 1702 observarunt
726 1661 911 1715 regulas,
935 1675 1116 1715 quarum
1138 1663 1182 1703 in
1205 1663 1278 1713 eis,
1302 1664 1375 1717 qui
1396 1664 1481 1705 iam
1500 1668 1661 1716 extant,

150 1728 272 1771 libris
305 1733 381 1771 aut
409 1729 527 1771 nulla
558 1733 634 1771 aut
663 1731 900 1784 perexigua
931 1735 1144 1784 apparent
1174 1732 1365 1785 vestigia.
1414 1732 1489 1774 sed
1521 1733 1573 1775 de
1595 1734 1661 1775 his

151 1811 227 1839 suo
255 1797 349 1839 loco
378 1798 633 1840 monebitur.

266 1867 408 1920 Atque
445 1867 636 1909 curatius
666 1881 755 1909 rem
788 1867 1055 1921 perquirenti
1080 1881 1164 1909 non
1186 1869 1347 1922 poterit
1369 1883 1461 1912 esse
1483 1870 1660 1912 dubium

151 1939 226 1976 aut
269 1935 483 1989 quomodo
529 1936 615 1977 sint
655 1940 752 1978 orta
795 1940 1031 1991 praecepta
1071 1937 1155 1979 ista
1197 1938 1371 1992 egregia
1412 1938 1479 1980 vel
1516 1941 1660 1993 potius

152 2003 448 2057 egregiissima
478 2007 554 2046 aut
587 2004 742 2058 quibus
771 2005 816 2046 in
848 2005 1005 2047 scholis
1032 2009 1074 2047 et
1095 2020 1179 2060 quo
1200 2010 1406 2061 tempore.
1458 2008 1659 2050 nimirum

152 2072 288 2113 omnis
324 2072 482 2114 erroris
523 2087 689 2115 summa
730 2073 830 2115 inde
870 2074 1015 2126 fiuxit,
1056 2075 1171 2128 quod
1203 2076 1400 2129 magistri
1431 2077 1506 2129 illi,
1548 2091 1659 2131 quae

148 2144 304 2194 poetae
335 2140 506 2183 classici
536 2155 637 2183 rara
669 2145 712 2184 et
743 2142 900 2184 eximia
931 2142 1221 2196 admisissent,
1266 2158 1316 2186 ea
1358 2146 1483 2199 quasi
1525 2146 1659 2188 usita-

148 2209 316 2251 tissima
345 2223 425 2251 nec
455 2209 531 2252 ulli
563 2211 751 2253 cautioni
791 2211 977 2253 obnoxia
1015 2216 1274 2266 posuerunt,
1313 2213 1566 2268 plerumque
1606 2228 1658 2256 ne

151 2278 291 2319 causis
321 2278 494 2332 quidem
523 2278 696 2321 illarum
728 2281 1026 2335 exceptionum
1057 2281 1193 2334 probe
1222 2283 1473 2336 perspectis.

265 2346 443 2388 Constat
475 2351 619 2389 autem
651 2361 736 2389 non
767 2362 860 2391 esse
887 2349 1103 2391 inventam
1127 2349 1367 2392 doctrinam
1388 2352 1516 2393 istam
1537 2352 1658 2406 prius

150 2428 279 2469 quam
314 2415 491 2469 Vergilii
523 2419 566 2457 et
586 2416 757 2458 Horatii
782 2416 882 2459 libri
903 2418 947 2459 in
969 2418 1214 2460 scholarum
1237 2420 1407 2461 omnino
1430 2421 1659 2462 cessissent

147 2497 294 2534 usum,
333 2483 378 2525 id
413 2484 528 2537 quod
570 2485 711 2527 evenit
752 2499 785 2527 c.
818 2499 976 2528 annum
1015 2502 1053 2528 u.
1088 2501 1120 2529 c.
1159 2487 1345 2530 DCCCL.
1387 2488 1486 2530 inde
1526 2489 1657 2530 latius

148 2552 307 2605 serpsit
328 2565 391 2603 ea,
416 2556 459 2594 et
479 2553 710 2607 adsumpta
725 2554 1031 2609 plerorumque
1049 2555 1231 2597 aliorum
1251 2570 1450 2598 versuum
1468 2557 1656 2611 descrip-

147 2619 264 2661 tione
298 2624 428 2674 atque
461 2620 725 2663 Graecorum
760 2623 1003 2665 summariis
1036 2623 1312 2678 quibusdam,
1343 2629 1392 2667 ut
1421 2625 1656 2677 Heliodori,

149 2688 389 2742 compilatis
420 2690 594 2731 tandem
627 2704 723 2732 eum
755 2691 865 2742 fere,
896 2705 1021 2745 quem
1057 2693 1269 2745 videmus,
1301 2693 1496 2735 habitum
1528 2698 1657 2736 nacta

147 2769 173 2796 a
202 2757 332 2798 tertio
365 2758 538 2800 saeculo
569 2759 705 2812 magis
731 2760 954 2813 magisque
986 2762 1186 2815 optinuit.

262 2825 353 2866 Iam
386 2839 497 2879 quae
530 2826 582 2867 de
614 2827 813 2881 epiploca
842 2833 1143 2883 proponuntur
1175 2843 1201 2871 a
1229 2830 1419 2871 metricis
1452 2844 1474 2872 e
1506 2830 1655 2872 Caesio

147 2892 282 2934 Basso
317 2897 360 2934 et
390 2908 468 2948 per
497 2895 609 2937 hunc
641 2910 662 2935 e
694 2896 887 2938 Varrone
931 2897 1067 2939 videri
1108 2898 1282 2939 fluxisse
1324 2911 1456 2952 supra
1496 2913 1653 2941 memo-
