1898 3292
178 186 259 224 240
780 192 901 217 LIBER
919 191 1096 217 TER'rws.

175 297 281 350 priis
321 295 537 336 constabit
577 295 712 336 thesis
745 294 976 335 vocabulis.
1044 292 1265 334 fatendum
1306 296 1462 344 tamen,
1507 294 1689 347 quoquis

177 364 412 418 perfectior
442 364 485 404 in
518 367 632 413 arte,
663 378 711 404 eo
746 363 919 416 parcius
952 377 1075 403 usum
1106 362 1191 402 ista
1220 361 1405 402 licentia.

292 432 491 474 Ceterum
532 445 583 472 ex
629 432 695 472 his
737 445 847 484 quae
887 430 1013 471 modo
1056 430 1368 483 disputavimus
1412 431 1606 483 sequitur
1639 444 1688 471 eo

178 505 449 554 argumento,
483 500 598 554 quod
629 514 653 540 a
684 500 855 541 fortiori
887 499 1034 539 dicunt
1065 497 1297 548 dialectici,
1330 512 1414 538 non
1444 499 1582 539 minus
1616 498 1689 539 bo-

177 584 277 610 num
319 569 473 610 haberi
505 568 723 622 rythmum
756 567 1037 621 spondiacum
1068 567 1134 607 vel
1164 566 1431 607 trochaicum
1464 567 1552 607 sive
1584 567 1689 607 iam-

176 638 318 678 bicum
352 636 639 678 efficientibus
671 636 782 677 binis
814 635 1130 689 monosyllabis.

292 706 369 747 His
400 706 653 755 rationibus,
683 718 766 745 non
789 704 897 754 aliis,
928 703 1085 756 integri
1107 702 1393 744 servabuntur
1414 716 1687 743 numerorum

176 774 293 815 fines.
367 788 478 827 quae
526 774 881 826 quotiescumque
931 771 1256 824 migrabuntur,
1303 770 1462 811 totiens
1508 771 1688 812 Latinae

178 843 284 883 artis
317 842 445 884 decor
484 845 712 883 evertetur.
758 867 807 871 —-
851 854 961 894 quae
993 854 1088 881 cum
1120 840 1181 880 ita
1214 839 1314 889 sint,
1356 839 1461 879 nihil
1492 839 1577 879 iam
1611 839 1687 879 ob-

182 915 280 961 stat,
318 911 420 963 quin
451 924 502 951 ex
535 910 683 951 ordine
716 924 915 951 versuum
949 921 1253 957 enumeremus
1279 907 1592 960 dispositiones.

293 979 406 1032 Ergo
437 978 600 1020 heroici
634 979 758 1019 metri
802 992 898 1019 cum
940 991 1018 1031 pro
1050 977 1260 1017 varietate
1294 990 1499 1017 caesurae
1532 976 1689 1029 duplex

178 1048 233 1088 sit
264 1048 449 1101 species,
495 1047 621 1088 binae
665 1051 792 1088 erunt
834 1045 1145 1088 describendae
1189 1049 1444 1086 structurae.
1507 1058 1689 1098 quarum

176 1117 294 1170 prior
322 1117 357 1157 si
388 1116 537 1166 fuerit,
569 1116 776 1156 incisione
806 1115 922 1156 facta
955 1113 1280 1167 semiquinaria,
1320 1113 1403 1154 duo
1439 1113 1690 1167 provenient

178 1185 369 1235 ordines,
419 1198 601 1238 quorum
643 1184 823 1225 alterius
861 1183 958 1224 finis
1001 1186 1157 1236 quarto
1192 1182 1428 1235 quintoque
1461 1182 1688 1235 semipede,

177 1253 354 1294 alterius
386 1254 445 1294 eis
487 1253 754 1303 continetur,
798 1265 908 1305 quae
938 1251 1140 1292 adonium
1168 1254 1353 1291 metrum
1386 1254 1583 1303 aequent.
1645 1253 1690 1290 at

179 1323 213 1363 si
235 1321 620 1376 hephthemimeris
643 1321 725 1362 erit
748 1334 940 1371 caesura,
971 1319 1090 1361 nulla
1113 1334 1208 1360 cum
1239 1319 1554 1369 trithemimeri,
1587 1318 1689 1359 item

180 1391 264 1431 duo
297 1394 423 1431 erunt
451 1389 623 1430 ordines
655 1388 795 1443 figura
827 1403 878 1430 ac
909 1388 1076 1429 ratione
1110 1392 1198 1429 tam
1231 1388 1390 1434 similes
1426 1387 1545 1441 prius
1578 1400 1689 1428 com-

178 1462 531 1508 memoratorum,
578 1461 626 1499 ut
661 1458 809 1511 pigeat
841 1457 1019 1498 verbum
1053 1457 1225 1498 addere.
1286 1456 1361 1498 sed
1392 1455 1562 1497 adiecta
1594 1458 1691 1509 post

178 1528 360 1568 alteram
405 1527 522 1568 arsin
562 1527 769 1567 incisione
809 1526 969 1580 triplex
1011 1526 1149 1567 oritur
1188 1525 1340 1575 series,
1381 1525 1443 1566 ita
1473 1528 1522 1565 ut
1552 1525 1691 1578 prima

175 1596 385 1637 infirmior
416 1595 587 1636 relicuis
620 1595 674 1636 ad
712 1595 888 1636 tertium
921 1594 1202 1648 semipedem,
1246 1593 1434 1635 secunda
1473 1593 1529 1634 ad
1560 1593 1690 1646 septi-

176 1679 304 1714 mum,
336 1664 468 1705 tertia
497 1677 634 1717 usque
665 1663 721 1704 ad
751 1663 878 1704 finem
910 1663 1139 1717 pertineat.

290 1733 443 1786 Itaque
477 1732 520 1772 in
560 1731 813 1773 hexametro
854 1731 1183 1785 penthemimeri
1216 1730 1350 1771 diviso
1384 1744 1479 1771 cum
1511 1732 1691 1783 quartus

177 1801 358 1854 semipes
392 1805 434 1842 et
465 1801 639 1854 quintus
669 1805 712 1842 et
742 1814 871 1854 porro
907 1800 1082 1854 quintus
1123 1813 1198 1853 pes
1232 1803 1274 1840 et
1305 1802 1451 1840 sextus
1482 1799 1591 1839 finiti
1623 1812 1690 1839 or-

177 1870 287 1910 dinis
318 1869 486 1923 legibus
519 1869 604 1910 sint
639 1869 832 1920 obnoxii,
872 1870 958 1910 iam
988 1869 1107 1922 prius
1141 1867 1479 1921 contemplemur
1516 1866 1689 1908 relicua.

176 1938 283 1979 haec
314 1938 550 1979 secundum
580 1938 865 1991 principalem
896 1938 1052 1979 veteris
1096 1937 1202 1978 artis
1241 1936 1401 1990 legem,
1435 1949 1518 1989 quo
1553 1935 1689 1988 magis

177 2007 393 2048 diversum
427 2020 452 2047 a
483 2006 676 2060 pedestri
704 2010 886 2047 accentu
916 2006 1050 2047 ictum
1092 2005 1315 2046 habebunt
1354 2004 1596 2055 metricum,
1642 2017 1690 2045 eo

176 2075 354 2128 propius
387 2075 441 2116 ad
473 2075 710 2129 perfectam
753 2074 959 2116 accedent
997 2074 1267 2127 elegantiam.
1328 2073 1516 2127 pertinet
1547 2075 1690 2113 autem

176 2143 220 2184 id
260 2147 541 2197 praeceptum
582 2143 856 2196 perspicuam
908 2143 962 2184 ob
1015 2156 1190 2184 causam
1238 2142 1292 2183 ad
1342 2141 1514 2183 easdem
1562 2141 1691 2182 etiam

176 2215 324 2265 partes
354 2212 626 2265 pentametri.
677 2225 811 2265 quare
842 2225 927 2253 non
959 2225 1136 2265 prorsus
1169 2214 1234 2252 est
1262 2210 1483 2251 laudatum
1506 2210 1690 2263 primum

178 2284 253 2321 aut
284 2284 486 2333 quartum
518 2280 671 2333 pedem
704 2280 918 2335 dactylica
951 2283 1150 2321 constare
1182 2292 1284 2320 voce
1317 2282 1360 2319 et
1390 2279 1529 2319 minus
1562 2279 1689 2319 etiam

178 2349 434 2402 spondiaca,
486 2362 571 2401 qua
617 2349 743 2391 nimis
792 2349 959 2402 gravati
1006 2352 1048 2389 et
1094 2347 1259 2388 tardati
1306 2347 1422 2388 velut
1467 2347 1692 2400 pedestres

179 2416 288 2458 fiunt
318 2417 496 2458 numeri.
558 2421 624 2458 est
652 2420 797 2458 tamen
829 2417 903 2458 ubi
936 2420 1030 2458 arte
1073 2419 1326 2470 appetatur,
1371 2416 1486 2469 quod
1524 2416 1691 2456 ratione

179 2485 407 2527 abiciatur.
470 2484 586 2526 velut
616 2485 795 2539 pulchre
836 2485 999 2527 habent
1038 2485 1132 2538 ipso
1173 2485 1276 2525 vitio
1321 2498 1470 2525 versus
1502 2483 1691 2525 Maronis

177 2554 220 2594 hi
253 2554 363 2608 [aen.
394 2553 426 2605 I,
458 2556 532 2605 333
567 2553 679 2605 VIII,
710 2554 830 2608 693]:

452 2646 577 2678 tantae
602 2644 708 2678 molis
735 2647 814 2678 erat
837 2643 1043 2678 Romanam
1070 2643 1230 2678 condere
1256 2646 1415 2688 gentem.

453 2704 556 2735 tanta
580 2701 676 2735 mole
703 2701 770 2734 viri
796 2701 938 2735 turritis
964 2702 1151 2746 puppibus
1178 2701 1325 2735 instant.

182 2782 295 2835 quod
328 2782 388 2823 sic
420 2782 595 2836 repetiit
627 2781 756 2823 Silius
788 2781 879 2836 [IIL
914 2781 1037 2836 582]:

452 2884 605 2917 magnae
631 2873 736 2906 molis
764 2884 855 2916 opus
881 2873 1070 2916 multoque
1097 2873 1221 2906 labore
1250 2872 1464 2916 parandum„
