1898 3292
842 815 883 866 Ι.

567 932 1165 986 PROHOEMIVM.

227 1135 337 1176 Anni
369 1134 692 1176 MDCCCXLVI
734 1139 940 1176 autumno
983 1149 1076 1176 cum
1118 1138 1317 1188 receptus
1349 1149 1484 1176 essem
1515 1151 1623 1190 puer

110 1204 222 1244 inter
255 1203 488 1256 discipulos
522 1203 743 1258 Gymnasii
774 1204 1021 1244 Ioachimiszi
1055 1203 1355 1254 Berolinensis,
1385 1218 1621 1257 paucorum

112 1272 252 1325 spatio
284 1285 492 1313 annorum
523 1272 682 1325 partim
717 1272 914 1313 doctrina
935 1276 1268 1326 praeceptorum
1299 1274 1621 1325 praestantissi-

111 1354 296 1392 morum,
337 1340 450 1381 inter
489 1354 596 1393 quos
636 1341 774 1394 primo
814 1340 907 1382 loco
951 1340 1055 1381 mihi
1096 1340 1362 1381 memorandi
1404 1342 1622 1394 Augustus

113 1408 351 1450 Meinekius
390 1413 433 1450 et
476 1409 710 1450 Mauricius
761 1408 1014 1463 Seyffertus,
1058 1410 1217 1462 partim
1263 1410 1438 1463 proprio
1480 1410 1621 1451 studio

113 1477 373 1528 effectumst,
402 1492 485 1519 non
519 1478 725 1519 mediocri
758 1482 804 1519 ut
835 1482 1006 1519 tenerer
1039 1491 1184 1518 amore
1216 1478 1476 1531 scriptorum
1508 1479 1622 1520 Lati-

112 1560 276 1588 norum.
325 1546 400 1587 sed
440 1547 626 1588 maxime
661 1546 716 1588 ad
745 1551 897 1600 poetas
942 1547 1082 1588 animo
1123 1546 1313 1598 ferebar,
1357 1561 1537 1600 quorum
1580 1549 1621 1588 in

113 1615 338 1656 metricam
370 1619 506 1656 artem
538 1615 723 1669 primum
755 1615 852 1656 rudi
885 1615 1177 1670 experimento
1221 1619 1263 1655 et
1304 1616 1514 1657 crassiore
1546 1616 1623 1657 Mi-

112 1697 245 1725 nerva
274 1697 342 1724 me
371 1683 660 1734 insinuabam,
699 1697 798 1725 mox
842 1684 1021 1725 eandem
1060 1684 1248 1738 propriis
1284 1684 1465 1725 reddere
1498 1699 1623 1726 cona—

113 1752 193 1793 bar
232 1751 408 1793 lusibus.
470 1757 622 1794 auctus
667 1756 731 1793 est
772 1753 842 1793 hic
879 1767 1018 1803 amor,
1059 1756 1291 1806 postquam
1323 1752 1379 1793 ad
1410 1753 1624 1794 Vniversi-

113 1823 248 1862 tatem
276 1820 535 1861 litterariam
559 1821 721 1862 accessi
744 1821 1076 1872 Berolinensem⁷
1107 1821 1181 1862 ubi
1205 1821 1353 1862 oblata
1374 1821 1624 1875 frequenter

115 1889 168 1930 M.
202 1889 381 1943 Hauptii
423 1894 465 1931 et
506 1890 560 1930 M.
601 1889 766 1930 Hertzii
807 1890 850 1930 in
891 1889 1150 1931 lectionibus
1194 1890 1400 1930 Richardi
1440 1890 1623 1931 Bentleii

116 1961 158 1999 et
179 1957 320 1999 Caroli
342 1958 607 1999 Lachmanni
639 1959 859 2010 memoria,
893 1959 966 2012 qui
988 1959 1068 1999 viri
1089 1958 1362 1999 inmortalem
1386 1959 1429 1999 in
1452 1959 1624 2000 modum

116 2026 167 2068 de
198 2027 337 2081 poetis
368 2026 533 2068 Latinis
566 2031 665 2068 sunt
695 2027 855 2078 meriti,
899 2041 948 2068 eo
988 2041 1080 2068 sum
1113 2027 1325 2068 adductus
1357 2032 1405 2069 ut
1434 2028 1477 2068 in
1510 2028 1625 2069 hisce

114 2095 355 2137 tractandis
395 2095 608 2137 collocare
656 2099 891 2137 statuerem
940 2096 1054 2137 vitae
1103 2110 1224 2138 meae
1268 2096 1385 2138 velut
1424 2096 1620 2138 taberna-

116 2163 269 2205 culum.

228 2232 366 2285 Igitur
399 2247 494 2274 cum
527 2236 693 2274 aestate
716 2234 816 2274 anni
840 2232 1121 2274 MDCCCLVI
1143 2232 1248 2274 ordo
1271 2233 1625 2288 philosophorum

117 2300 455 2342 Berolinensium
486 2301 599 2342 hanc
628 2302 925 2356 proposuisset
948 2302 1256 2355 quaestionem,
1288 2306 1336 2343 ut
1367 2302 1412 2343 T.
1435 2302 1625 2343 Lucretii

117 2369 216 2410 Cari
238 2383 371 2422 genus
393 2369 563 2411 dicendi
584 2384 872 2423 versuumque
895 2370 1192 2411 faciendorum
1216 2384 1286 2411 ars
1309 2375 1628 2425 exponerentur

118 2441 287 2479 etcum
317 2442 544 2492 poetarum
586 2442 628 2479 et
667 2439 860 2492 priorum
905 2443 947 2479 et
987 2439 1233 2492 aequalium
1277 2443 1318 2480 et
1363 2453 1510 2480 eorum
1555 2439 1628 2492 qui

122 2506 304 2560 Augusti
349 2511 493 2548 aetate
535 2507 712 2549 fuerunt
758 2507 1066 2549 consuetudine
1111 2512 1485 2562 compararentur,
1539 2522 1626 2548 rem

119 2575 288 2629 suscepi
316 2575 600 2617 tractandam.
643 2590 694 2617 ac
724 2576 951 2617 materiam
982 2579 1074 2618 tum
1105 2577 1352 2618 incohatam
1384 2591 1461 2630 per
1483 2577 1628 2630 plures

118 2647 372 2697 persecutus
419 2658 552 2685 annos
598 2648 735 2686 totum
781 2658 849 2686 me
895 2644 992 2686 dedi
1035 2646 1240 2687 metricae
1281 2646 1365 2686 arti
1403 2649 1628 2699 poetarum

122 2712 374 2754 Latinorum
420 2713 780 2766 perscrutandae,
831 2717 877 2754 ut
930 2727 1039 2766 quae
1090 2714 1209 2767 prius
1254 2728 1380 2754 sensu
1430 2713 1629 2766 quodam,

121 2794 382 2834 quamquam
414 2794 499 2822 non
530 2780 675 2822 hebeti
706 2795 785 2822 nec
819 2785 985 2835 optuso,
1018 2782 1181 2822 incerto
1213 2786 1357 2822 tamen
1380 2785 1423 2822 et
1445 2781 1629 2822 obnoxio

121 2848 315 2890 arbitriis
345 2862 643 2902 perceperam,
684 2863 830 2890 eorum
873 2850 958 2890 iam
1004 2863 1157 2890 causas
1196 2854 1238 2890 et
1274 2850 1464 2890 rationes
1496 2851 1629 2890 intro«

121 2918 342 2971 spicerem.

189 2996 429 3029 L.Mue11eri;
452 2997 497 3022 De
515 3005 536 3022 r.
555 3005 592 3023 m.
611 3005 637 3028 p.
657 2997 688 3022 L.
1337 2987 1355 3018 1
