1898 3292
208 208 286 244 104
810 216 927 239 LIBER
951 216 1105 240 Piznuvs.

204 317 486 357 Terentianus
528 318 579 371 [v.
619 319 747 372 2159]
797 322 835 358 ct
879 319 1014 358 secuti
1057 332 1152 358 eum
1196 318 1440 358 Victorinus
1483 320 1632 373 [2564]
1675 324 1716 360 et

205 385 493 427 columbanus
524 386 671 440 [carm.
696 386 750 426 ad
774 385 949 441 chol.].
1006 390 1050 426 at
1072 386 1187 440 apud
1211 387 1386 427 Latinos
1410 387 1715 428 Terentianum

204 454 389 507 primum
431 454 703 495 continuasse
746 454 827 494 hoc
869 458 1049 495 metrum
1093 455 1226 508 ipsius
1270 458 1438 495 constat
1470 456 1715 497 testimonio

204 523 368 577 [2177]
421 536 519 562 mox
551 522 739 563 ciusdem
775 522 949 562 adducti
983 523 1241 563 auctoritate
1274 524 1339 563 usi
1369 528 1467 563 sunt
1488 524 1570 564 hoc
1592 539 1717 566 versu

206 590 446 631 Martianus
478 591 548 645 [IL
584 591 703 645 125]⁷
737 590 943 631 Boethius
976 591 1023 645 [L
1058 592 1121 645 7],
1162 591 1452 633 Columbanus
1482 593 1629 647 [carm.
1663 593 1715 634 ad

205 658 380 712 Fedol.].

320 727 410 767 Iam
454 741 601 768 versus
651 727 851 780 dactylici
898 727 1150 769 hexametro
1192 728 1444 769 catalectico
1488 730 1717 782 ampliores

206 809 301 835 cum
334 795 525 836 habeant
558 795 834 849 nescioquam
867 796 1183 850 inelegantiam‚
1215 811 1299 837 non
1330 801 1565 850 potuerunt
1592 798 1718 839 facile

205 864 378 917 placere
419 864 501 904 nisi
545 864 796 905 auctoribus
840 864 1010 906 lusuum
1053 865 1473 919 praestigiorumque
1515 867 1718 907 studiosis

208 936 250 972 et
277 931 332 973 ab
364 933 549 986 ingenuo
583 932 738 979 decore
768 933 930 974 alienis.

320 1000 413 1041 Tali
446 1004 582 1042 metro
614 1016 716 1042 usus
749 1003 932 1043 Serenus
968 1002 1031 1042 ita
1072 1000 1263 1053 ‘pc'nqere
1295 1005 1559 1044 collibilumsl.
1621 1018 1718 1054 [sra-

202 1073 366 1119 plze'dem
397 1073 501 1118 (lale,
540 1074 719 1120 promise
750 1067 989 1111 bolarium'.
1051 1071 1171 1111 cuius
1193 1071 1357 1111 numeri
1381 1071 1586 1112 Diomede
1609 1075 1718 1113 teste

209 1137 405 1190 superius
429 1142 636 1179 commast
658 1142 958 1179 tetrametrum
984 1138 1254 1192 dactylicum,
1288 1139 1472 1180 alterum
1496 1140 1717 1181 dimidium

206 1220 354 1246 versus
388 1206 577 1259 elegiaci.

323 1275 377 1314 At
415 1288 466 1315 ex
498 1275 744 1328 anapaestis
775 1276 957 1329 primum
994 1290 1071 1317 nos
1101 1276 1326 1317 advertent
1348 1276 1531 1327 dimetri,
1564 1278 1719 1330 quibus

208 1343 309 1384 solis
332 1343 418 1383 sive
441 1344 717 1385 monometris
741 1344 900 1385 additis
928 1348 1262 1397 composuerunt
1284 1345 1476 1385 carmina
1496 1347 1720 1390 Ausonius.

208 1412 691 1462 Lux01·ius,ssoethius,
752 1413 1026 1465 paroemiaco
1070 1427 1195 1454 versu
1239 1414 1487 1454 continuato
1534 1415 1605 1467 qui
1637 1415 1721 1456 sint

207 1481 271 1521 usi
293 1481 454 1533 primos
476 1481 643 1522 invenio
667 1481 909 1522 Annianum
932 1485 975 1523 et
997 1481 1214 1522 Serenum.
1264 1482 1345 1522 hoc
1376 1486 1559 1523 metrum
1592 1498 1719 1536 quam

207 1548 420 1602 placuerit
463 1549 634 1590 saeculo
672 1564 710 1603 p.
745 1550 840 1590 Chr.
872 1565 910 1590 n.
954 1550 1082 1591 tertio
1125 1550 1392 1591 demonstrat
1437 1551 1720 1593 Terentianus

208 1617 388 1658 dicendo
422 1617 545 1658 dulce
577 1619 630 1672 [v.
669 1618 795 1672 1813]
828 1633 906 1659 nec
938 1619 1076 1659 minus
1110 1632 1159 1659 eo
1192 1618 1342 1659 laetati
1374 1620 1662 1673 insequentes.

323 1686 406 1726 Sed
449 1686 588 1727 missis
628 1686 745 1728 hisce
783 1687 867 1727 iam
913 1687 964 1727 de
997 1687 1184 1728 Senecae
1222 1691 1264 1728 et
1296 1689 1485 1729 auctoris
1518 1689 1720 1730 Octaviae

209 1754 455 1808 anapaestis
488 1754 611 1796 nobis
645 1755 1005 1806 disserendumst,
1047 1769 1152 1809 quos
1193 1756 1365 1809 quidem
1407 1757 1591 1810 pessime
1631 1772 1721 1799 cre-

208 1823 314 1863 dunt
356 1822 568 1876 hodieque
610 1824 819 1878 synaphia
860 1824 1048 1877 quadam
1088 1838 1220 1865 nexos
1265 1824 1457 1866 dimetris
1500 1826 1719 1877 contineri7

207 1895 305 1944 post
334 1891 521 1944 priorem
554 1892 773 1946 dipodiam
806 1895 853 1933 ut
882 1893 1110 1933 incidatur.
1163 1896 1205 1933 et
1226 1893 1330 1934 illud
1355 1893 1527 1946 quidem
1549 1894 1721 1935 minime

208 1959 451 2010 dubitatur,
490 1964 588 2013 post
629 1960 752 2001 binos
794 1964 994 2014 oportere
1037 1961 1275 2002 orationem
1315 1961 1428 2002 finiri
1466 1962 1598 2016 pedes
1644 1977 1722 2004 nec

211 2028 341 2069 licere
372 2029 658 2081 posteriorem
691 2029 796 2070 solvi
828 2030 956 2070 arsin.
1017 2044 1117 2070 nam
1161 2030 1230 2071 vix
1268 2029 1486 2083 dignumst
1518 2032 1722 2072 memoria

208 2096 312 2137 ferri
342 2097 384 2137 in
418 2097 597 2138 Octavia
629 2098 749 2152 [779]
796 2097 887 2138 ‘aut
919 2102 1019 2148 quid
1047 2105 1219 2149 pectore
1250 2105 1394 2149 florlal
1424 2097 1595 2140 (mlzelo'
1642 2115 1721 2153 pro

208 2179 256 2206 eo
299 2165 413 2218 quod
445 2166 559 2206 venit
593 2166 647 2207 ab
681 2170 856 2208 auctore
903 2166 992 2208 ‘aul
1024 2171 1123 2218 quid
1154 2174 1299 2218 portat
1333 2175 1504 2217 saeclore
1535 2166 1719 2210 (mlzelffl.

207 2238 253 2274 at
298 2234 461 2275 relicua
514 2235 638 2276 metri
687 2236 875 2276 eiusdem
924 2249 1008 2276 non
1054 2236 1232 2289 perinde
1278 2239 1394 2276 recte
1438 2236 1721 2277 aestimantur

207 2302 346 2355 vulgo.
409 2307 451 2343 et
483 2306 628 2344 cetera
661 2303 786 2355 alibi3
824 2317 936 2344 nunc
968 2304 1072 2345 satis
1105 2307 1169 2345 est
1199 2304 1414 2345 monuisse
1445 2304 1543 2345 ideo
1575 2319 1720 2346 mono-

210 2371 360 2411 metris
394 2371 677 2412 dimetiendos
710 2386 857 2413 versus
889 2372 1132 2425 utriusque,
1167 2372 1299 2426 quod,
1344 2387 1438 2413 cum
1473 2377 1636 2414 certum
1667 2374 1722 2414 sit

207 2438 303 2479 illos
344 2453 577 2492 numquam
614 2440 657 2480 in
690 2441 840 2481 alienis
872 2441 1024 2482 metris
1057 2445 1132 2482 aut
1162 2441 1327 2481 hiatum
1359 2445 1434 2482 aut
1465 2441 1721 2494 productam

206 2506 403 2561 brevem,
420 2508 529 2549 arsis
571 2508 610 2548 vi
649 2508 895 2559 admisisse,
948 2509 1060 2550 hanc
1104 2524 1297 2550 normam
1339 2510 1507 2550 sexiens
1549 2509 1720 2551 deciens

206 2575 416 2628 migrasse
455 2577 728 2617 existimandi
772 2580 871 2618 sunt
909 2577 1039 2627 idem,
1087 2578 1121 2618 si
1165 2578 1369 2619 dimetros
1411 2578 1553 2631 potius
1591 2592 1718 2631 quam

207 2648 495 2685 monometros
539 2644 775 2685 adhibuere
822 2650 1080 2699 anapaestos
1127 2646 1271 2700 [Herc.
1305 2646 1385 2686 fur.
1423 2650 1550 2698 11343
1590 2650 1719 2698 11363

207 2712 376 2766 Thyest.
420 2717 526 2765 8323
564 2717 666 2765 8813
714 2714 884 2767 Hippoi.
927 2718 1002 2765 303
1044 2718 1119 2766 433
1165 2718 1266 2766 3273
1315 2715 1424 2755 Med.
1469 2718 1573 2766 3423
1616 2719 1719 2766 8273

208 2782 355 2833 Agam.
391 2785 493 2833 3143
528 2781 618 2822 Oct.
653 2786 726 2833 673
761 2786 862 2833 2733
895 2786 997 2833 3203
1028 2786 1133 2834 6623
1166 2787 1270 2834 8903
1304 2783 1416 2837 965]
1479 2783 1593 2835 quod
1625 2784 1719 2836 quis

206 2848 332 2889 facile
375 2849 615 2891 adducetur
656 2854 704 2891 ut
749 2850 830 2891 sibi
876 2851 1172 2904 persuadeat?
1232 2853 1379 2904 itaque
1428 2852 1718 2898 monometris,

207 2908 364 2970 quibus
386 2918 470 2958 iam
494 2921 612 2960 recte
636 2918 891 2973 dispositum
922 2919 1060 2960 fertur
1093 2933 1265 2961 carmen
1297 2920 1337 2960 in
1371 2920 1470 2961 ludo
1502 2919 1553 2960 de
1582 2923 1718 2961 morte
