1898 3292
977 692 1056 732 ss,

738 785 1300 833 SVPPLEMENTVM.

377 911 440 951 Ex
473 910 738 959 commentis,
781 909 937 962 quibus
979 908 1088 949 maie
1132 908 1310 949 affectos
1350 909 1557 962 quosdam
1592 910 1770 963 scripto-

263 995 356 1021 rum
386 979 503 1020 locos
536 978 764 1019 emendare
798 978 939 1018 conati
974 992 1137 1025 sumus,
1180 977 1253 1017 illa
1285 969 1554 1031 potissimum
1585 979 1627 1018 in
1659 978 1772 1018 hunc

264 1048 453 1089 Indicem
487 1051 675 1101 recepta,
709 1060 821 1099 quae
852 1047 937 1087 iam
969 1047 1012 1086 in
1044 1046 1187 1099 priore
1211 1046 1396 1087 editione
1420 1051 1562 1087 essent
1584 1047 1771 1100 vulgata,

263 1117 329 1158 vel
372 1117 495 1169 siqua
538 1130 563 1156 a
602 1115 728 1156 nobis
769 1119 912 1155 essent
950 1114 1122 1168 prolata
1164 1115 1205 1154 in
1249 1116 1366 1156 Actis
1410 1115 1653 1165 doctorum,
1699 1116 1773 1156 ubi

264 1185 388 1227 facile
419 1188 596 1238 possent
627 1184 777 1224 fallere
799 1183 993 1224 homines
1016 1183 1242 1224 studiosos.
1304 1188 1495 1224 attamen
1517 1198 1601 1224 non
1623 1188 1774 1225 notata

264 1255 344 1295 nisi
376 1268 442 1304 ea,
486 1267 596 1306 quac
629 1252 787 1293 additis
820 1251 1013 1292 codicum
1049 1252 1355 1305 dittographiis
1388 1253 1668 1293 coniectando
1701 1267 1773 1307 ap-

264 1326 439 1376 pareret
479 1325 658 1362 mutata.
730 1325 894 1370 cetera,
937 1334 987 1361 ex
1027 1320 1165 1361 Nonio
1213 1321 1480 1374 potissimum
1523 1335 1573 1361 ac
1612 1321 1774 1362 Lucilio

265 1391 445 1444 aliisque
485 1390 734 1431 auctoribus
774 1393 873 1443 post
913 1404 1068 1430 annun]
1104 1389 1387 1430 MDCCCLXi
1420 1390 1544 1431 editis
1587 1405 1612 1431 a
1652 1390 1775 1431 nobis

265 1460 412 1510 ducta,
460 1460 549 1500 sine
596 1460 768 1512 negotio
811 1462 1014 1512 poterunt
1052 1459 1191 1511 repeti
1231 1473 1282 1499 ex
1324 1460 1571 1500 recensione
1614 1463 1775 1509 nostra,

265 1543 351 1583 qua
379 1542 462 1569 non
500 1536 604 1582 puto
644 1541 903 1581 quemquam
939 1540 1103 1577 carere,
1147 1528 1219 1580 qui
1258 1527 1343 1568 illis
1383 1541 1556 1581 operam
1594 1528 1774 1569 navarit.

380 1597 445 1638 Ad
485 1598 603 1638 locos
644 1600 857 1637 tractatos
904 1595 1097 1649 aliosque
1138 1610 1317 1649 paucos,
1366 1597 1549 1637 maxime
1592 1610 1663 1637 eos
1704 1597 1775 1650 qui

264 1666 452 1707 nondum
486 1669 628 1707 essent
661 1665 861 1718 expediti,
896 1665 1102 1718 adscripti
1138 1665 1386 1715 editionum,
1419 1680 1525 1718 quas
1556 1665 1685 1706 tertio
1709 1665 1775 1705 In-

266 1735 360 1776 dice
391 1734 648 1784 rettulimus,
680 1734 859 1782 numeri,
890 1737 932 1773 et
964 1733 1134 1786 quidem
1168 1733 1288 1784 tales,
1323 1734 1470 1787 quales
1501 1735 1544 1774 in
1573 1737 1776 1775 contextu

266 1804 408 1858 operis
441 1803 679 1857 posuimus,
721 1802 803 1843 hoc
847 1806 912 1842 est
948 1802 1069 1843 initio
1098 1807 1295 1856 respecto
1328 1803 1648 1856 disputationis,
1692 1816 1775 1843 non

266 1887 317 1914 ea
349 1876 487 1926 parte,
519 1872 562 1912 in
596 1885 681 1925 qua
714 1871 970 1913 subsisteret
1004 1871 1259 1912 emendatio.
1317 1872 1462 1913 omissi
1483 1876 1628 1912 tamen
1650 1871 1775 1922 idem,

265 1945 313 1983 ut
344 1941 632 1982 minutissima
664 1940 876 1993 quaedam
911 1944 1194 1994 praeteream,
1230 1941 1272 1980 in
1296 1941 1501 1981 Varronis
1533 1944 1776 1981 cantorum-

267 2024 349 2063 que
398 2009 688 2063 Euphorionis
737 2023 787 2050 ac
836 2009 1130 2050 scaenicorum
1179 2008 1452 2062 fragmentiS,
1505 2009 1689 2062 denique
1733 2009 1776 2050 in

267 2078 445 2119 canticis
478 2078 665 2119 Senecae
694 2077 873 2119 liberius
906 2077 1078 2118 habitis.

381 2146 534 2188 Cetera
566 2146 780 2200 quomodo
815 2147 899 2187 sint
930 2146 1148 2196 instituta,
1188 2159 1239 2187 ex
1272 2146 1523 2199 prohoemio
1556 2151 1778 2202 comparet

264 2215 470 2256 Indicum.

361 2275 464 2325 'Pro
492 2283 661 2325 iudiciis
693 2284 912 2325 hominum
945 2284 1125 2327 diversis
1155 2285 1315 2339 poterit
1336 2284 1442 2335 fieri,
1474 2288 1522 2326 ut
1544 2285 1616 2326 alii
1637 2285 1776 2339 plura,

267 2352 340 2393 alii
370 2352 579 2406 pauciora
610 2352 828 2393 rettulisse
860 2366 936 2393 nos
970 2355 1224 2404 existiment,
1258 2367 1386 2407 quain
1419 2357 1649 2406 oporteret.
1700 2367 1778 2394 nec

267 2422 377 2462 enim
410 2421 534 2474 plene
567 2421 710 2461 omnia
741 2421 962 2471 adnotata,
996 2423 1069 2463 sed
1102 2423 1190 2464 fere
1215 2436 1324 2476 quae
1347 2425 1580 2463 statuerem
1604 2422 1777 2475 cognitu

267 2489 529 2542 dignissima.
592 2493 759 2540 contra,
805 2490 916 2542 quod
958 2491 1163 2532 nonnulla
1199 2492 1385 2544 repetita
1419 2495 1518 2532 sunt
1550 2505 1601 2531 ex
1632 2490 1777 2531 Indice

265 2559 422 2612 priore,
446 2558 587 2599 studio
609 2558 795 2607 iuvandi,
820 2563 1027 2611 quantuni
1050 2564 1195 2612 posset
1215 2559 1309 2601 fieri
1331 2560 1527 2610 maxime,
1549 2559 1777 2600 lectionem

266 2627 498 2668 iuventutis
530 2627 672 2680 posita
703 2626 829 2667 facile
862 2627 1194 2669 excusabuntur.

383 2695 485 2736 Cum
522 2697 581 2736 eis
614 2700 769 2745 autem,
803 2709 912 2748 quae
946 2696 996 2736 de
1029 2696 1339 2750 orthographia
1373 2701 1415 2737 et
1442 2697 1646 2750 prosodia
1679 2700 1778 2737 sunt

268 2770 490 2817 excerpta,
530 2764 667 2804 sicubi
705 2764 904 2805 breviora
935 2765 1194 2805 videbuntur
1227 2770 1268 2806 et
1299 2765 1593 2812 adstrictiora,
1634 2769 1778 2818 potest

268 2833 509 2886 comparari
544 2833 776 2874 earundem
809 2847 948 2874 rerum
982 2834 1268 2875 Summarium
1302 2848 1337 2874 a.
1373 2833 1776 2874 MDCCCLXXVIII

268 2903 440 2944 editum.
