1898 3292
262 222 282 259 3
291 222 343 260 54
852 229 971 254 mmm
990 229 1179 261 QVARTVS.

260 332 416 373 veteris
440 332 545 373 artis
568 332 846 382 concinnitas⁷
879 331 1032 373 deinde
1064 332 1165 384 quia
1196 331 1488 373 dodecametri
1515 332 1575 373 illi
1598 333 1767 373 omnino

259 401 475 454 longiores
508 404 608 442 sunt
639 414 777 454 aequo
810 403 852 441 et
884 400 937 442 ab
961 401 1074 441 omni
1096 400 1243 454 lepore
1266 400 1401 441 vacui.
1455 401 1586 454 igitur
1620 415 1766 453 quam-

260 482 389 522 quam
434 472 617 523 apparet
651 469 926 509 hexametros
969 468 1143 509 elisione
1183 472 1385 509 coeuntes
1427 469 1571 521 aliquo
1608 469 1767 510 interse

259 538 427 578 vinculo
461 537 706 588 cohaerere,
740 541 885 578 tamen
916 551 993 590 per
1026 551 1071 578 se
1103 540 1334 589 utrumque
1358 537 1547 578 dicemus
1569 538 1768 591 proprias

260 605 432 659 explere
465 606 591 657 vices,
622 605 749 659 plane
782 606 894 646 sicut
924 608 1098 646 manent
1128 605 1323 658 integrae
1355 609 1397 646 et
1428 605 1589 646 divisae
1620 609 1767 659 partes

259 675 397 724 metri,
429 674 597 715 etiamsi
619 674 738 715 verbi
771 674 873 724 eius,
905 674 947 714 in
980 687 1063 726 quo
1095 672 1144 715 fit
1174 687 1365 723 caesura,
1399 673 1573 714 eliditur
1605 673 1767 714 ultima.

259 746 449 783 ceterum
480 756 575 783 cum
607 742 837 796 plurimum
870 743 1084 796 optineret
1116 742 1231 796 apud
1262 742 1438 783 Latinos
1468 742 1610 795 opinio
1643 756 1767 796 spon-

259 811 385 852 deum
417 811 560 864 potius
590 825 719 864 quam
760 810 1011 852 trochaeum
1056 810 1281 852 convenire
1322 810 1498 851 ultimae
1541 810 1631 851 sedi
1674 824 1768 851 cum

260 883 499 920 ceterorum
548 883 783 920 metrorum
830 883 919 920 tum
967 879 1225 929 hexametri,
1273 892 1357 919 non
1405 879 1487 919 erit
1533 879 1685 919 mirum
1727 879 1768 919 111

259 947 451 989 versibus
484 948 663 1002 synizesi
696 947 863 988 coalitis
903 947 1060 1001 prioris
1106 947 1307 997 numeris
1341 951 1390 988 ut
1435 961 1518 989 non
1563 948 1648 988 iam
1693 961 1770 1001 per

258 1030 302 1057 se
334 1016 469 1057 solum
512 1016 767 1067 constantis,
811 1016 1020 1070 syllabam
1063 1015 1374 1070 paenultimam
1407 1029 1575 1069 semper
1607 1016 1769 1057 servari

259 1086 441 1138 longam.
491 1098 621 1138 porro
643 1085 875 1138 plurimum
898 1084 1044 1131 refert,
1077 1098 1128 1126 ne
1152 1098 1301 1126 sensus
1323 1085 1556 1126 interstitio
1578 1084 1770 1138 longiore

258 1153 506 1195 dividantur
536 1153 777 1194 hexametri
810 1153 986 1194 elisione
1019 1154 1128 1204 nexi,
1163 1167 1258 1194 cum
1281 1153 1347 1194 vel
1370 1153 1430 1194 sic
1453 1167 1581 1206 aegre
1605 1156 1768 1194 coeant.

258 1236 392 1275 quare
423 1222 466 1262 111
496 1222 580 1262 fine
612 1222 824 1263 enuntiati
857 1226 1031 1276 praeter
1063 1226 1284 1263 auctorem
1317 1235 1414 1263 mox
1445 1222 1769 1263 memorandum

257 1304 417 1344 ponere
449 1290 558 1332 tales
590 1304 700 1332 unus
731 1305 861 1332 ausus
891 1295 955 1332 est
987 1290 1200 1343 Vergilius
1231 1291 1293 1332 ita
1325 1291 1434 1345 [aen.
1466 1291 1535 1335 lv,
1565 1291 1688 1345 029]

718 1373 885 1414 pugnent
910 1371 1053 1414 ipsique
1083 1373 1322 1414 nepotesque.

509 1427 599 1461 haec
629 1428 679 1461 ait
705 1430 742 1461 et
767 1430 891 1472 partes
918 1428 1077 1461 animum
1104 1427 1258 1462 dimittit
1285 1428 1320 1460 in
1350 1439 1475 1462 omnes

258 1499 301 1536 et
335 1495 437 1537 alibi
471 1496 580 1551 [vir
613 1497 738 1550 470]:

509 1587 546 1610 se
573 1577 659 1610 satis
685 1577 865 1611 ainbobus
892 1575 1118 1620 Teucrisque
1146 1578 1271 1610 venire
1296 1575 1523 1619 Latinisque.

509 1633 599 1668 haec
629 1634 690 1668 ubi
717 1633 817 1667 dicta
842 1633 946 1667 dedit
973 1633 1148 1677 divosque
1175 1634 1208 1666 111
1235 1636 1320 1667 vota
1343 1634 1499 1667 vocavit.

258 1705 300 1743 et
330 1715 460 1755 porro
493 1702 562 1757 [X‚
595 1703 723 1757 895]:

512 1782 672 1816 clamore
698 1781 903 1816 incendunt
928 1782 1069 1817 caelum
1096 1781 1284 1826 Troesque
1310 1782 1518 1826 Latinique.

510 1839 657 1873 advolat
680 1838 838 1874 Aeneas.

257 1911 484 1962 praeterea
518 1908 755 1950 notandum
792 1921 960 1962 semper
991 1908 1187 1949 concludi
1219 1922 1388 1950 versum
1420 1908 1603 1962 priorem
1636 1908 1770 1961 parti-

257 1976 355 2017 cula
381 1977 580 2018 enclitica
613 1991 690 2028 que
720 1980 894 2030 praeter
920 1976 1043 2018 binos
1066 1977 1255 2030 Vergilii,
1289 1977 1362 2030 qui
1384 1977 1444 2018 sic
1471 1980 1628 2018 exeunt
1659 1977 1714 2030 [g.
1739 1976 1769 2021 L

258 2048 363 2097 2953
397 2059 488 2087 aen.
523 2045 620 2096 VII,
656 2046 755 2099 160]
801 2043 1008 2097 ‘decoque'l
1045 2043 1289 2089 humorem',
1336 2043 1461 2086 ‘tecla
1494 2042 1769 2089 Latiam-ems,

257 2118 300 2154 et
331 2114 520 2168 singulos
555 2113 745 2155 Lucretii
785 2114 852 2168 [V,
884 2114 986 2168 846]
1029 2117 1072 2155 et
1101 2114 1270 2155 Horatii
1313 2115 1361 2169 [s.
1393 2113 1429 2164 Ι,
1464 2117 1500 2164 6,
1539 2113 1658 2167 maj,
1698 2113 1771 2166 qui

256 2182 463 2224 finiuntur
506 2181 777 2224 ‘concurrere
809 2182 997 2232 debere⁷,
1042 2181 1182 2224 ‘rusve
1203 2180 1474 2234 pet-effleve’.

359 2251 571 2292 Ceterum
602 2250 782 2304 pulchre
814 2264 865 2292 ac
898 2251 1053 2293 decore
1084 2265 1186 2293 usus
1217 2255 1281 2292 est
1312 2251 1500 2292 numeris
1532 2250 1626 2290 istis
1649 2249 1770 2290 Maro

256 2322 304 2360 ut
340 2319 455 2371 alibi,
486 2320 548 2360 ita
577 2320 621 2360 in
653 2319 710 2360 IV
742 2319 954 2361 Aeneidos
988 2320 1107 2374 [629]
1142 2320 1221 2361 sic:

714 2395 901 2443 ‘pugnent
925 2399 1068 2443 ipsique
1095 2395 1351 2443 nepotesque’.

506 2455 596 2490 haec
623 2456 684 2499 ait,
711 2458 748 2490 et
774 2459 898 2499 partes
924 2456 1084 2490 animum
1110 2457 1281 2491 versabat
1304 2456 1341 2489 in
1368 2466 1503 2490 omnes.

254 2522 328 2566 ubi
359 2538 485 2565 versu
515 2525 633 2565 velut
663 2524 780 2565 ultra
820 2538 1065 2566 mensuram
1104 2527 1247 2566 tracto
1286 2524 1524 2566 deficientis
1563 2527 1606 2564 et
1638 2522 1769 2564 verba

255 2592 419 2633 frustra
450 2593 697 2645 quaerentis
729 2592 864 2634 Didus
895 2593 1141 2647 depingitur
1172 2597 1322 2635 status,
1384 2593 1485 2634 item
1518 2593 1542 2632 l.
1570 2593 1622 2633 Vl
1647 2592 1765 2646 [502]

253 2660 296 2701 in
328 2661 442 2702 hunc
472 2660 667 2702 modum:

507 2752 597 2784 quos
626 2751 736 2784 super
762 2742 841 2774 atra
866 2740 957 2775 silex
983 2741 1053 2774 iam
1078 2741 1150 2774 iam
1176 2740 1324 2785 lapsura
1350 2740 1567 2784 cadentique

507 2798 675 2831 imminet
699 2797 883 2831 adsimilis.

253 2866 295 2906 in
338 2866 493 2918 quibus
535 2870 671 2907 metro
713 2879 842 2919 aegre
883 2870 1023 2906 stante
1056 2867 1179 2918 quasi
1212 2867 1307 2907 viva
1339 2866 1593 2919 exprimitur
1627 2867 1764 2917 imago

253 2935 346 2974 saxi
378 2935 545 2976 ruinam
578 2935 828 2976 minitantis.
