1898 3292
741 202 861 227 LIBER
881 202 1082 227 sssrrmvs.
1581 195 1661 234 523

159 304 406 346 afficiemus.
467 304 542 346 sed
573 309 716 345 tamen
758 304 833 345 illa
878 304 959 346 fuit
998 304 1229 351 valentior,
1269 305 1427 358 quippe
1470 319 1580 358 quae
1621 310 1664 347 et

156 374 432 414 inconcussas
468 374 599 415 armis
629 373 866 427 penetrarit
907 377 1056 426 gentes
1097 376 1140 414 et
1180 373 1442 426 superfuerit
1480 374 1661 428 imperio

157 442 279 483 annis
301 441 434 483 ferme
458 442 536 484 CL.
568 467 623 472 -
654 441 728 483 sed
762 441 873 482 enim
905 440 959 482 ab
992 441 1173 495 septimo
1206 456 1245 495 p.
1278 441 1373 483 Chr.
1406 457 1443 482 n.
1477 443 1662 494 saeculo,

157 509 328 551 abiecta
357 513 462 564 puto
494 524 568 564 spe
598 510 769 564 pristini
800 513 938 551 status
968 509 1270 563 recuperandi,
1311 513 1436 551 tanta
1467 511 1662 552 occ-iden-

155 578 265 619 tales
298 578 479 632 populos
510 578 667 620 invasit
697 577 940 628 barbaries,
978 591 1062 619 non
1093 581 1140 619 ut
1170 577 1394 619 differrent
1424 579 1508 620 iam
1539 580 1662 621 inhu-

156 646 364 688 manitate
386 646 569 688 Romani
600 661 624 687 a
647 646 884 688 Germanis.
946 659 1048 687 sane
1080 648 1122 687 et
1153 649 1357 687 externae
1388 651 1664 690 accesserunt

157 728 324 756 causae.
385 729 483 756 nam
522 715 667 769 priore
709 715 837 756 etiam
879 718 1072 769 tempore
1108 713 1235 756 Italia
1264 714 1472 756 Getarum
1500 715 1662 770 Byzan-

156 783 431 836 tinorumque
447 782 573 834 bello,
596 787 693 837 post
708 782 1093 837 Langobardorum
1110 783 1374 836 ingressione
1396 785 1663 835 vastabatur,

157 850 299 892 Gallia
338 851 523 905 primum
563 851 825 893 Francorum
865 851 1304 905 Burgundionumque
1346 852 1664 903 certaminibus,

155 934 266 970 mOX,
296 919 370 961 ubi
402 934 544 961 rerum
574 923 672 961 sunt
699 920 825 974 potiti
855 920 930 971 illi,
962 919 1166 961 intestina
1187 919 1404 974 flagrabat
1436 920 1663 962 discordia.

154 988 315 1030 diutius
336 988 488 1030 intacti
511 1002 705 1030 mansere
721 988 914 1042 Hispani.
976 1002 1054 1030 nec
1085 988 1246 1030 saeculi
1275 984 1447 1043 septimi
1478 990 1663 1030 auctori-

154 1057 234 1099 bus
277 1070 355 1098 sua
396 1057 533 1099 defuit
578 1056 785 1108 eruditio,
838 1056 973 1099 donec
1017 1057 1211 1111 proximo
1256 1060 1450 1111 tempore
1500 1057 1665 1098 Arabes

155 1125 414 1179 transgressi
446 1125 616 1177 fretum,
649 1125 763 1180 quod
786 1126 975 1167 Africam
1006 1129 1049 1167 et
1076 1125 1295 1179 Europam
1326 1125 1548 1176 interfluit,
1580 1140 1664 1167 uno

154 1193 317 1249 proelio
358 1194 552 1236 funditus
594 1198 840 1236 everterunt
880 1194 1200 1248 Visigothorum
1243 1207 1356 1248 opes.
1433 1207 1518 1248 quo
1561 1193 1665 1235 nihil

154 1263 297 1317 potuit
330 1262 501 1317 gravius
532 1262 688 1305 litteris
721 1262 886 1305 Latinis
918 1263 1098 1304 evenire.
1161 1262 1297 1304 omnis
1327 1261 1426 1303 inde
1466 1276 1536 1304 ars
1575 1262 1663 1303 lex-

154 1345 238 1385 que
267 1331 404 1373 omnis
435 1345 582 1373 versus
614 1331 796 1373 Romani
827 1331 881 1372 ad
911 1332 1081 1373 irritum
1113 1330 1324 1382 cecidere,
1357 1344 1467 1385 quae
1498 1330 1664 1384 pridem

153 1399 397 1442 labefactae
447 1403 512 1441 tot
557 1400 684 1441 simul
724 1400 943 1453 tantisque
996 1399 1374 1441 circumstantibus
1425 1399 1665 1441 terroribus

156 1468 486 1523 multiplicatum
537 1482 622 1511 non
663 1468 935 1511 sustinebant
994 1469 1212 1522 impetum.
1293 1482 1412 1519 mox,
1459 1482 1485 1508 a
1524 1468 1666 1509 Caroli

154 1537 300 1591 Magni
321 1541 527 1592 tempore,
559 1537 733 1579 eaedem
766 1537 965 1579 scholicis
997 1536 1125 1578 medii
1157 1537 1251 1578 aevi
1283 1536 1436 1578 studiis
1458 1536 1664 1590 quadam-

154 1610 279 1648 tenus
310 1605 652 1660 redintegratae,
698 1620 847 1647 rursus
879 1605 1036 1648 coalita
1068 1609 1292 1647 auctorum
1325 1605 1590 1647 Graecorum
1621 1609 1665 1647 et

154 1674 405 1716 Latinorum
446 1674 720 1716 veneratione
759 1674 980 1728 aliquanto
1025 1674 1181 1716 laetius
1222 1674 1449 1716 effloruere
1490 1671 1662 1715 saeculo

155 1743 245 1794 XV,
275 1742 388 1784 unde
418 1743 603 1797 primum
626 1742 791 1784 fructus
823 1742 914 1784 eius
945 1742 1000 1783 ad
1031 1742 1164 1784 Italos
1194 1742 1448 1796 penetravit,
1479 1741 1578 1783 dein
1608 1742 1663 1783 ad

155 1814 334 1863 ceteros,
368 1814 417 1853 ut
445 1811 599 1865 cuique
641 1811 757 1864 genti
801 1811 956 1865 cupido
989 1810 1270 1852 humanitatis
1314 1813 1390 1852 aut
1432 1810 1662 1852 admiratio

154 1883 346 1921 veterum
389 1879 552 1921 incidit.
625 1879 700 1921 sed
740 1879 851 1921 enim
893 1879 944 1921 de
985 1879 1051 1921 his
1090 1878 1219 1921 rebus
1267 1878 1410 1920 dicere
1456 1893 1539 1921 non
1584 1879 1665 1921 fuit

156 1947 392 1990 consilium.
