1898 3292
739 225 858 251 LIBER
876 227 1032 254 PRIMVS.
1563 223 1641 262 119

136 344 216 371 non
250 334 416 372 constet
444 334 622 384 propter
654 331 915 384 paucitatem
950 345 1162 372 versuum.
1225 332 1299 372 sed
1339 333 1414 373 tali
1456 347 1640 387 anapae-

135 402 295 440 storum
329 399 599 452 coiugatione
632 399 801 440 omnino
832 399 1134 440 abstinuerunt
1164 401 1450 454 insequentes.

246 468 337 508 Iam
369 467 558 521 periodis
591 467 838 508 alternatim
866 468 1023 509 iunctis
1053 468 1290 509 ionicorum
1322 483 1347 510 a
1375 470 1537 511 maiore
1570 471 1641 512 de-

133 550 282 577 norum
301 550 352 577 30
373 550 647 587 novenorum,
671 536 1023 577 catalecticorum
1047 537 1232 590 quidem,
1254 552 1356 579 usus
1380 542 1445 579 est
1458 539 1640 580 Laevius

132 605 174 645 in
206 604 430 655 Phoenice,
465 604 579 658 quod
610 604 653 645 in
683 604 766 645 fine
798 604 880 646 fuit
913 605 1260 659 Erotopaegnion
1288 620 1471 647 carmen.
1522 608 1641 649 cuius

132 687 278 714 versus
319 673 418 714 inde
461 672 515 714 ab
557 673 855 726 antiquissimo
893 677 1086 727 tempore
1127 674 1311 728 pessime
1352 675 1526 717 habitos
1565 691 1641 718 nos

130 742 214 782 iam
246 755 323 783 sua
355 740 609 783 donabimus
639 740 778 782 forma
809 755 947 795 paene
980 742 1089 783 citra
1117 743 1397 785 mutationem
1430 744 1574 786 ullam.

245 811 397 864 Itaque
427 810 470 850 in
512 810 652 863 capite
684 809 868 851 Charisii
904 824 1040 864 nuper
1079 814 1251 864 reperto
1295 812 1374 867 [gr.
1407 813 1433 854 l.
1465 813 1496 864 I,
1528 815 1641 869 288}

130 879 204 920 ubi
249 878 302 920 de
345 878 575 920 inconditis
614 878 757 932 agitur
797 879 1007 929 numeris,
1048 878 1156 921 haec
1201 884 1371 922 extant:
1413 889 1508 922 sant
1550 886 1641 924 item

129 950 306 989 saturnii
337 950 501 998 (lainam
533 951 678 988 denum
711 954 749 988 et
777 961 916 988 senam
950 952 1095 989 denam
1135 953 1304 999 pedani,
1343 953 1383 990 in
1411 946 1561 1001 ‘quibus
1589 955 1640 991 si-

128 1019 275 1057 militer
306 1029 447 1057 novam
483 1029 613 1067 yemis
650 1019 805 1066 pedam
837 1024 895 1057 esl
927 1023 965 1057 et
998 1020 1127 1067 ipsam
1154 1024 1348 1059 amelron.
1412 1022 1462 1060 de
1495 1022 1641 1070 quibus

129 1087 232 1126 nihil
266 1088 546 1136 praecipitur,
577 1099 702 1136 eoque
735 1088 892 1126 nomine
924 1088 1027 1126 artis
1059 1088 1219 1135 quidem
1251 1100 1320 1127 res
1351 1101 1430 1128 non
1463 1094 1522 1128 est
1554 1089 1641 1142 (ar-

129 1157 203 1195 lios
236 1156 393 1204 quidem
426 1160 485 1194 est
517 1153 612 1207 cd).
669 1160 708 1194 et
736 1157 864 1194 solent
895 1167 982 1195 esse
1012 1157 1153 1195 summi
1185 1158 1473 1207 pteryyioram
1500 1170 1640 1197 senam

130 1226 297 1271 denam,
337 1228 551 1273 sequentes
593 1225 757 1273 quinam
802 1226 957 1263 denam.
1031 1227 1171 1273 quales
1218 1230 1313 1264 sant
1355 1227 1396 1264 in
1446 1228 1640 1276 pteryqio

128 1293 342 1331 Phoenicis
377 1293 512 1331 Laevii
544 1294 782 1332 novissimae
813 1294 910 1332 odes
941 1295 1260 1343 erotopaegsnion
1301 1290 1312 1305 ‘
1331 1294 1460 1333 Venas
1491 1296 1641 1333 amoris

128 1363 255 1400 auria)
293 1362 485 1410 qenetrix
522 1363 759 1410 eapi'dilalis
799 1363 894 1400 milei
943 1373 1048 1411 qaae
1090 1363 1193 1400 diem
1235 1374 1422 1401 serenam
1461 1363 1640 1402 hilarala

123 1432 417 1478 praepandere
459 1432 584 1469 cres-li
626 1433 841 1479 epsecalae
882 1435 976 1469 laice
1016 1442 1066 1469 ae
1105 1426 1359 1470 ministrae’.
1422 1435 1503 1469 iam
1547 1427 1641 1469 ‘elsi

128 1510 178 1537 ne
220 1500 401 1547 utiquam
445 1499 544 1548 quid
580 1501 696 1549 soret
723 1499 929 1548 expavicla
960 1499 1100 1549 §ravis
1133 1501 1240 1538 dara
1280 1501 1380 1548 fera
1410 1512 1641 1549 asperaque

120 1570 318 1617 famaltas
355 1569 474 1616 potae·
503 1569 676 1607 dominio
709 1570 900 1616 accipere
930 1563 1150 1616 saperbo'.
1212 1566 1329 1607 haud
1371 1580 1473 1607 sane
1506 1580 1638 1620 appo-

127 1634 306 1675 suissem
339 1634 521 1676 Charisii
551 1634 683 1676 verba
713 1635 831 1688 ipsa,
868 1634 1053 1676 hominis
1085 1635 1321 1686 vanissimi,
1362 1635 1444 1676 nisi
1476 1635 1536 1676 eis
1565 1634 1636 1676 de-

127 1704 369 1744 clararetur
398 1703 612 1757 periodos,
645 1717 752 1757 quas
774 1705 860 1745 iam
884 1703 984 1754 dixi,
1015 1703 1139 1745 binas
1163 1703 1340 1757 singulis
1364 1704 1637 1745 continuatas

127 1772 382 1827 systematis.
442 1786 572 1826 porro
603 1776 650 1813 ut
677 1772 868 1826 intellegi
900 1772 1038 1826 possit
1067 1772 1202 1823 locus,
1246 1772 1399 1814 ultima
1430 1773 1639 1814 mutanda

125 1840 230 1882 locis
260 1841 346 1882 ita:
389 1845 529 1892 quales
560 1845 789 1892 (saturnii)
826 1849 920 1882 sant
951 1845 991 1882 in
1024 1844 1220 1893 pteryqio
1252 1844 1466 1882 Phoenicis
1498 1844 1639 1883 Laevii

125 1913 364 1951 novissimae
405 1913 502 1951 odes
538 1913 883 1962 Erotopaeynion.
947 1917 984 1952 et
1025 1914 1154 1951 solent
1193 1924 1280 1951 esse
1320 1913 1460 1951 summi
1495 1917 1637 1963 ptery-

125 1982 285 2030 qioram
335 1992 472 2020 senam
526 1983 668 2020 cleliam
719 1983 943 2030 (pedam),
995 1986 1211 2030 sequentes
1263 1982 1426 2029 quinam
1479 1983 1636 2020 denam.

127 2047 335 2089 contineri
379 2051 522 2089 autem
564 2039 752 2089 carmine
793 2047 925 2089 verba
969 2047 1190 2102 phoenicis
1223 2047 1312 2088 avis
1343 2047 1398 2088 ad
1428 2047 1637 2089 Venerem

125 2115 233 2157 bene
265 2116 431 2158 monuit
460 2116 750 2158 Buechelerus
782 2117 896 2172 [ann.
924 2116 1070 2170 philol.
1100 2130 1136 2157 a.
1164 2119 1270 2158 1875
1294 2129 1362 2170 pg.
1387 2116 1500 2170 306}
1562 2115 1638 2157 sed

125 2184 241 2238 quod
271 2184 392 2226 fuere
425 2185 498 2238 qui
532 2185 777 2227 conicerent
808 2185 1013 2226 Laevium
1042 2185 1257 2226 imitatum
1287 2184 1489 2226 Simmiae
1525 2182 1637 2225 ‘alas

125 2250 306 2294 amoris'
343 2253 535 2307 aliosque
559 2253 947 2295 Alexandrinorum
976 2253 1094 2295 lusus
1127 2253 1199 2304 sic,
1231 2257 1279 2294 ut
1311 2266 1336 2294 a
1367 2252 1487 2294 denis
1517 2253 1636 2306 pedi-

125 2321 205 2363 bus
234 2322 385 2363 ionicis
418 2322 472 2363 ad
496 2322 685 2376 singulos
709 2337 761 2364 ex
784 2322 932 2363 ordine
965 2322 1230 2363 descendens
1260 2321 1516 2362 informaret
1546 2321 1636 2362 alas

125 2390 359 2444 phoenicis,
391 2391 434 2432 id
457 2391 641 2433 Charisii
662 2391 805 2433 verbis
827 2391 1050 2433 refellitur.
1104 2394 1332 2445 praeterea
1354 2391 1389 2432 si
1412 2389 1467 2431 ad
1489 2403 1636 2431 versus

124 2459 431 2501 minutissimos
463 2460 753 2502 decrevissent
788 2460 972 2510 numeri,
1016 2460 1086 2500 vix
1127 2459 1269 2514 potuit
1300 2473 1448 2500 eorum
1480 2461 1637 2499 natura

125 2527 275 2568 fallere
306 2528 503 2569 Caesium
535 2528 735 2580 Bassum,
780 2529 892 2570 unde
932 2532 1075 2570 tracta
1117 2528 1226 2570 haec
1267 2527 1477 2568 videntur.
1538 2530 1637 2568 sunt

125 2599 281 2647 autem,
309 2600 358 2637 ut
386 2597 639 2648 memoravi,
670 2597 802 2651 pedes
836 2597 964 2638 ionici
998 2611 1023 2638 a
1054 2597 1207 2637 maiori
1240 2596 1510 2637 severissima
1541 2598 1635 2636 arte

125 2664 285 2705 exculti
329 2668 372 2706 et
414 2679 596 2718 quorum
645 2670 880 2721 systemata
932 2665 1100 2719 singula
1152 2665 1473 2706 continerentur
1522 2663 1634 2704 binis

125 2732 340 2784 versibus,
382 2734 455 2786 qui
497 2738 639 2775 essent
667 2734 849 2788 pedibus
892 2733 1011 2775 denis
1054 2747 1106 2775 ac
1148 2733 1344 2783 novenis,
1389 2735 1437 2772 ut
1478 2731 1635 2773 Catulli

125 2800 383 2854 hymenaeus
427 2803 546 2855 prior
592 2806 761 2843 constat
804 2806 1034 2857 systemate
1072 2806 1294 2843 ternorum
1332 2800 1634 2854 glyconeorum

126 2872 167 2909 et
198 2868 461 2922 singulorum
483 2884 578 2911 cum
601 2870 778 2924 singulis
808 2870 1114 2924 pherecrateis.
1168 2873 1358 2910 ceterum
1379 2869 1422 2908 in
1444 2869 1632 2909 numeris

126 2937 278 2978 crebra
309 2937 450 2979 soluta
481 2939 600 2980 arsis.
663 2938 818 2992 quibus
844 2937 1200 2980 reconcinnandis
1231 2937 1338 2978 nihil
1370 2937 1521 2978 novavi
1552 2937 1633 2978 nisi
