1898 3292
249 215 333 254 260
847 222 967 248 LIBER
985 222 1160 248 TERTIVS.

249 326 364 366 sonis
393 339 585 366 normam
618 325 789 366 viciens.
850 326 989 365 minus
1022 326 1244 378 aliquanto
1282 324 1457 366 fuerunt
1499 325 1612 365 anxii
1647 329 1756 365 cete-

248 408 394 435 rorum
435 394 650 448 plerique,
696 408 717 434 e
760 393 916 447 quibus
956 398 1100 435 tamen
1131 393 1342 434 Luxorius
1389 397 1431 433 et
1472 393 1757 434 Maximianus

248 463 423 517 propius
455 463 667 504 accedunt
697 463 753 503 ad
782 462 945 516 placita
976 463 1235 516 optimorum
1267 465 1504 503 auctorum.

365 532 517 573 Restat
559 535 607 573 ut
648 545 843 572 moneam
889 545 1130 585 perpaucos
1181 534 1223 571 et
1263 530 1455 583 legitima
1496 531 1758 583 plerumque,

248 614 358 653 quae
390 599 446 641 ab
479 600 627 641 enclisi
658 613 808 641 vocum
841 600 990 650 oritur,
1022 600 1145 640 venia
1186 602 1302 640 tutos
1344 599 1596 640 sustinuisse
1631 598 1757 639 collo-

249 683 347 710 care
391 669 433 709 in
474 668 557 709 fine
600 669 859 722 pentametri
889 668 1065 709 verbum
1108 667 1449 721 monosyllabum
1491 667 1588 721 plus
1630 681 1757 720 quam

248 737 542 792 monosyllabo
584 737 883 791 praecedente.
956 737 1101 790 itaque
1142 736 1334 778 Catullus
1377 737 1507 777 semel
1557 750 1758 777 concesso

247 807 373 846 modo
395 806 482 847 tale
505 806 679 847 admisit
699 807 760 846 ita
794 806 879 860 [76,
903 806 946 860 S]
987 804 1197 857 ‘dictaque
1222 810 1421 856 mersaque
1452 803 1586 849 swzt’,
1619 819 1758 857 neque

247 875 373 916 aliter
404 874 580 916 Ovidius
612 875 665 929 [e.
694 888 726 915 e.
754 874 797 915 P.
824 874 854 925 Ι,
884 879 919 924 6,
947 875 1042 928 25]:

455 955 633 999 quidquid
657 955 694 988 id
723 958 788 998 est,
814 958 855 988 ut
880 966 953 988 non
977 954 1128 997 facinus,
1155 955 1206 988 sic
1233 954 1341 998 culpa
1365 953 1575 987 vocandast.

454 1013 571 1046 omnis
598 1024 643 1046 an
668 1012 704 1045 in
730 1023 883 1056 magnos
909 1012 1017 1056 culpa
1044 1012 1133 1046 deos
1160 1012 1280 1046 scelus
1306 1013 1384 1045 est?

249 1086 290 1123 et
322 1081 584 1123 Claudianus
617 1082 702 1136 [60,
738 1082 801 1136 7]:

453 1162 545 1196 mira
570 1162 661 1196 silex
686 1162 871 1206 mirusque
899 1162 1007 1204 latex,
1036 1163 1097 1205 qui
1125 1161 1274 1195 flumina
1298 1162 1414 1195 vincit

455 1222 492 1254 et
518 1219 659 1264 lapides
685 1220 827 1262 merito,
854 1219 951 1263 quod
977 1218 1058 1253 fluit
1084 1222 1121 1252 et
1144 1219 1237 1263 lapis
1263 1222 1329 1252 est.

246 1292 337 1329 tum
380 1288 593 1329 Martialis
640 1293 815 1342 praeter
862 1288 1017 1329 similia
1064 1287 1260 1341 exempla
1305 1287 1503 1328 adhibuit
1548 1286 1759 1339 quaedam

247 1354 465 1398 liberiora‘
484 1357 533 1411 [1‚
564 1360 637 1408 323
672 1357 761 1407 VII,
793 1361 856 1407 75,
890 1360 934 1409 23
967 1357 1059 1407 XII,
1092 1360 1158 1407 47,
1191 1356 1257 1410 2]:

452 1448 525 1471 non
551 1448 632 1471 amo
659 1439 695 1471 te
723 1436 860 1480 Sabidi,
887 1448 954 1471 nec
980 1448 1129 1481 possum
1157 1436 1291 1479 dicere,
1319 1447 1441 1480 quare.

453 1494 523 1529 hoc
547 1497 689 1528 tantum
716 1506 865 1538 possum
891 1494 1014 1528 dicere
1039 1491 1124 1528 ‘non
1151 1506 1232 1528 amo
1260 1489 1317 1528 te’.

454 1564 511 1586 res
536 1551 807 1596 perridiculast.
856 1552 910 1585 vis
939 1551 1025 1585 darc
1051 1562 1119 1585 nec
1146 1551 1232 1585 dare
1258 1551 1322 1585 vis.

453 1620 521 1643 nec
547 1613 672 1644 tecum
698 1621 847 1654 possum
872 1609 994 1643 vivere
1020 1620 1087 1643 nec
1113 1609 1190 1642 sine
1215 1612 1263 1643 te.

248 1678 403 1731 quibus
433 1677 721 1719 addendumst
752 1678 899 1719 durius
933 1677 1154 1731 aliquanto
1186 1677 1291 1718 illud
1325 1676 1394 1731 [X,
1430 1678 1494 1728 16,
1527 1676 1592 1730 8];

454 1764 631 1808 quidquid
656 1763 796 1798 habent
822 1776 958 1807 omnes,
986 1764 1114 1808 accipe
1141 1774 1212 1807 quo
1238 1763 1348 1797 modo
1375 1763 1450 1797 das.

246 1853 314 1880 res
348 1852 397 1880 eo
430 1839 621 1893 gravior,
666 1839 781 1892 quod
820 1839 925 1881 illud
968 1853 1044 1891 quo
1076 1842 1191 1880 modo
1223 1838 1348 1880 unius
1380 1837 1469 1879 fere
1501 1838 1663 1880 verbist
1696 1838 1758 1879 in-

247 1912 348 1949 star.
410 1908 478 1949 cui
518 1911 663 1949 tamen
705 1908 786 1949 hac
818 1922 864 1949 re
898 1908 1155 1950 conciliatur
1186 1908 1330 1958 venia,
1368 1906 1483 1960 quod
1521 1907 1674 1958 totius,
1716 1907 1759 1947 in

247 1990 331 2030 quo
369 1976 478 2018 situs
515 1980 579 2017 est
609 1976 845 2018 versiculus
887 1977 980 2027 ille,
1023 1976 1346 2030 epigrammatis
1385 1976 1506 2030 lepos
1548 1976 1591 2016 in
1629 1976 1758 2017 dandi

247 2045 521 2098 donandique
562 2044 704 2086 verbis
750 2049 927 2087 sonstat.
999 2045 1073 2087 sed
1119 2045 1422 2086 abstinuerunt
1466 2044 1545 2085 tali
1586 2044 1758 2085 modulo

246 2113 371 2167 longe
401 2113 594 2167 plurimi:
634 2113 848 2165 Tibullus,
880 2114 1149 2168 Propertius,
1182 2114 1426 2164 Petronius,
1460 2114 1640 2164 Seneca,
1673 2112 1758 2154 Na-

245 2182 485 2234 matianus,
537 2182 750 2236 Vergilius
798 2187 841 2225 et
888 2187 1089 2224 auctores
1141 2183 1444 2236 Priapeorum,
1486 2181 1758 2231 Prudentius,

246 2250 459 2302 Sidonius,
491 2251 791 2302 Maximianus,
824 2252 1046 2293 Luxorius.
1079 2277 1134 2281 —
1171 2251 1380 2293 hactenus
1413 2251 1465 2292 de
1495 2251 1578 2293 fine
1610 2255 1758 2305 penta-

245 2319 383 2361 metri.

360 2387 557 2429 Ceterum
591 2389 626 2429 si
659 2392 907 2442 quaeretur,
941 2402 1017 2430 cur
1049 2389 1246 2430 exeuntis
1276 2389 1403 2430 metri
1434 2389 1549 2442 leges
1578 2402 1663 2429 non
1695 2403 1758 2438 ea,

247 2469 333 2509 qua
363 2456 513 2506 medii,
557 2457 786 2498 severitate
818 2457 979 2499 fuerint
1019 2462 1234 2508 servatae,
1278 2457 1321 2498 id
1359 2471 1459 2499 vero
1504 2457 1603 2498 inde
1644 2458 1759 2499 venit

245 2523 363 2565 haud
394 2524 542 2576 dubie,
583 2525 698 2578 quod
730 2526 927 2579 neglecta
957 2526 1114 2580 prioris
1146 2526 1284 2580 partis
1311 2539 1463 2567 norma
1494 2540 1589 2567 cum
1619 2540 1758 2580 gram-

245 2592 403 2634 matico
450 2598 631 2634 accentu
675 2595 912 2649 rythmicus
955 2595 1186 2645 consentit,
1231 2598 1277 2635 at
1322 2594 1573 2648 posterioris
1618 2596 1757 2649 partis

245 2661 433 2714 111igrata
465 2665 559 2703 arte
592 2662 786 2705 diversus
817 2664 866 2705 fit
897 2663 1008 2705 alter
1040 2663 1094 2705 ab
1127 2662 1286 2713 altero,
1334 2662 1448 2716 quod
1491 2677 1569 2717 pro
1600 2663 1756 2717 princi-

245 2729 334 2783 pali
366 2730 472 2771 artis
503 2731 659 2772 veteris
690 2732 957 2785 proprietate
979 2731 1085 2772 facit
1107 2731 1162 2772 ad
1185 2731 1435 2773 elevandam
1457 2731 1757 2784 mitigandam-

246 2811 328 2850 que
360 2797 580 2840 licentiam
612 2799 803 2853 alioquin
835 2800 1123 2841 iniucundam.

363 2868 447 2908 Sed
490 2872 538 2909 ut
583 2868 888 2910 taediosissimi
934 2869 1033 2911 libri
1078 2870 1229 2922 longas
1275 2882 1418 2910 moras
1464 2869 1507 2909 in
1550 2859 1759 2922 quantum

245 2936 406 2989 poterit
436 2936 528 2977 fieri
574 2937 880 2989 comminuam,
922 2938 1062 2979 missis
1102 2938 1249 2979 metris
1291 2937 1535 2992 dactylicis,
1577 2950 1757 2989 quorum
