1898 3292
166 207 246 244 248
756 213 876 237 Lnffin
895 213 1067 237 TERTIVS.

164 317 245 357 nisi
297 315 584 369 praecedente
635 314 941 369 monosyllabo.
1010 330 1107 356 nam
1158 317 1219 357 sic
1270 320 1539 369 pentameter
1586 321 1669 357 ter-

163 385 350 426 minatus
393 383 556 425 ‘reiciet
587 387 686 435 quid
716 381 878 424 cmzans’
931 387 1018 425 tam
1060 388 1172 426 esset
1201 385 1351 426 foedus
1380 399 1508 438 quam
1541 386 1671 426 hexa-

163 457 300 495 meter
332 453 503 494 clausus
542 453 604 493 ita
647 451 839 493 ‘redolent
878 456 977 503 quid
1016 451 1235 494 mmmtes’.
1298 457 1487 494 ceterum
1530 455 1672 495 omnia

163 522 327 564 heroici
348 521 474 563 metri
497 521 818 574 comparatione
840 524 928 562 tam
956 522 1082 563 facile
1103 536 1182 576 pro
1206 536 1250 563 se
1273 522 1453 575 quisque
1477 523 1672 564 enuclea-

163 591 238 641 bit,
271 594 318 632 ut
347 590 495 644 pigeat
522 589 701 630 verbum
731 589 901 631 addere.

278 658 399 700 Nunc
431 658 600 699 occasio
632 657 782 698 incidit
818 658 1066 712 disputandi
1099 658 1150 699 de
1182 658 1421 700 hexametri
1452 663 1672 713 pentame-

162 728 306 781 trique
339 727 604 768 Graecorum
637 729 679 767 et
706 726 997 768 Romanorum
1041 727 1282 769 rationibus
1325 742 1375 768 ac
1408 727 1672 778 differentiis,

164 811 271 851 quas
291 796 357 837 ira
375 798 451 837 aut
468 794 610 836 studio
627 795 821 849 plerique
840 796 1116 837 aestimantes
1133 795 1350 838 laudando
1368 796 1670 851 vituperando‘

163 879 246 919 que
278 864 398 906 fuere
430 863 560 904 nimii.

279 935 340 974 Ac
369 933 555 987 primum
586 932 758 986 quidem
791 946 901 985 quae
933 932 985 973 de
1018 932 1127 973 finiti
1149 933 1310 974 ordinis
1332 933 1559 987 principali
1581 934 1674 987 lege

164 1002 343 1057 exposui
377 1016 472 1042 cum
504 1001 631 1055 plane
664 1001 718 1042 ad
748 1015 915 1042 omnem
947 1002 1111 1055 pariter
1144 1005 1281 1043 artem
1307 1002 1525 1043 metricam
1561 1007 1673 1044 vete-

164 1086 257 1113 rum
289 1071 556 1124 pertineant,
600 1084 684 1111 non
724 1070 805 1111 erit
837 1071 990 1111 mirum
1022 1070 1118 1111 illas
1150 1074 1308 1123 partes,
1353 1085 1462 1124 quae
1494 1086 1674 1112 caesura

163 1139 403 1181 hexametri
434 1139 780 1192 pentametrique
818 1139 1037 1190 finiuntur,
1079 1140 1249 1181 omnino
1291 1140 1406 1194 apud
1446 1144 1674 1193 utramque

164 1211 336 1262 gentem
365 1207 500 1249 isdem
533 1208 670 1249 teneri
714 1207 1022 1259 observantiis,
1066 1212 1111 1249 ut
1151 1212 1295 1250 tamen
1329 1208 1470 1249 Latini
1509 1209 1591 1250 hac
1632 1209 1675 1249 in

165 1280 290 1331 parte
333 1276 569 1317 severiores
610 1276 771 1318 fuerint
804 1280 846 1317 et
875 1277 1199 1318 constantiores.
1260 1291 1359 1318 nam
1392 1276 1570 1318 Graecis
1602 1277 1674 1318 ob-

157 1346 272 1387 stitit
306 1345 555 1399 praegravis
588 1345 763 1386 Homeri
794 1345 1043 1386 auctoritas.
1105 1360 1251 1387 verum
1281 1349 1328 1387 111
1357 1346 1497 1387 aliena
1528 1346 1569 1387 in
1602 1346 1674 1386 fini

163 1428 364 1456 versuum
395 1426 546 1454 norma
578 1417 842 1463 servaretur,
884 1414 926 1455 id
957 1414 1055 1456 inde
1087 1415 1203 1456 venit
1233 1415 1349 1455 haud
1382 1415 1527 1465 dubie,
1561 1415 1675 1468 quod

165 1498 259 1525 cum
292 1482 533 1524 hexametri
566 1496 789 1524 caesuram
830 1483 1005 1524 tertiam
1044 1483 1311 1525 trochaicam
1355 1484 1469 1537 apud
1500 1484 1676 1525 Latinos

163 1552 270 1594 nulli
301 1551 563 1593 simillimum
594 1551 735 1593 locum
775 1552 968 1606 optinere
1009 1566 1141 1606 supra
1181 1552 1423 1606 probarim,
1468 1566 1519 1593 ea
1561 1552 1676 1606 apud

166 1621 357 1662 Graecos
387 1624 564 1674 praeter
597 1620 948 1674 semiquinariam
980 1620 1145 1661 virilem
1177 1634 1314 1674 paene
1337 1620 1428 1662 sola
1449 1620 1531 1662 fuit
1553 1635 1676 1662 usur-

164 1692 280 1743 pata.
341 1689 441 1729 hinc
473 1688 588 1742 apud
610 1688 787 1731 Latinos
818 1693 965 1743 partes
999 1703 1204 1730 caesurae
1238 1689 1448 1730 obnoxiae
1479 1693 1554 1730 aut
1583 1688 1676 1730 fini-

165 1758 297 1798 timae
345 1771 440 1798 cum
488 1757 659 1798 omnino
707 1758 1034 1812 anapaesticum
1081 1758 1293 1799 referrent
1337 1772 1585 1809 numerum,
1633 1762 1677 1799 at

164 1826 433 1868 trochaicum
465 1826 718 1880 plerumque
750 1830 793 1868 et
823 1827 1054 1868 iambicum
1087 1827 1202 1880 apud
1236 1827 1448 1877 Graecos,
1480 1826 1586 1877 illis,
1630 1831 1677 1868 ut

166 1895 368 1950 dactylici
386 1908 533 1936 versus
555 1896 799 1949 proprietas
822 1899 1080 1947 servaretur,
1104 1896 1363 1950 dactylicum
1383 1895 1511 1937 finem
1529 1909 1676 1937 severe

167 1964 353 2018 optineri
382 1977 463 2017 par
484 1963 578 2015 fuit,
612 1964 801 2006 Graecos
824 1965 1149 2019 anapaesticum
1170 1964 1386 2019 rythmum
1409 1965 1676 2018 aptissimum

164 2033 237 2074 isti
274 2035 431 2082 metro,
471 2032 546 2073 sed
577 2032 831 2087 plerumque
863 2047 889 2075 a
925 2034 1054 2074 tertio
1086 2033 1196 2087 pede
1238 2033 1494 2083 exulantem,
1527 2033 1676 2086 quinto

167 2104 209 2142 et
240 2099 473 2154 aliquando
506 2105 626 2142 sexto
656 2101 750 2143 loco
782 2102 988 2143 adhibere
1019 2117 1202 2156 aequum
1237 2106 1340 2143 erat.
1393 2102 1501 2143 haec
1533 2105 1677 2142 autem

165 2183 316 2210 norma
347 2169 648 2211 vetustissimis
687 2171 954 2225 temporibus
997 2186 1091 2212 cum
1134 2172 1283 2224 utique
1322 2171 1377 2212 ad
1407 2184 1478 2212 eos
1510 2174 1677 2212 tantum

165 2252 331 2279 versus·
354 2237 486 2279 fuerit
526 2238 739 2290 adhibita,
781 2240 853 2293 qui
894 2240 1105 2281 haberent
1145 2253 1369 2280 caesuram
1410 2239 1676 2289 muliebrem,

167 2306 369 2360 deinceps
413 2306 528 2359 quod
570 2307 700 2349 latius
751 2311 1032 2362 pervagatast
1075 2308 1215 2349 vivido
1256 2323 1356 2359 usu,
1408 2321 1491 2349 non
1542 2308 1677 2361 magis

166 2375 342 2425 mirum,
390 2389 519 2428 quam
567 2376 681 2428 quod
725 2390 746 2417 e
789 2377 1006 2418 contrario
1045 2377 1097 2418 ob
1139 2377 1276 2430 legem
1320 2377 1436 2418 tert-ii
1483 2376 1682 2429 trochaei

166 2446 367 2496 respectu
407 2446 553 2485 natam
590 2444 750 2486 vitatus
794 2448 859 2486 est
901 2459 926 2485 a
964 2445 1182 2498 plerisque
1226 2448 1407 2498 quartus
1448 2444 1678 2486 trochaeus

167 2511 297 2552 etiam
329 2512 389 2553 eis
423 2512 466 2552 in
507 2513 715 2564 versibus,
757 2514 830 2566 qui
869 2513 1080 2555 haberent
1116 2513 1467 2567 semiquinariam
1499 2513 1676 2554 virilem.

281 2581 383 2622 Mox
422 2594 501 2634 pro
543 2581 722 2623 diversis
763 2582 1114 2623 hexametrorum
1160 2581 1344 2623 modulis
1377 2582 1497 2622 varia
1526 2585 1677 2635 penta-

167 2650 315 2691 metris
343 2649 573 2690 conciliata
602 2649 794 2691 libertas.

284 2718 427 2768 Quare
461 2719 566 2760 satis
594 2719 738 2772 inepte
769 2718 838 2770 fit,
880 2718 995 2771 quod
1025 2719 1150 2772 vulgo
1184 2719 1341 2759 eximia
1373 2719 1559 2771 quadam
1595 2718 1677 2759 ele-

168 2786 316 2839 gantia
344 2786 635 2828 Romanorum
678 2786 836 2828 dicitur
876 2787 1090 2838 evenisse,
1137 2791 1225 2828 tam
1269 2788 1392 2828 anxie
1434 2787 1676 2828 hexametri

167 2856 514 2908 pentametrique
557 2855 744 2896 finientis
788 2856 905 2908 leges
950 2856 1076 2909 vulgo
1122 2859 1250 2896 notae
1296 2859 1344 2895 ut
1388 2858 1675 2905 servarentur,

168 2937 264 2965 cum
298 2924 442 2979 potius
474 2924 530 2965 sit
559 2924 786 2966 dicendum
817 2923 1087 2979 praeclaram
1116 2924 1233 2965 illam
1260 2923 1601 2964 mediocritatem
1635 2927 1677 2963 et
