1898 3292
772 258 1049 283 PROHOEMIVM.
1611 250 1659 286 41

158 363 374 417 plerisque
405 362 456 402 de
492 362 690 402 Africano
730 374 924 402 sermone
967 364 1009 401 et
1051 359 1309 400 dictionibus
1350 360 1506 400 aetatis
1544 374 1665 400 serae

158 431 228 472 vix
263 430 380 472 aliud
408 430 644 471 innotuisse
673 443 801 482 quam
831 428 981 469 crebro
1011 427 1261 479 adhibitam,
1296 441 1382 481 qua
1410 428 1666 481 praestigia-

158 504 299 541 torum
339 499 382 540 in
423 498 595 540 modum
640 498 761 539 abuti
807 511 851 538 se
896 511 1020 550 posse
1066 496 1260 547 credant,
1301 497 1666 550 praepositionem

158 569 296 609 istam.
349 570 575 623 praeterea
607 580 689 607 non
721 566 825 607 satis
855 568 1046 619 aptumst
1073 565 1179 606 illud
1211 568 1312 617 feci,
1345 579 1439 606 cum
1474 580 1557 606 non
1580 579 1664 606 me-

159 637 284 678 ditati
317 639 477 686 curate,
514 635 587 676 sed
623 650 698 688 per
720 634 989 676 occasionem
1018 633 1203 675 subitam
1228 633 1350 675 effusi
1374 634 1667 687 significentur

158 719 317 746 versus.
380 718 523 745 verum
559 703 701 745 omnia
732 703 954 757 praeclare
982 702 1222 753 habebunt,
1264 702 1298 743 si
1339 702 1402 743 ita
1443 702 1666 756 scripseris

159 773 265 815 haec
295 772 516 814 lenissima
545 772 782 813 mutatione
811 771 1029 813 adhibita:

432 846 498 881 hos
524 857 650 880 versus
674 846 744 880 ieci
770 845 892 880 subito
919 845 1130 879 discrimine
1155 845 1267 879 vocis.

157 911 218 951 ita
248 910 356 951 dixit
387 909 616 951 Horatius:

431 992 510 1024 tum
535 1001 647 1032 meac,
674 988 793 1033 siquid
818 988 949 1032 loquor
976 987 1208 1031 audiendum,

429 1047 531 1081 vocis
556 1045 710 1080 accedet
734 1047 831 1080 bona
856 1057 950 1090 pars.

271 1117 452 1158 Carmen
483 1115 535 1156 de
558 1115 755 1165 Hercule,
789 1114 903 1168 quod
932 1114 1096 1155 incerto
1130 1114 1184 1155 ab
1217 1117 1393 1155 auctore
1424 1114 1665 1167 profectum

157 1185 406 1237 adiungitur
447 1184 568 1225 libris
608 1183 851 1234 Claudiani,
890 1197 974 1236 quo
1020 1183 1075 1223 sit
1114 1186 1306 1236 temporo
1350 1170 1554 1236 scriptun]
1599 1182 1667 1222 vix

159 1254 349 1295 definias.
410 1256 533 1294 tanta
561 1256 704 1293 tamen
737 1265 1010 1293 numerorum
1044 1251 1156 1292 inest
1186 1252 1228 1291 in
1266 1265 1314 1292 eo
1346 1251 1579 1305 elegantia,
1622 1254 1668 1291 ut

156 1322 271 1363 haud
312 1321 525 1362 immerito
567 1320 620 1362 ab
654 1320 802 1362 Sereni
836 1320 1133 1361 Nemesianive
1172 1324 1246 1360 aut
1275 1320 1409 1373 ipsius
1442 1319 1667 1361 Claudiani

157 1391 404 1432 doctissimo
439 1403 609 1443 quoque
642 1389 813 1443 aequali
846 1389 964 1430 dicas
996 1402 1087 1429 esse
1120 1388 1372 1429 confectum.

272 1459 491 1500 Hactenus
522 1458 642 1499 haec.
704 1461 749 1499 at
781 1457 833 1498 de
866 1458 1001 1498 altero
1045 1471 1199 1511 genere
1244 1458 1521 1511 scriptorum,
1563 1471 1665 1510 quo-

157 1543 251 1570 rum
279 1527 459 1569 metrica
490 1527 557 1568 his
589 1530 818 1568 enarratur
851 1525 991 1577 libris,
1032 1525 1075 1566 in
1115 1525 1302 1567 editione
1341 1526 1485 1580 priore
1525 1525 1668 1579 posita

160 1600 283 1639 erant
311 1596 428 1637 talia.

273 1664 383 1716 Quid
401 1668 541 1706 autem
563 1663 614 1705 de
633 1664 962 1705 christianorum
980 1666 1206 1717 poetarum
1224 1663 1362 1704 dicam
1379 1661 1667 1703 carminibus?

158 1747 340 1787 quorum
373 1747 425 1775 ne
457 1747 567 1774 unus
600 1732 771 1786 quidem
803 1731 912 1773 liber
949 1746 1084 1785 usque
1118 1731 1171 1773 ad
1201 1731 1315 1773 hunc
1348 1731 1457 1773 diem
1492 1745 1542 1772 ca
1574 1731 1666 1771 dili-

158 1803 344 1855 gentiast
376 1802 527 1853 editus,
561 1815 646 1855 qua
666 1802 751 1842 iam
777 1801 819 1841 in
843 1800 1119 1842 classicorum
1143 1804 1379 1851 auctorum,
1410 1800 1666 1854 praesertim

158 1871 424 1922 Latinorum,
472 1869 674 1925 operibus
714 1869 987 1911 recensendis
1032 1869 1094 1910 uti
1135 1882 1394 1911 consuevere
1439 1868 1665 1922 plerique?

157 1939 267 1981 adde
301 1938 415 1993 quod
446 1953 523 1980 nec
555 1939 606 1980 de
638 1938 818 1980 metrica
853 1952 1000 1979 eorum
1032 1941 1124 1978 arte
1158 1937 1230 1991 qui
1261 1937 1499 1991 inquireret
1526 1950 1666 1990 gram-

156 2009 340 2049 maticus
382 2008 524 2049 extitit
564 2007 754 2048 idoneus.
816 2007 931 2060 quod
974 2020 1076 2048 sane
1116 2020 1167 2047 ne
1199 2006 1341 2060 potuit
1372 2006 1542 2059 quidem
1573 2005 1667 2046 fieri

157 2076 237 2117 nisi
282 2076 336 2118 ab
379 2090 448 2127 eo,
491 2076 563 2130 qui
604 2075 792 2130 plurima
835 2079 878 2116 et
909 2075 1186 2116 classicorum
1217 2078 1444 2129 poetarum
1476 2074 1666 2115 imbutus

158 2148 271 2186 esset
301 2145 497 2186 lectione.
559 2145 717 2198 quippe
758 2144 910 2185 horum
951 2147 1089 2185 artem
1122 2143 1361 2185 seiunctam
1393 2157 1418 2184 a
1447 2142 1665 2197 prioribus

157 2213 427 2254 aestimaturi
469 2227 553 2254 non
603 2213 742 2254 minus
789 2212 965 2254 hercule
1011 2215 1136 2253 erunt
1175 2212 1366 2266 perversi
1411 2225 1538 2265 quam
1581 2210 1665 2264 qui,

158 2296 252 2323 cum
284 2281 585 2323 vetustissimis
615 2280 899 2335 scriptoribus
922 2280 1086 2322 Latinis
1119 2294 1294 2334 operam
1326 2284 1494 2329 navent,
1524 2279 1665 2332 negle-

159 2354 264 2403 gunt
280 2350 475 2391 Varrone
496 2350 771 2404 posteriores.
820 2350 967 2402 itaque
991 2349 1232 2390 sustinuere
1255 2349 1392 2390 critici
1414 2348 1666 2403 plerumque

157 2418 328 2472 regulas
369 2422 445 2459 aut
483 2432 534 2460 ex
571 2422 696 2472 parte
738 2431 862 2459 veras
903 2421 977 2459 aut
1018 2418 1189 2459 omnino
1226 2417 1358 2458 falsas
1387 2416 1664 2471 proponendo

157 2486 287 2527 talem
319 2486 650 2528 christianorum
682 2490 906 2540 poetarum
936 2487 1042 2527 artis
1074 2486 1294 2540 divulgare
1326 2485 1586 2540 opinionem,
1618 2487 1666 2525 ut

159 2569 210 2596 ea
241 2555 365 2608 quasi
398 2555 553 2596 eximia
586 2559 628 2596 et
659 2555 800 2596 aliena
831 2569 856 2596 a
877 2569 1109 2609 progressu
1132 2555 1289 2596 veteris
1311 2555 1516 2595 metricae
1539 2553 1664 2606 vulgo

157 2623 382 2664 habeatur.
444 2623 612 2664 accedit
653 2623 767 2676 quod
813 2622 1045 2664 identidem
1099 2623 1322 2677 pueriliter
1361 2622 1443 2676 ipsi
1483 2635 1664 2675 peccare

158 2705 286 2745 quam
326 2691 511 2745 pueriles
540 2691 813 2732 librariorum
848 2705 1017 2732 errores
1041 2692 1258 2744 corrigere
1280 2691 1535 2732 maluerunt.
1586 2703 1664 2730 nec

158 2760 294 2813 magis
336 2759 392 2801 ad
432 2759 693 2801 elocutiones
736 2759 1026 2801 attenderunt.
1098 2760 1199 2813 quid
1244 2760 1354 2800 enim
1397 2773 1448 2799 ex
1493 2758 1559 2799 his
1601 2762 1666 2799 est

159 2832 322 2869 certum
373 2831 415 2869 et
466 2828 733 2881 exploratum
786 2833 961 2882 praeter
1012 2828 1223 2881 quaedam
1280 2841 1305 2867 a
1350 2826 1549 2867 Fabricio
1598 2826 1663 2867 vel

159 2897 368 2937 Arnzenio
409 2896 498 2937 fere
544 2897 750 2937 enotata?
811 2897 906 2950 quis
937 2897 1219 2937 imitationem
1256 2895 1663 2948 antiquissimorum,

160 2978 252 3008 cum
286 2978 338 3005 ex
369 2968 491 3018 parte
532 2964 681 3018 utique
724 2978 794 3007 res
835 2965 939 3007 satis
985 2968 1098 3007 esset
1140 2967 1313 3019 aperta,
1355 2977 1441 3019 qua
1482 2963 1664 3007 decebat
