1898 3292
771 205 1047 231 PROHOEMIVM.
1640 200 1662 235 3

153 308 359 349 aetatium
399 307 522 349 bellis
564 307 759 348 civilibus
794 311 837 348 et
877 307 1194 349 incursionibus
1237 308 1523 349 barbarorum
1565 323 1662 350 con-

153 377 319 417 vulsum
362 375 509 417 dixere
552 376 777 429 imperium
810 376 1049 417 Romanum
1086 376 1227 418 Gibbo
1260 382 1302 417 et
1334 376 1560 427 Niburius,
1601 379 1661 418 in-

153 444 256 485 colis
296 444 339 484 in
382 443 629 485 barbariem
670 444 802 497 lapsis
835 444 919 485 cite
953 445 1109 485 artium
1142 444 1269 486 flores
1302 448 1349 486 ut
1379 445 1588 499 perirent,
1621 446 1664 486 id

153 526 412 566 quamquam
446 512 637 566 alioquin
671 512 804 554 habet
835 516 964 564 recte,
997 527 1081 554 non
1112 517 1257 555 tamen
1288 514 1466 567 perinde
1496 514 1549 554 ad
1573 528 1661 555 rem

153 581 375 622 metricam
405 581 662 635 scholasque
694 585 919 635 poetarum
952 582 1153 635 pertinet.

267 649 350 690 Sed
381 649 534 691 horum
566 664 695 691 unum
730 664 942 703 quemque
974 651 1061 691 utri
1098 651 1212 704 parti
1243 651 1368 692 velim
1401 651 1589 693 adscribi
1617 656 1664 692 ut

151 718 393 771 intellegas,
429 718 555 759 simul
596 732 648 759 ne
687 718 784 773 plus
826 720 1018 760 minusve
1051 723 1252 773 expectes
1284 734 1351 771 eo,
1394 720 1507 773 quod
1539 734 1663 774 prae-

152 790 267 828 stare
298 801 365 828 me
396 801 521 841 posse
553 787 806 841 spondeam,
847 788 1031 841 primum
1073 789 1260 829 omnium
1303 789 1343 828 in
1387 793 1660 842 conspectum

152 855 264 896 dabo
297 869 388 907 eos,
433 855 484 896 de
517 856 672 908 quibus
705 860 893 909 aequata
926 856 1015 897 fere
1049 870 1153 898 cura
1185 861 1434 910 exponetur.
1481 872 1577 897 nam
1612 858 1663 898 de

152 924 307 964 ceteris
345 928 394 965 ut
425 924 614 978 quidque
647 925 941 977 dignissimum
987 926 1161 978 cognitu
1205 926 1386 966 subinde
1429 930 1662 979 prometur.

265 992 446 1045 Igitur
492 993 866 1034 classicorum
920 993 981 1034 de
1018 1008 1243 1035 numero
1282 995 1534 1048 excerpti
1571 1009 1662 1048 po-

150 1062 424 1103 tissimum
462 1061 536 1103 hi:

267 1144 319 1171 ex
350 1130 522 1171 saeculo
554 1145 593 1171 u.
627 1145 660 1171 c.
695 1131 750 1172 VI
782 1130 846 1171 vel
878 1131 978 1171 VII:

324 1199 502 1250 Ennius,
544 1199 748 1250 Lucilius,
788 1199 956 1249 Cicero,
995 1199 1237 1250 Lucretius,
1272 1201 1426 1251 Varro,
1468 1201 1661 1251 Laevius,

322 1267 536 1320 Catullus,

266 1350 318 1377 ex
349 1339 523 1377 octavo:

323 1404 538 1459 Vergilius
571 1419 667 1446 cum
700 1406 801 1457 suis,
834 1406 1058 1457 Horatius,
1091 1406 1284 1448 Tibullus
1316 1421 1410 1448 cuin
1447 1407 1662 1461 Lygdamo

324 1477 367 1515 et
395 1463 588 1528 >Sulpicia
620 1478 662 1515 et
703 1479 879 1516 auctore
919 1476 1167 1530 panegyrici
1200 1475 1446 1526 Messallae,
1480 1476 1661 1530 Proper-

324 1543 421 1594 tius,
454 1542 629 1584 Ovidius
654 1557 747 1584 cum
772 1544 872 1595 suis,
902 1548 1102 1585 auctores
1126 1545 1418 1598 Priapeorum,
1453 1544 1661 1595 Grattius,

323 1611 536 1662 Manilius,
570 1612 864 1663 Germanicus,
890 1613 1138 1664 Columella,
1162 1613 1419 1667 Calpurnius
1442 1628 1537 1655 cum
1561 1628 1662 1654 ano-

321 1694 446 1736 nymo
466 1680 790 1732 Einsiedelensi,
814 1685 965 1723 auctor
986 1683 1233 1736 panegyrici
1254 1683 1431 1734 Pisonis,
1450 1683 1661 1733 Lucanus,

322 1749 507 1801 Persius,
541 1750 716 1801 Seneca,
748 1750 988 1792 Petronius.

266 1817 432 1862 Claudii
463 1821 606 1859 autem
639 1818 872 1860 Neronisve
909 1819 1176 1873 temporibus
1217 1820 1347 1861 etiam
1388 1820 1661 1861 adscribendi

151 1886 361 1939 videntur,
394 1887 467 1941 qui
498 1887 709 1941 scripsere
742 1887 1077 1929 consolationem
1112 1888 1167 1929 ad
1200 1888 1375 1940 Liviam,
1408 1889 1460 1929 de
1493 1889 1660 1929 Maece-

151 1956 264 1997 natis
311 1955 432 1997 obitu
476 1956 652 2010 elegias,
704 1969 878 1997 carmen
925 1957 976 1997 de
1024 1958 1179 2008 Aetna,
1223 1957 1407 2010 denique
1451 1958 1662 1999 Homerus

152 2025 352 2076 Latinus,
403 2039 529 2078 quem
569 2024 767 2066 Italicum
810 2025 980 2067 nomine
1026 2026 1158 2067 fuisse
1207 2030 1355 2068 nostra
1404 2029 1548 2068 aetate
1599 2027 1660 2067 iu—

151 2096 378 2135 ventumst.

266 2163 330 2204 Ex
361 2162 533 2204 saeculo
563 2162 624 2203 IX
655 2163 862 2204 memoria
894 2163 1032 2216 digni:

323 2231 533 2282 ValeriuS,
565 2230 740 2282 Statius,
774 2231 915 2282 Silius,
938 2231 1164 2283 Martialis,
1197 2231 1399 2286 Sulpicia,
1432 2233 1658 2274 Iuvenalis.

266 2299 348 2350 Qui
392 2300 632 2353 posteriore
680 2304 824 2341 aetate
872 2300 1150 2342 classicorum
1199 2315 1420 2343 accessere
1471 2316 1661 2352 numero,

151 2368 232 2410 hoc
263 2368 352 2409 fere
381 2367 530 2409 ordine
562 2368 823 2410 collocandi:

324 2436 632 2489 Sammonicus,
655 2437 900 2491 Septimius,
931 2438 1225 2489 Nemesianus,
1248 2438 1538 2492 Symphosius,
1570 2439 1661 2479 lau-

324 2505 451 2546 dator
493 2505 710 2557 Herculis,
758 2506 992 2559 Palladius,
1039 2506 1318 2558 Claudianus,
1366 2507 1662 2553 Namatianus,

322 2573 623 2615 Merobaudes.

266 2641 674 2684 Christianorum
715 2642 773 2684 de
810 2657 988 2697 magno
1031 2658 1240 2685 numero
1290 2657 1413 2698 quos
1449 2645 1661 2685 maxime

153 2711 488 2764 respicerem,
527 2711 722 2752 inventi
763 2711 868 2753 fere
905 2716 1021 2753 sunt
1057 2712 1157 2754 illi:

324 2778 549 2830 Iuvencus,
593 2779 830 2833 Porfyrius,
877 2781 1079 2831 Avienus,
1122 2781 1353 2830 Ausonius,
1391 2780 1662 2831 Prudentius,

326 2847 526 2897 Avianus,
559 2847 763 2888 Paulinus
786 2848 989 2899 Nolanus,
1013 2849 1225 2899 Sedulius,
1248 2849 1500 2895 Martianus,
1526 2849 1661 2889 Luxo-

327 2915 428 2964 rius,
462 2915 733 2965 Dracontius,
767 2931 792 2957 a
824 2931 907 2970 quo
937 2921 980 2958 et
1011 2918 1174 2958 Orestis
1205 2917 1473 2969 tragoediam
1499 2918 1662 2957 venisse

1349 2984 1386 3017 l*
