1898 3292
765 192 885 218 LIBER
904 193 1107 220 SEPTIMVS.
1608 191 1654 229 51
1666 191 1688 227 7

183 293 295 348 apud
342 308 448 347 quos
494 295 677 336 maxime
715 295 823 336 haec
861 295 1057 349 viguere:
1105 301 1270 348 furtim,
1308 303 1481 348 partim,
1518 305 1688 350 passe'm.

180 367 341 413 raptim,
373 367 534 412 sensim,
567 368 714 413 statim,
745 368 973 415 confestim,
1006 369 1186 415 penitus,
1217 370 1335 415 iectus,
1372 371 1576 418 funditus,
1615 374 1689 418 fir-

180 434 310 480 miter,
335 435 521 483 larqe'ler,
544 436 722 483 puriter.
749 457 806 462 —
823 447 900 473 nec
920 447 1003 474 non
1024 433 1251 475 verborum
1274 434 1687 487 frequentativorum

180 513 283 540 usus
324 499 644 541 circumciditur
686 505 781 554 post
817 501 1075 552 Lucretium,
1119 502 1191 555 qui
1222 501 1345 543 valde
1387 517 1437 544 ea
1479 504 1687 557 probavit,

180 568 292 609 sicut
328 571 371 609 et
412 568 771 620 incohativorum,
814 569 970 622 quibus
1012 570 1201 611 nonnulli
1242 571 1523 613 vetustiorum
1569 573 1688 615 fuere

178 636 395 678 immodici
425 636 494 692 [cf.
521 637 626 678 Gell.
660 638 811 687 XVIII,
846 642 909 688 11,
943 641 989 690 43
1024 638 1127 679 Enn.
1161 639 1246 680 fab.
1279 642 1362 681 230
1393 642 1515 695 sqq.].

293 716 544 758 Adicientur
575 717 617 758 in
648 718 731 758 fine
763 718 905 772 operis
932 732 1071 771 pauca
1105 718 1278 772 cognitu
1309 719 1425 761 haud
1456 720 1689 763 iniucunda

179 785 449 839 quarundam
481 786 700 827 notionum
741 785 792 828 de
832 786 1042 828 varietate
1081 787 1167 828 sive
1201 788 1479 841 proprietate.
1542 790 1689 831 dixere

178 853 366 895 Lucilius
399 857 441 895 et
472 854 698 895 Lucretius
729 858 954 906 yzcbernum
984 869 1062 908 pro
1093 858 1372 907 q‘zcbernaczclo
1399 857 1511 912 [XX‚
1545 865 1587 909 ὃς
1619 859 1688 909 IV,

178 923 293 977 437],
326 926 455 976 atque
487 923 548 963 ita
581 923 802 964 christiani
825 927 971 972 cilium,
995 928 1249 975 prosapiam,
1281 929 1518 967 contundam
1544 927 1687 981 [Mart.

177 991 246 1042 IV,
278 995 373 1041 424,
405 992 460 1046 6].
520 1005 649 1045 porro
680 995 900 1033 Mauortem
927 1006 1005 1046 pro
1029 996 1164 1034 Marte
1195 993 1365 1035 omnino
1396 984 1526 1036 fuisse
1557 996 1688 1037 inusi—

177 1063 314 1101 tatum
356 1060 462 1101 seris
505 1059 688 1101 saeculis
730 1060 829 1101 inde
869 1065 1073 1114 apparet,
1117 1061 1231 1115 quod
1272 1062 1384 1103 inter
1414 1063 1687 1116 parenthesis

178 1127 373 1181 exempla
412 1132 454 1169 et
492 1128 704 1183 poeticam
737 1128 791 1169 ad
822 1129 1039 1170 licentiam
1072 1130 1279 1171 rettulere
1311 1131 1505 1184 magistri
1539 1132 1687 1185 Vergi-

175 1196 334 1237 lianum
375 1195 591 1238 ‘Mavortis
630 1201 667 1237 ιή
710 1195 867 1239 α)ιί)·ο’.
939 1198 1002 1239 ita
1039 1213 1239 1249 quarum,
1282 1207 1471 1250 qualum,
1514 1215 1686 1251 anamma

176 1279 260 1306 non
290 1265 464 1306 hercule
497 1265 636 1307 vivido
668 1265 784 1318 vulgi
827 1280 906 1307 usu
937 1267 1079 1320 potius
1112 1280 1240 1320 quam
1280 1267 1541 1309 auctoritate
1572 1268 1686 1321 prio·

177 1348 270 1374 rum
310 1333 521 1375 admisere
562 1333 768 1388 plerique.
839 1339 1067 1388 praeterea
1109 1349 1204 1376 cum
1245 1335 1434 1377 Lucilius
1474 1336 1687 1390 posuisset

176 1402 265 1444 sine
297 1401 529 1444 offensione
572 1401 684 1444 ‘cula
717 1401 862 1453 opera’
911 1402 1061 1459 [XXX,
1093 1404 1184 1458 80],
1224 1404 1392 1446 Maroni
1433 1408 1578 1446 tamen
1616 1420 1686 1447 ex-

174 1470 436 1525 probravere
476 1471 582 1512 illud
625 1471 780 1526 [bucol.
814 1476 861 1522 3,
900 1472 937 1526 1]
977 1471 1127 1513 ‘cuium
1165 1478 1324 1523 pecus?
1366 1488 1417 1514 (m
1450 1471 1682 1515 Meliboei?

176 1539 329 1581 deiude
371 1544 483 1581 clueo
522 1540 609 1581 sive
641 1544 729 1580 cluo
772 1544 869 1593 post
900 1540 1089 1582 Lucretii
1128 1545 1297 1595 tempus
1340 1541 1412 1595 qui
1454 1542 1686 1596 usurparit,

176 1608 451 1650 classicorum
495 1608 612 1649 haud
648 1622 906 1662 quemquam
949 1609 1136 1660 invenio,
1177 1610 1258 1651 nisi
1306 1610 1436 1651 semel
1482 1610 1686 1664 antiquae

175 1676 426 1730 tragoediae
462 1676 750 1718 aemulatione
786 1677 893 1718 dixit
926 1678 1089 1719 Seneca
1125 1679 1168 1719 in
1199 1678 1299 1719 ludo
1331 1678 1382 1719 de
1414 1682 1551 1720 morte
1583 1679 1685 1720 Cae-

176 1745 284 1787 saris
317 1745 368 1800 [c.
406 1744 444 1802 7]
483 1743 696 1796 ‘emprome
721 1759 914 1796 propere,
947 1750 1044 1787 sede
1075 1761 1153 1797 qua
1184 1751 1346 1798 yenims
1378 1745 1530 1797 εἴπως’,
1576 1748 1686 1788 sicut

174 1813 287 1855 idem
317 1814 361 1855 in
393 1814 628 1867 tragoediis
661 1819 785 1865 clepo.
849 1815 1115 1868 repetierunt
1145 1815 1257 1856 idem
1290 1815 1686 1869 antiquissimorum

174 1882 414 1924 imitatione
446 1886 645 1924 auctores
676 1883 910 1933 christiani,
941 1897 1046 1936 quos
1083 1887 1124 1925 et
1156 1884 1260 1925 satis
1287 1887 1457 1925 constat
1485 1888 1687 1926 temnendz'

175 1954 217 1992 et
248 1954 376 1992 nandi
406 1950 538 1992 verba
571 1950 624 1992 ab
656 1951 847 2004 ipsorum
869 1955 1063 2005 tempore
1095 1952 1236 1993 aliena
1258 1952 1514 1994 testimoniis
1546 1956 1685 1994 vetus—

175 2019 437 2060 tissimorum
458 2020 701 2070 retinuisse,
730 2020 840 2061 sicut
871 2019 977 2061 illud
999 2024 1156 2061 ›nittere
1177 2021 1364 2074 positum
1386 2034 1464 2074 pro
1498 2035 1547 2062 eo
1571 2020 1685 2074 quod

176 2091 241 2129 est
271 2091 453 2129 omittere
483 2087 549 2128 vel
572 2102 768 2139 parcere.

288 2167 483 2220 Denique
516 2167 630 2221 quod
658 2167 959 2210 Lachmannus
1001 2169 1042 2209 in
1084 2169 1390 2210 commentario
1427 2169 1684 2210 Lucretiano

177 2236 262 2290 [pg.
292 2235 384 2292 120]
415 2236 550 2277 refert
576 2237 804 2290 passivum,
839 2237 953 2290 quod
977 2241 1040 2279 est
1073 2241 1207 2286 vendi,
1239 2252 1323 2279 non
1346 2241 1445 2278 ante
1468 2237 1685 2279 saeculum

173 2319 212 2358 p.
242 2304 337 2346 Chr.
370 2319 409 2345 n.
441 2305 617 2346 tertium
647 2306 840 2359 reperiri,
880 2306 986 2347 illud
1028 2305 1143 2359 quod
1187 2310 1250 2347 est
1283 2310 1412 2357 perdi
1441 2320 1685 2359 numquam,

174 2372 227 2414 de
256 2372 338 2414 hoc
368 2373 564 2426 equidem
594 2373 768 2415 fallitur.
829 2374 891 2415 ita
924 2375 1034 2416 enim
1068 2374 1176 2415 dixit
1206 2374 1403 2428 Prosper⁷
1436 2375 1508 2428 qui
1540 2374 1686 2415 floruit-

173 2440 319 2494 paullo
340 2445 440 2494 post
462 2442 746 2495 Augustinum
771 2442 812 2482 in
846 2443 1156 2496 epigrammate
1189 2446 1340 2484 contra
1369 2443 1685 2484 obtrectatores

172 2508 299 2550 huius
331 2510 384 2564 [V.
418 2508 480 2565 7]:

401 2611 491 2646 haec
518 2623 639 2656 pugna
665 2613 834 2647 incentor
859 2625 957 2647 mors
984 2618 1040 2648 est
1064 2617 1136 2648 tua.
1176 2617 1211 2649 te
1238 2614 1342 2648 stilus
1368 2615 1435 2648 iste

404 2668 554 2703 conficit
577 2672 614 2702 et
638 2670 758 2704 verbis
785 2670 950 2714 perderis
978 2671 1057 2715 ipse
1083 2672 1165 2705 tuis,

174 2759 409 2813 eodemque
434 2760 506 2800 alii
529 2760 688 2801 saeculi
709 2761 745 2801 V
772 2761 837 2801 vel
859 2761 914 2802 IV
935 2775 1088 2814 genere
1117 2761 1235 2802 verbi
1257 2762 1323 2802 usi
1352 2765 1450 2802 sunt
1473 2765 1682 2802 auctores.

175 2831 325 2868 contra
361 2828 477 2882 apud
507 2828 735 2869 Horatium
768 2829 807 2869 S.
841 2829 897 2879 ΙΙ,
932 2833 968 2880 6,
1003 2834 1053 2871 59
1090 2829 1195 2870 illud
1226 2832 1423 2880 perditur
1457 2829 1558 2882 quin
1590 2843 1682 2871 cor-

173 2899 345 2949 ruptum
378 2896 434 2938 sit
463 2896 604 2938 nullus
636 2896 797 2939 dubito.
