1898 3292
765 233 884 258 LIBER
902 233 1059 259 PRIMVS.
1612 225 1663 263 53

157 338 200 376 et
240 335 410 389 quidem
453 336 677 389 augustius
718 335 849 377 fuisse
892 335 1050 389 optime
1092 335 1340 377 declaratur
1371 335 1560 376 Maronis
1599 336 1664 377 his

157 404 252 459 [ecl.
281 405 354 457 IX,
388 405 482 460 32]:

866 464 903 496 ct
926 473 985 495 me
1010 462 1131 495 fecere
1156 463 1305 505 poetam

362 518 540 562 Pierides,
569 521 654 553 sunt
679 521 716 554 01
739 518 827 552 1111111
854 519 1025 562 carmina,
1051 530 1109 552 me
1136 530 1282 562 quoque
1307 518 1438 552 dicunt

362 578 483 610 vatem
507 579 684 621 pastores,
716 576 780 610 sed
804 588 876 610 11011
903 587 971 621 ego
999 575 1169 610 credulus
1195 575 1276 610 illis.

158 659 293 699 quare
335 645 510 686 honoris
551 658 682 686 causa
719 645 782 686 ita
826 644 1052 699 appellati,
1100 645 1172 698 qui
1218 648 1458 698 pangerent
1503 658 1664 686 versus.

158 713 272 768 quod
303 714 363 756 sic
395 713 621 755 confirmat
652 713 828 755 Ovidius
859 714 958 768 [am.
991 713 1064 764 ΙΙΙ,
1097 718 1133 765 9,
1170 713 1262 767 17]:

465 791 502 822 at
527 788 621 822 sacri
646 791 747 822 vates
776 792 812 822 et
835 787 958 821 divum
984 798 1072 821 cura
1095 798 1280 821 vocamur.

465 848 550 879 sunt
575 845 686 879 etiam
713 845 774 889 qui
800 856 865 879 nos
890 855 1025 878 numen
1052 844 1188 879 habere
1214 846 1357 888 putent.

156 909 256 950 hinc
278 912 321 950 et
342 908 556 961 Vergilius
577 908 620 948 111
644 908 832 950 Aeneide
855 907 947 963 [VL
968 907 1067 962 662]
1099 906 1207 948 dixit
1241 914 1364 957 vales,
1396 921 1480 949 11011
1507 914 1667 958 poelas,

162 980 205 1018 et
234 977 442 1019 Horatius
481 977 525 1018 in
564 977 708 1031 lyricis
750 990 985 1030 numquam
1013 983 1164 1027 poetae
1193 975 1324 1017 verbo
1356 990 1458 1017 usus
1492 980 1555 1017 051
1586 977 1668 1017 11151

158 1046 270 1087 binis
291 1045 408 1087 locis.
458 1060 479 1087 0
508 1045 663 1099 quibus
684 1046 804 1100 prior
825 1034 895 1086 hic
917 1048 981 1087 est
1003 1045 1090 1100 [IV,
1115 1048 1151 1096 2,
1175 1045 1246 1099 33]
1285 1043 1495 1086 ‘concines
1516 1048 1670 1086 maiore

152 1121 276 1166 poeta
308 1119 470 1166 plectro
513 1111 767 1156 Caesarem'.
829 1114 902 1156 ubi
941 1117 1124 1168 apparet
1167 1127 1220 1154 ne
1260 1113 1453 1167 potuisse
1495 1113 1668 1167 quidem

158 1190 286 1225 vacem
324 1183 406 1224 dici
445 1183 499 1225 ab
545 1197 594 1224 eo
634 1183 724 1225 sine
766 1183 941 1224 crimine
982 1182 1170 1236 quodam
1206 1183 1497 1236 arrogantiae.
1558 1183 1669 1224 alter

158 1255 303 1293 autem
331 1252 430 1293 talis
465 1255 530 1294 est
565 1252 652 1307 [IV,
686 1255 722 1303 6,
754 1252 825 1307 29]
865 1250 1071 1302 ‘spiritum
1102 1254 1287 1292 Phoebus
1329 1254 1442 1300 milei,
1486 1254 1669 1293 Phoebas

158 1327 285 1362 artem
319 1324 513 1362 carminis
543 1335 764 1372 nomenque
795 1324 906 1362 dedic
933 1317 1114 1371 stoelae.²
1178 1320 1249 1361 hic
1281 1333 1380 1361 vero
1413 1319 1484 1361 ille
1516 1327 1669 1374 aperta

158 1390 433 1443 antiquorum
465 1390 706 1431 imitatione
738 1393 943 1442 certoque
968 1388 1144 1430 consilio
1169 1388 1276 1429 dixit
1297 1392 1482 1442 poetam.
1531 1403 1668 1442 neque

160 1459 270 1500 enim
298 1462 443 1513 potest
475 1458 677 1510 dubitari,
710 1459 813 1512 quin
843 1457 955 1498 hanc
986 1457 1039 1499 ob
1069 1472 1243 1499 causam
1265 1460 1418 1511 poetae
1442 1456 1522 1498 sibi
1545 1471 1669 1498 voca-

159 1527 307 1569 bulum
338 1526 401 1569 illi
432 1526 696 1578 addiderint,
740 1531 788 1568 ut
826 1526 892 1568 vel
923 1526 1053 1568 verbo
1085 1526 1313 1580 peregrino
1346 1525 1536 1567 diversos
1569 1540 1613 1567 se
1645 1541 1670 1567 a

158 1597 352 1652 priorum
382 1596 628 1638 rusticitate
661 1599 703 1638 et
732 1599 847 1638 totos
879 1595 934 1636 ad
957 1595 1221 1637 Graecorum
1253 1595 1537 1636 imitationem
1572 1609 1668 1635 0011-

160 1667 368 1708 formatos
424 1665 707 1707 declararent.
784 1678 884 1706 nam
936 1669 979 1705 et
1028 1663 1228 1715 similest,
1284 1663 1399 1717 quod
1445 1662 1671 1717 praedicat

160 1735 387 1777 Lucretius
427 1734 612 1776 Ennium
652 1734 839 1789 primum
881 1747 932 1774 ex
963 1733 1169 1774 Helicone
1210 1732 1414 1774 detulisse
1456 1746 1670 1782 coronam,

159 1804 293 1845 Italas
323 1817 401 1857 per
432 1807 580 1857 gentes
613 1817 724 1857 quae
756 1803 874 1844 clara
906 1802 1086 1852 clueret,
1125 1802 1326 1843 nimirum
1358 1800 1671 1854 relinquentem

160 1886 337 1915 nemora
376 1871 603 1925 fontesque
644 1872 928 1914 Camenarum
969 1870 1152 1925 patrios,
1195 1870 1240 1911 id
1286 1869 1401 1923 quod
1442 1883 1543 1910 sane
1579 1870 1671 1923 ipse

161 1943 362 1983 innuerat
393 1941 556 1982 Ennius
582 1940 809 1982 referendo
840 1940 1031 1982 notabile
1062 1939 1168 1981 illud
1200 1939 1251 1980 de
1274 1939 1462 1980 Homero
1494 1938 1537 1979 111
1568 1938 1670 1979 Par-

162 2025 269 2052 naso
301 2009 384 2052 sibi
412 2010 501 2051 viso
534 2010 762 2060 somnium,
800 2009 852 2050 de
894 2023 978 2062 quo
1011 2008 1195 2050 diximus
1229 2008 1272 2049 in
1303 2008 1392 2048 vita
1423 2007 1525 2049 eius.
1586 2007 1671 2048 iam

164 2093 260 2121 011111
292 2079 499 2120 Horatius
535 2078 662 2132 plane
703 2078 875 2120 easdem
916 2080 1169 2131 sequeretur
1209 2077 1400 2118 rationes
1440 2079 1571 2129 atque
1611 2076 1673 2117 illi

161 2151 347 2199 veteres,
396 2161 504 2200 quos
545 2146 719 2200 quidem
760 2150 854 2188 arte
891 2146 1018 2199 longe
1062 2146 1298 2199 superavit,
1340 2145 1536 2198 sequitur
1578 2159 1673 2186 eum

163 2217 385 2271 aptissime
416 2219 572 2270 poetae
601 2215 779 2257 verbum
801 2229 1035 2269 usurpasse
1057 2215 1100 2255 111
1133 2213 1333 2265 carmine,
1366 2213 1481 2267 quod
1512 2212 1676 2254 faceret

163 2285 218 2327 ad
249 2285 449 2340 proprias
479 2284 615 2339 ipsius
648 2284 888 2326 studiorum
919 2284 1010 2325 vias
1032 2283 1238 2324 tutandas
1259 2282 1673 2336 praedicandasque.

162 2379 219 2386 —
278 2358 469 2395 ceterum
531 2367 660 2407 quam
709 2353 830 2394 brevi
880 2356 1075 2406 tempore
1126 2351 1295 2393 variata
1345 2351 1400 2392 sit
1450 2355 1674 2392 cantorum

165 2422 411 2477 appellatio,
445 2426 628 2476 apparet
658 2421 725 2463 vel
757 2422 867 2472 111110,
898 2421 1012 2474 quod
1044 2421 1087 2461 in
1120 2421 1165 2471 Q.
1199 2419 1430 2462 Caecilium
1462 2433 1673 2473 gramma-

163 2493 295 2534 ticum
326 2491 476 2532 utilem
515 2490 618 2541 illis,
661 2490 734 2544 qui
771 2490 825 2531 ad
856 2490 1072 2544 poeticam
1103 2489 1348 2540 tenderent,
1389 2488 1519 2530 talem
1561 2502 1673 2529 com-

165 2562 310 2617 posuit
339 2559 599 2602 versiculum
630 2558 821 2600 Marsus:

531 2633 689 2678 Epirota
715 2633 935 2667 tenellorum
961 2633 1144 2666 nutricula
1168 2634 1303 2673 vatum,

170 2714 264 2740 011111
295 2699 338 2739 111
370 2697 588 2739 Valerium
620 2696 842 2746 Catonem,
876 2695 1056 2737 similem
1088 2694 1277 2745 Caecilii,
1321 2693 1395 2734 sed
1427 2693 1500 2746 qui
1532 2695 1675 2733 aetate

166 2767 311 2822 paullo
343 2766 425 2807 fuit
454 2765 585 2819 prior,
618 2764 836 2806 ferrentur
866 2764 999 2805 haec:

536 2838 627 2873 Cato
653 2839 925 2883 grammaticus,
951 2838 1085 2872 Latina
1112 2837 1229 2880 Siren,

536 2896 596 2939 qui
621 2896 718 2930 solus
743 2896 834 2940 legit
861 2907 902 2929 ac
928 2895 1015 2929 facit
1040 2897 1178 2939 poetas.

170 2965 300 3015 atque
340 2960 402 3001 ita
444 2973 594 3001 rursus
634 2958 849 3000 increbuit
889 2958 999 3000 vatis
1031 2956 1305 3006 vocabulum,
1346 2959 1394 2997 ut
1434 2956 1563 2997 etiam
1600 2955 1676 2996 ali-
