1898 3292
195 183 248 222 4ss
812 188 1088 214 PROHOEMIVM.

311 294 447 347 Igitur
474 293 774 334 Lachmannus
808 306 902 332 cum
935 291 1089 332 ceteris
1121 290 1281 344 passim
1320 303 1442 330 usum
1479 293 1706 343 poetarum

198 363 449 404 Latinorum
486 362 747 402 illustrasset
787 361 930 410 libris⁷
972 364 1061 400 tum
1110 359 1416 399 commentario
1448 358 1707 399 Lucretiano

197 432 420 473 scientiam
443 430 638 484 plurimis
661 429 900 482 quaesitam
925 428 1046 468 annis
1077 426 1393 480 simplicissima
1414 427 1539 467 nixus
1562 426 1709 467 iudicii

198 499 413 553 elegantia
446 498 691 551 divulgavit.
744 511 840 538 nam
872 511 967 537 cum
995 496 1081 537 iam
1114 495 1167 537 ab
1200 496 1374 536 ineunte
1398 499 1540 536 aetate
1572 494 1709 548 proba

198 572 426 623 poetarum
459 567 709 607 Latinorum
743 569 856 607 esset
885 565 1076 606 imbutus
1109 564 1282 617 peritia,
1320 563 1521 618 perlectis
1553 567 1708 612 tamen,

199 642 246 679 ut
276 636 409 678 refert
440 635 522 676 Ma.
555 635 756 676 Hei-tzius
787 635 829 675 in
863 634 951 675 vita
984 634 1074 674 eius
1107 634 1163 687 [p.
1201 633 1315 687 14ss]‚
1361 632 1499 673 denuo
1540 632 1710 673 illorum

200 710 365 747 tantum
411 719 494 746 non
537 704 737 745 omnibus
778 703 965 757 plurima
997 716 1068 743 eos
1100 701 1332 743 illustravit
1364 701 1711 742 observationum

199 775 334 828 copia,
369 787 478 827 quae
512 772 567 814 ad
598 786 835 822 caesuram,
868 771 1089 825 synizesin‚
1124 770 1356 821 elisionem,
1385 770 1470 810 alia
1501 774 1711 823 spectant,

200 847 243 884 et
280 842 545 895 diligentiam
576 841 845 895 praeclaram
892 844 934 881 et
975 843 1123 881 notum
1156 840 1246 880 eius
1278 852 1456 880 acumen
1489 842 1711 880 testantes.

202 926 252 953 ac
274 916 418 952 tamen
441 911 600 952 acriter
623 909 858 951 cavendum
892 909 1008 958 duxi,
1039 922 1091 949 ne
1114 921 1259 949 amore
1281 897 1407 949 liuius
1430 908 1509 948 viri
1530 907 1712 947 laberer.

203 981 361 1034 quippe
393 994 471 1021 nec
503 979 613 1020 falsa
644 993 783 1032 neque
816 978 948 1019 dubia
987 978 1140 1018 abesse
1172 991 1197 1018 a
1227 976 1591 1030 disputationibus
1623 976 1714 1016 eius

203 1049 420 1099 videbam,
463 1062 540 1089 nec
572 1048 855 1095 collectanea,
898 1061 1159 1100 quamquam
1203 1046 1420 1099 egregiam
1462 1045 1715 1099 plerumque

204 1119 330 1159 fidem
373 1131 478 1171 prae
526 1131 570 1158 se
609 1116 772 1166 ferunt,
810 1130 1021 1169 nusquam
1065 1129 1160 1156 eum
1202 1115 1458 1156 fefellerunt.
1527 1118 1716 1155 ceterum

206 1201 300 1228 cum
343 1185 576 1238 aliquando
619 1189 789 1226 tenerer
830 1184 1001 1233 dubius,
1045 1197 1229 1237 quonam
1272 1197 1409 1237 usque
1449 1183 1577 1237 spatii
1619 1196 1716 1236 pro-

207 1256 406 1296 cessisset
452 1254 753 1295 Lachmannus
802 1253 843 1294 in
890 1256 1115 1307 poetarum
1162 1253 1334 1306 placitis
1379 1251 1717 1306 perscrutandis,

207 1323 520 1377 aliquantisper
552 1326 779 1364 cunctatus
810 1322 933 1363 unice
957 1336 1049 1362 suni
1073 1321 1308 1375 amplexus,
1343 1321 1456 1374 quod
1490 1320 1598 1361 dixit
1628 1320 1719 1373 ipse

207 1394 265 1448 [p.
289 1393 391 1446 414]
424 1405 495 1433 eos
528 1392 601 1445 qui
632 1394 731 1445 post
759 1390 1004 1432 Iuvenalem
1037 1390 1289 1444 scripserint
1319 1393 1471 1443 poetas
1503 1403 1528 1430 a
1560 1403 1604 1429 se
1638 1402 1719 1429 non

209 1462 371 1512 curari,
414 1460 528 1515 quod
571 1460 743 1513 quidem
785 1459 946 1513 ubique
986 1473 1131 1501 verum
1170 1473 1262 1500 sum
1295 1462 1498 1512 expertus
1530 1458 1721 1511 exceptis

209 1531 408 1572 nimirum
451 1530 556 1571 locis
597 1530 675 1580 eis⁷
721 1528 797 1570 ubi
840 1529 1129 1582 posteriorum
1182 1542 1312 1569 unum
1361 1530 1491 1580 atque
1538 1527 1721 1568 alterum

209 1599 461 1640 nominatim
490 1598 582 1652 ipse
616 1601 838 1639 memorat.

326 1667 415 1708 Nec
447 1666 613 1707 silenda
642 1666 822 1720 Hauptii
857 1666 1029 1717 merita,
1072 1665 1162 1719 qui,
1202 1668 1250 1706 ut
1292 1664 1379 1706 alia
1422 1664 1543 1716 alibi,
1584 1664 1645 1705 sic
1680 1664 1723 1704 in

210 1734 583 1778 observationibus
616 1735 776 1776 criticis
799 1735 963 1789 primus
985 1738 1212 1788 poetarum
1234 1734 1541 1787 plerorumque
1562 1733 1725 1786 placita

212 1806 327 1846 circa
350 1804 581 1855 elisionem,
615 1817 725 1857 quae
748 1803 919 1857 longam
943 1817 1038 1845 cum
1061 1803 1181 1844 brevi
1204 1802 1445 1856 copulando
1468 1801 1725 1852 admittitur,

213 1873 437 1928 suptiliore
473 1872 669 1914 distinxit
701 1886 815 1913 cura.

328 1942 498 1983 Tertius
539 1940 762 1982 addendus
805 1942 1023 1994 Augustus
1066 1940 1322 1991 Meinekius,
1366 1940 1439 1993 qui
1482 1952 1577 1980 cum
1619 1938 1725 1979 alias

214 2011 266 2052 de
297 2014 390 2051 arte
423 2009 733 2064 dactylicorum
766 2009 1018 2050 Latinorum
1049 2008 1158 2050 bene
1188 2009 1359 2060 meruit,
1399 2012 1490 2050 tum
1529 2008 1571 2048 in
1602 2021 1726 2062 prae-

213 2080 376 2120 fatione
416 2078 652 2119 carminum
697 2078 867 2119 Horatii
904 2078 1060 2119 iterum
1103 2077 1315 2118 editorum
1359 2077 1411 2117 de
1467 2076 1594 2118 huius
1636 2080 1727 2117 arte

216 2148 431 2205 quaedam
462 2147 723 2200 elegantiore
754 2146 960 2188 indicavit
991 2146 1145 2187 studio.

332 2217 393 2257 De
424 2216 676 2257 hexametro
708 2215 919 2270 dactylico
953 2219 1051 2269 post
1078 2215 1174 2256 illos
1198 2214 1402 2256 disseruit
1423 2214 1467 2255 F.
1491 2214 1729 2255 Froehdius

216 2286 259 2326 in
297 2284 508 2337 Philologi
549 2288 673 2338 parte
718 2284 778 2325 XI
819 2283 1093 2338 [533--5113].
1163 2283 1236 2336 qui
1280 2296 1541 2336 quamquam
1585 2296 1729 2323 veram

216 2354 344 2395 huius
377 2367 524 2394 versus
556 2352 849 2394 condicionem
881 2365 965 2393 non
997 2353 1133 2405 magis
1173 2351 1394 2405 perspexit
1425 2365 1553 2404 quam
1587 2351 1730 2401 ceteri,

219 2426 367 2463 tamen
399 2425 441 2462 et
473 2424 675 2462 accurate
705 2421 823 2462 haud
855 2434 996 2474 pauca
1031 2423 1074 2461 et
1105 2420 1317 2474 quaedam
1349 2419 1484 2461 habet
1515 2419 1731 2473 suptiliter

220 2490 462 2531 observata.
538 2489 652 2530 idem
704 2503 798 2530 cum
851 2489 1162 2543 composuisset
1210 2489 1401 2530 libellum
1453 2488 1504 2530 de
1556 2488 1731 2528 elisione

223 2559 392 2609 Latina,
435 2557 540 2598 mihi
583 2571 635 2599 ex
676 2557 758 2599 hoc
793 2558 886 2612 ipso
933 2571 1044 2611 quae
1087 2557 1217 2611 digna
1248 2557 1454 2598 memoria
1485 2556 1732 2598 viderentur

220 2626 451 2668 inserenda
497 2625 618 2680 operi
664 2626 870 2680 permisit.
932 2627 1235 2680 pertinuerunt
1280 2629 1424 2667 autem
1468 2625 1558 2666 eius
1605 2637 1732 2665 curae

223 2695 277 2736 ad
318 2698 469 2749 poetas
501 2694 724 2735 Hadriano
766 2695 931 2748 priores
977 2708 1124 2735 omnes
1157 2694 1347 2748 exceptis
1390 2693 1607 2743 Martiale,
1639 2692 1733 2733 Cal-

221 2765 388 2817 piu-nio,
420 2763 572 2804 Statio.

338 2831 422 2872 Sed
452 2832 535 2872 iam
571 2831 816 2872 accuratius
855 2831 958 2872 mihi
1001 2831 1123 2872 video
1168 2830 1482 2885 exponendum,
1521 2843 1732 2883 quaenam

223 2901 416 2941 subsidia
446 2914 556 2941 nova
588 2901 851 2941 accesserint
885 2900 1061 2940 editioni
1093 2900 1230 2940 alteri.
