1898 3292
926 925 1088 975 VIII.

646 1054 903 1106 LIBER
945 1053 1387 1107 SEPTIMVS.

553 1277 1018 1320 OBSERVATIONES
1051 1277 1474 1319 GRAMMATICAE.

374 1382 548 1435 Regulis
580 1385 813 1422 metrorum
847 1381 1024 1434 sonique
1056 1380 1224 1434 legibus
1253 1381 1316 1421 uti
1343 1381 1646 1422 satisfacerent
1668 1396 1767 1435 poe-

259 1455 328 1492 tae
366 1451 524 1500 Latini,
565 1450 682 1491 haud
719 1450 917 1502 exiguam
961 1449 1128 1503 copiam
1173 1449 1407 1490 dictionum
1447 1449 1501 1490 ab
1534 1450 1594 1490 eis
1624 1450 1770 1503 parari

260 1519 463 1574 oportuit.
525 1532 632 1572 quas
664 1522 711 1559 ut
742 1519 847 1559 satis
878 1521 995 1559 recte
1027 1518 1240 1571 possimus
1281 1518 1530 1568 aestimare,
1570 1518 1664 1572 ipsa
1696 1532 1770 1559 na-

259 1592 358 1629 tura
391 1587 591 1628 carminis
624 1587 827 1637 efficitur,
871 1601 957 1640 qua
994 1587 1195 1628 eximitur
1225 1586 1477 1640 plerumque
1509 1586 1768 1639 ambiguum.

260 1671 332 1698 eas
364 1656 450 1697 iam
483 1656 684 1709 deinceps
718 1658 865 1697 curate
896 1655 1144 1696 referemus.
1197 1655 1272 1696 sed
1301 1658 1400 1696 ante
1424 1669 1551 1708 quam
1575 1654 1771 1708 exempla

260 1725 601 1775 dinumeremus,
645 1725 834 1765 rationes
878 1723 1187 1777 dactylicorum
1235 1726 1278 1765 et
1318 1723 1462 1765 studia
1500 1723 1651 1777 paucis
1696 1723 1770 1764 ad-

258 1793 566 1835 umbrabimus.

374 1862 526 1915 Itaque
559 1860 675 1914 apud
705 1860 1026 1913 antiquissimos
1049 1859 1298 1901 Latinorum
1323 1863 1365 1901 et
1391 1874 1475 1910 eos,
1507 1862 1579 1913 qui
1602 1859 1770 1902 Catullo

258 1932 403 1972 vixere
440 1924 618 1984 priores,
662 1943 757 1970 cum
798 1942 955 1982 magna
996 1928 1149 1969 fuisset
1187 1927 1419 1970 flexionum
1450 1928 1770 1981 dictionumque

259 2000 384 2053 copia
425 2002 468 2040 et
511 1998 722 2049 varietas,
768 2011 865 2038 mox
905 1996 1021 2050 apud
1051 1997 1267 2038 Romanos
1306 1996 1418 2038 idem
1461 1997 1613 2048 evenit,
1657 1996 1771 2050 quod

259 2081 427 2121 semper
460 2066 573 2117 alibi,
606 2069 665 2117 ut,
699 2079 782 2119 quo
813 2065 982 2118 longius
1013 2065 1299 2119 procederent
1330 2068 1571 2119 temporum
1606 2065 1770 2119 spatiis,

259 2151 309 2178 eo
355 2136 482 2190 plura
528 2134 661 2175 verba
710 2134 1002 2186 flexionesque
1048 2137 1354 2175 evanescerent
1398 2148 1450 2175 ex
1494 2148 1586 2175 usu.
1659 2147 1769 2186 quae

259 2206 453 2258 Augusto
488 2202 692 2256 aequales
722 2205 877 2256 poetae
917 2202 1093 2243 consilio
1127 2206 1169 2243 et
1200 2203 1367 2244 ratione
1397 2205 1641 2256 temperata
1673 2216 1768 2242 cum

258 2274 374 2314 intra'
406 2276 545 2313 certos
576 2271 681 2312 fines
723 2271 1014 2312 coercuissent
1054 2295 1109 2299 —-
1150 2284 1289 2324 neque
1327 2271 1438 2312 enim
1475 2270 1564 2312 ulla
1604 2284 1651 2312 re
1693 2284 1767 2312 seu

259 2342 426 2396 priores
448 2341 534 2382 sive
556 2341 831 2393 insequentes
853 2338 989 2392 magis
1012 2338 1354 2380 antecelluerunt
1376 2353 1503 2392 quam
1526 2338 1684 2380 iudicio
1701 2363 1768 2389 —,

258 2411 344 2451 iam
377 2413 626 2462 argenteae,
670 2422 799 2461 quam
830 2411 1001 2458 vocant,
1040 2407 1197 2448 aetatis
1228 2410 1427 2448 auctores
1458 2410 1506 2448 ut
1535 2408 1579 2448 in
1606 2408 1767 2458 metris,

259 2479 321 2519 ita
352 2478 394 2518 in
427 2476 686 2518 dictionibus
728 2476 935 2530 pleraque
974 2475 1166 2529 pedestri
1197 2490 1392 2517 sermone
1419 2475 1593 2517 insolita
1623 2479 1768 2517 aucto—

259 2547 388 2588 ritate
432 2545 624 2599 priorum
667 2544 879 2585 admisere
920 2558 1061 2597 pauca
1101 2545 1184 2598 ipsi
1226 2548 1444 2586 novantes.
1504 2547 1550 2585 at
1589 2543 1643 2585 ab
1682 2543 1768 2584 Ha-

260 2615 399 2656 driani
432 2618 626 2667 tempore
657 2613 1053 2666 antiquissimorum
1087 2613 1344 2667 scriptorum
1369 2612 1654 2653 admiratione
1675 2626 1768 2653 rur-

260 2698 332 2724 sus
372 2682 530 2724 coalita
571 2681 758 2736 plurima
802 2695 853 2722 ex
894 2681 1047 2722 horum
1087 2681 1208 2723 libris
1238 2685 1443 2735 excerpta
1473 2681 1770 2722 redundarunt

259 2752 301 2792 in
345 2752 536 2792 carmina
576 2750 904 2791 neotericorum.
976 2764 1114 2803 neque
1158 2750 1268 2790 enim
1309 2749 1558 2803 splendores
1600 2755 1765 2790 senten-

260 2821 417 2861 tiarum
452 2823 527 2860 aut
556 2818 719 2860 lumina
751 2818 972 2868 orationis,
1005 2818 1081 2859 sed
1110 2819 1253 2872 potius
1284 2818 1502 2871 incognita
1534 2817 1767 2858 dictionum

264 2891 340 2929 aut
369 2888 599 2929 insolentia
629 2887 861 2927 flexionum
893 2886 1137 2939 petiverunt
1159 2901 1210 2928 ex
1231 2887 1325 2927 istis
1349 2886 1512 2928 Gellius
1535 2900 1586 2927 ac
1608 2886 1767 2927 Fronto

262 2971 355 2998 cum
400 2955 586 2997 asseclis.
660 2968 921 3010 quamquam
964 2954 1228 2999 fatendumst
1272 2956 1398 2997 huius
1444 2959 1533 2996 tam
1578 2955 1768 3010 perversi
