1898 3292
790 274 909 298 mmm
928 274 1084 299 PR1Mvs.
1613 270 1690 306 137

185 378 466 428 quaeratque,
498 389 608 428 quae
640 375 700 416 illi
733 375 996 417 diversorum
1030 376 1216 417 afferunt
1246 391 1520 419 numerorum
1552 394 1693 420 exem-

185 444 273 498 pla,
317 444 371 485 ab
409 444 568 498 ipsisne
599 444 684 485 sint
714 444 817 485 ficta
848 459 901 485 an
933 448 1104 498 sumpta
1136 445 1187 486 (le
1218 446 1369 499 poetis.
1431 447 1545 500 quod
1578 448 1695 489 haud

184 513 247 553 ita
286 512 459 553 difficile
491 513 652 566 poterit
690 512 929 554 diiudicari.
992 517 1034 554 et
1074 513 1259 555 maxime
1296 515 1467 568 quidem
1508 517 1695 557 omnium

186 596 292 635 opus
315 569 404 622 ⁴erit
435 581 587 622 harum
621 595 763 622 rerum
796 582 1133 623 existimatorem
1166 582 1337 636 penitus
1369 598 1460 625 esse
1482 584 1695 625 imbutum

186 650 364 703 Vergilii
400 654 442 691 et
470 649 746 701 relicuorum,
789 650 901 691 unde
939 654 1113 692 sumunt
1151 665 1229 692 sua
1265 652 1551 704 grammatici,
1595 668 1696 707 poe-

186 722 328 760 tarum
361 719 620 772 cognitione,
654 719 799 760 statim
831 723 879 760 ut
910 723 1138 773 appareat,
1172 720 1310 761 sintne
1342 720 1426 762 ista
1459 735 1510 761 ex
1542 720 1695 762 horum

185 787 381 829 versibus
414 787 597 829 conficta
628 801 780 839 neone,
813 787 911 828 dein
942 787 1048 829 illud
1081 787 1327 839 videndum,
1370 803 1423 830 an
1456 789 1540 829 sint
1571 789 1696 830 nimis

185 857 332 910 inepta
364 870 502 907 sensu,
536 870 664 909 quam
699 869 809 909 quae
833 856 884 897 de
906 856 1045 910 poetis
1068 856 1198 897 ducta
1220 856 1457 898 videantur.
1505 860 1695 898 ceterum

186 925 328 978 potuit
357 924 471 975 fieri,
510 929 557 966 ut
589 940 673 966 uno
706 925 928 979 alteroque
956 925 1109 966 horum
1142 929 1396 976 metrorum,
1415 942 1418 945 ¹
1439 926 1693 978 praesertim

187 993 411 1043 abstrusis,
443 997 667 1035 uterentur
690 994 871 1036 Laevius
899 1008 949 1035 ae
972 994 1156 1035 Serenus
1180 998 1222 1035 et
1253 997 1301 1034 ut
1332 994 1512 1047 quisque
1544 993 1696 1035 horum

188 1063 440 1104 simillimus.
501 1067 544 1104 et
584 1064 790 1104 monitum
832 1063 883 1104 (le
915 1062 1173 1117 quibusdam
1205 1062 1248 1103 in
1282 1061 1517 1116 appendice
1550 1062 1698 1103 Rutilii

187 1131 445 1173 Namatiani.
505 1145 584 1174 nec
622 1135 766 1173 tamen
809 1131 879 1173 hic
920 1134 1119 1185 operaest
1158 1131 1263 1172 mihi
1304 1131 1347 1172 in
1391 1131 1582 1172 minutiis
1620 1131 1696 1171 im-

187 1199 361 1252 morari,
393 1214 488 1242 cum
519 1200 588 1241 vix
620 1213 811 1243 summae
842 1214 986 1242 rerum
1015 1199 1238 1241 sufficiam.
