1898 3292
171 214 249 250 362
758 220 872 244 maen
896 219 1024 247 (uului
1038 220 1087 243 vs.

169 323 488 363 coniunctiones
534 326 607 361 :tut
655 321 994 374 praepositi(›nes
1041 319 1353 373 nunus-illatas
1400 319 1676 361 collocarunt.

170 391 229 432 eis
272 394 315 431 ot
353 404 480 443 saepe
520 389 620 431 sede
658 389 806 430 eadem
837 389 1025 429 admissa
1055 389 1267 442 synizesis.
1328 402 1475 428 verum
1509 403 1602 429 cum
1634 388 1677 428 in

170 459 350 513 septimo
381 458 595 511 semipede
638 458 754 499 haud
793 457 969 511 perinde
1008 457 1175 497 soleant
1213 457 1313 510 poni
1357 456 1551 506 eaedem,
1594 470 1677 497 non

170 529 251 569 erit
283 527 437 568 mirum
467 527 510 567 in
541 526 899 580 hephthemimeri
934 525 1121 566 elisionis
1153 540 1275 566 usum
1304 525 1434 565 fuisse
1458 525 1676 565 rariorem.

170 596 339 637 omnino
370 599 513 637 autem
546 609 629 648 quo
663 594 757 647 quis
789 593 1035 646 diligentius
1066 593 1302 647 particulas
1323 593 1430 634 istas
1453 608 1477 634 a
1500 608 1679 634 caesura

170 665 321 714 arcuit,
352 678 400 705 eo
434 663 572 704 minus
603 663 647 703 in
679 662 829 703 eadem
862 662 975 703 coire
1005 662 1171 715 patitur
1201 663 1382 703 vocales.

284 733 372 774 Iam
402 732 664 786 pentametri
692 735 828 772 artem
861 731 1105 772 enarraturi
1137 745 1284 771 rursus
1317 729 1494 771 cancelli
1527 731 1568 770 in
1594 744 1678 771 mo-

170 801 269 842 dum
304 804 539 842 retrorsum
570 799 817 841 incedentes
850 800 967 853 prius
998 799 1281 852 posteriorem
1314 802 1479 852 partem
1514 804 1678 839 scruta-

171 870 323 919 bimur,
356 883 485 922 quam
516 868 641 921 longe
674 868 897 909 cultiorem
921 867 1058 908 altera
1089 867 1295 922 plerique,
1328 867 1363 908 si
1395 882 1476 908 non
1510 869 1679 907 omnino

170 941 453 992 segregarunt
492 952 517 978 a
559 937 828 991 synhaeresi,
872 940 1037 977 tantum
1073 936 1293 984 brevium,
1332 950 1414 976 non
1454 935 1678 988 longarum

169 1011 243 1047 aut
275 1006 511 1047 mediarum
544 1005 716 1047 voluere
748 1006 935 1058 perviam
970 1004 1146 1046 elisioni.
1198 1017 1323 1057 quem
1354 1005 1490 1045 tenuit
1519 1018 1680 1044 morem

168 1075 343 1116 Ovidius
384 1089 479 1115 cum
520 1074 607 1115 suis
648 1078 820 1127 praeter
863 1073 1090 1127 epistulam
1133 1073 1298 1114 Acontii
1341 1073 1485 1127 [17s],
1530 1076 1680 1112 auctor

169 1144 402 1196 elegiarum
450 1143 501 1184 de
549 1142 822 1192 Maecenate,
871 1141 1104 1191 Martialis,
1154 1141 1400 1191 Petronius,
1448 1141 1680 1193 scriptores

172 1212 300 1253 Nucis
333 1216 375 1252 et
408 1212 689 1264 Priapeorum
730 1225 779 1252 ac
818 1210 1061 1259 Phoenicis,
1104 1209 1407 1259 Namatianus,
1450 1209 1679 1258 Palladius,

171 1280 448 1329 Claudianus,
482 1280 687 1321 Avianus.
724 1279 947 1327 BoethiuS,
983 1279 1281 1329 Maximianus,
1313 1279 1537 1327 Luxorius,
1574 1278 1680 1318 Ara-

170 1354 249 1397 tor,
282 1349 492 1389 Sedulius.
545 1348 588 1389 hi
622 1349 764 1389 cuncti
795 1348 1013 1389 elisionem
1046 1347 1187 1388 brevis
1219 1348 1252 1387 si
1286 1347 1411 1388 modo
1445 1346 1574 1387 ullam
1607 1346 1680 1386 ad-

173 1417 326 1459 misere
354 1442 410 1447 —
432 1431 528 1458 nam
554 1420 595 1458 et
616 1417 743 1471 plane
767 1416 1068 1458 abstinuerunt
1088 1416 1282 1469 plerique
1303 1440 1370 1466 ——,
1393 1415 1683 1456 adhibuerunt

170 1500 392 1540 perraram
424 1489 467 1527 et
497 1486 630 1527 ferme
662 1486 705 1526 in
737 1500 757 1526 e
788 1485 853 1526 vel
887 1489 910 1526 ἱ.
973 1485 1129 1526 etenim
1173 1484 1286 1537 quod
1324 1484 1482 1536 legitur
1520 1483 1561 1523 in
1595 1483 1681 1535 epi-

172 1555 286 1596 stula
309 1555 508 1609 Sapphus
537 1555 629 1609 [90]
672 1553 767 1595 ‘non
804 1561 845 1594 ul
877 1568 984 1595 (mnes
1017 1568 1101 1602 01'0,
1136 1567 1272 1594 verum
1304 1559 1345 1594 m
1375 1566 1515 1593 (artent-e
1545 1549 1676 1591 sinas’

172 1638 253 1664 non
283 1624 419 1677 magis
451 1627 516 1665 est
548 1623 731 1677 probum
765 1637 893 1676 quam
917 1622 1031 1675 quod
1055 1622 1267 1663 nonnullis
1288 1621 1452 1675 placuit
1472 1620 1515 1660 in
1536 1619 1681 1661 libello

173 1692 396 1733 Phoenicis
437 1693 560 1747 [1343
597 1692 697 1746 150]
740 1690 810 1732 ‘cle
851 1705 1003 1742 supera
1037 1705 1134 1732 arce
1166 1688 1287 1731 solec’
1332 1694 1373 1730 et
1416 1688 1478 1730 ‘se
1522 1691 1682 1729 exhibet

174 1774 299 1811 resque
331 1758 570 1802 leome'nzzm'.
634 1764 679 1801 at
710 1764 861 1801 auctor
893 1760 947 1800 ad
980 1759 1143 1800 Liviam
1185 1758 1329 1813 [158]:
1371 1763 1478 1799 lamec
1510 1761 1683 1797 animam

172 1843 243 1869 ore
279 1833 361 1880 pio.
415 1833 458 1870 et
488 1829 701 1870 Martialis
733 1829 775 1869 in
811 1828 1023 1870 antitheto
1056 1827 1321 1883 [V11,73,ss]
1366 1825 1567 1876 ‘quisquis
1599 1828 1682 1865 ‘ube'-

172 1911 248 1947 que
276 1901 450 1947 habitat,
489 1901 680 1947 Maxime,
722 1912 918 1948 nusquam
960 1894 1135 1937 lmbe'lat’
1173 1910 1223 1937 ac
1264 1909 1391 1949 porro
1434 1894 1507 1949 [X,
1541 1898 1607 1944 41,
1639 1893 1682 1947 4]

165 1964 245 2006 ‘nil
272 1970 368 2007 milei
398 1971 652 2017 respondes?
684 1992 736 1996 —
770 1970 901 2007 (licam
933 1980 1030 2017 eya:
1064 1973 1240 2016 praetor
1272 1961 1400 2005 eral'.

289 2035 440 2076 Restat
463 2039 508 2077 ut
530 2049 725 2077 enarrem
749 2035 971 2089 synizesim
993 2034 1036 2074 in
1058 2034 1207 2087 quinto
1226 2036 1399 2074 sextove
1418 2031 1683 2072 accidentem

174 2103 401 2156 semipede.
463 2104 582 2145 cuius
615 2104 801 2157 speciem
834 2106 1063 2156 utramque
1095 2106 1142 2143 ut
1174 2101 1347 2143 admisit
1378 2099 1588 2150 Catullus,
1623 2100 1684 2139 ita

173 2172 360 2225 priorem
391 2171 526 2213 habes
556 2172 673 2226 apud
703 2172 923 2213 Porcium:

359 2247 552 2290 quaeritis
578 2247 726 2291 ignem?
752 2246 803 2280 ite
828 2246 910 2279 huc.
960 2245 1160 2289 quaeritis?
1185 2245 1280 2288 ignis
1306 2244 1461 2285 homost,

174 2315 458 2368 posteriorem
489 2314 606 2369 apud
636 2314 851 2356 Tibullum
884 2314 945 2355 sic
978 2314 1027 2368 [I,
1058 2318 1096 2363 4,
1130 2313 1226 2366 56]:

381 2392 466 2433 post
492 2389 602 2423 etiam
629 2389 723 2423 collo
750 2400 788 2422 se
813 2388 1025 2432 inplicuisse
1050 2387 1150 2421 volet
1560 2435 1562 2437 Ι

175 2461 218 2498 et
249 2457 364 2511 apud
394 2457 665 2511 Propertium
697 2457 745 2511 [L
779 2461 814 2507 5,
849 2459 922 2507 323
956 2456 1028 2507 ΙΙΙ,
1063 2459 1099 2506 6,
1135 2460 1207 2506 103
1239 2454 1308 2505 IV,
1341 2458 1407 2505 22,
1443 2455 1535 2507 lo]:

381 2548 567 2580 quaerere.
616 2548 690 2570 non
716 2537 864 2580 impune
890 2536 951 2569 illa
980 2538 1110 2579 rogata
1133 2535 1243 2568 venit.

380 2594 583 2628 inmortalis
613 2605 686 2636 ero,
715 2594 744 2627 si
771 2593 885 2627 altera
910 2593 992 2626 talis
1023 2594 1102 2627 erit.

380 2651 556 2685 Herculis
580 2651 789 2694 Antaeique
820 2649 1139 2694 Hesperidumque
1165 2649 1308 2683 choros.

179 2720 264 2761 alia
296 2724 438 2760 autem
475 2719 706 2761 scabritiae
738 2719 837 2760 talis
872 2719 1067 2771 exempla
1102 2718 1201 2759 inde
1240 2717 1293 2758 ab
1324 2716 1507 2769 Augusti
1543 2719 1685 2756 aetate

177 2803 261 2828 non
293 2788 569 2841 reperiuntur
601 2787 878 2828 classicorum
910 2787 953 2826 in
984 2786 1118 2828 libris.
1170 2787 1328 2839 quippe
1356 2784 1465 2825 falso
1488 2783 1687 2836 probavit

177 2856 363 2896 Meierus
399 2856 442 2896 in
475 2855 612 2909 elegia
642 2855 694 2896 de
725 2855 975 2896 Maecenate
1008 2856 1122 2909 [loa
1159 2854 1227 2908 13]
1268 2853 1355 2893 tale
1397 2851 1459 2892 ‘tu
1497 2854 1686 2891 Caesaris

178 2927 270 2969 almi
315 2928 488 2966 dextera
525 2927 732 2966 Romanae
771 2931 809 2964 ec
848 2932 889 2964 ιιι
927 2926 1025 2975 veffl'l
1060 2925 1172 2964 urbis
1216 2919 1349 2963 eras'.
1411 2920 1523 2962 unde
1563 2919 1686 2973 quasi
