<?xml version="1.0" encoding="UTF-8"?>
<!DOCTYPE html PUBLIC "-//W3C//DTD XHTML 1.0 Transitional//EN"
    "http://www.w3.org/TR/xhtml1/DTD/xhtml1-transitional.dtd">
<html xmlns="http://www.w3.org/1999/xhtml" xml:lang="en" lang="en">
 <head>
  <title>
</title>
<meta http-equiv="Content-Type" content="text/html;charset=utf-8" />
  <meta name='ocr-system' content='tesseract 3.04.00' />
  <meta name='ocr-capabilities' content='ocr_page ocr_carea ocr_par ocr_line ocrx_word'/>
</head>
<body>
  <div class='ocr_page' id='page_1' title='image "./deremetricapoeta00mluoft_0089.png"; bbox 0 0 1898 3292; ppageno 0'>
   <div class='ocr_carea' id='block_1_1' title="bbox 772 215 1673 253">
    <p class='ocr_par' dir='ltr' id='par_1_1' title="bbox 772 215 1673 253">
     <span class='ocr_line' id='line_1_1' title="bbox 772 215 1673 253; baseline 0.008 -8"><span class='ocrx_word' id='word_1_1' title='bbox 772 221 892 245; x_wconf 73' lang='lat' dir='ltr'>LIBER</span> <span class='ocrx_word' id='word_1_2' title='bbox 910 221 1067 246; x_wconf 69' lang='lat' dir='ltr'><strong>PRIMVS</strong></span> <span class='ocrx_word' id='word_1_3' title='bbox 1622 215 1673 253; x_wconf 83' lang='lat'>69</span> 
     </span>
    </p>
   </div>
   <div class='ocr_carea' id='block_1_2' title="bbox 159 321 1674 2734">
    <p class='ocr_par' dir='ltr' id='par_1_2' title="bbox 300 321 1111 699">
     <span class='ocr_line' id='line_1_2' title="bbox 300 321 1010 365; baseline 0.001 -9"><span class='ocrx_word' id='word_1_4' title='bbox 300 321 413 357; x_wconf 86' lang='lat' dir='ltr'><strong>VIII.</strong></span> <span class='ocrx_word' id='word_1_5' title='bbox 439 323 475 355; x_wconf 88' lang='lat' dir='ltr'>in</span> <span class='ocrx_word' id='word_1_6' title='bbox 503 334 585 356; x_wconf 84' lang='lat' dir='ltr'>eum</span> <span class='ocrx_word' id='word_1_7' title='bbox 611 322 773 365; x_wconf 75' lang='lat' dir='ltr'>inruunt,</span> <span class='ocrx_word' id='word_1_8' title='bbox 799 323 1010 365; x_wconf 76' lang='lat' dir='ltr'>cachinnos,</span> 
     </span>
     <span class='ocr_line' id='line_1_3' title="bbox 439 379 915 423; baseline 0.002 -10"><span class='ocrx_word' id='word_1_9' title='bbox 439 380 530 422; x_wconf 82' lang='lat' dir='ltr'>ioca⁷</span> <span class='ocrx_word' id='word_1_10' title='bbox 559 379 658 413; x_wconf 82' lang='lat' dir='ltr'>dicta</span> <span class='ocrx_word' id='word_1_11' title='bbox 682 380 915 423; x_wconf 61' lang='lat' dir='ltr'>missitantes,</span> 
     </span>
     <span class='ocr_line' id='line_1_4' title="bbox 438 436 934 480; baseline 0.004 -11"><span class='ocrx_word' id='word_1_12' title='bbox 438 436 695 480; x_wconf 67' lang='lat' dir='ltr'>lasciviterque</span> <span class='ocrx_word' id='word_1_13' title='bbox 720 436 863 471; x_wconf 72' lang='lat' dir='ltr'>ludunt.</span> <span class='ocrx_word' id='word_1_14' title='bbox 889 456 934 461; x_wconf 54' lang='lat' dir='ltr'>n—</span> 
     </span>
     <span class='ocr_line' id='line_1_5' title="bbox 439 493 1111 538; baseline 0.001 -11"><span class='ocrx_word' id='word_1_15' title='bbox 439 493 623 528; x_wconf 89' lang='lat' dir='ltr'>Venerem</span> <span class='ocrx_word' id='word_1_16' title='bbox 648 494 761 538; x_wconf 82' lang='lat' dir='ltr'>igitur</span> <span class='ocrx_word' id='word_1_17' title='bbox 786 493 917 527; x_wconf 78' lang='lat' dir='ltr'>almam</span> <span class='ocrx_word' id='word_1_18' title='bbox 943 494 1111 537; x_wconf 69' lang='lat' dir='ltr'>adol-ans,</span> 
     </span>
     <span class='ocr_line' id='line_1_6' title="bbox 438 551 950 594; baseline -0.002 -9"><span class='ocrx_word' id='word_1_19' title='bbox 438 563 502 585; x_wconf 88' lang='lat' dir='ltr'>seu</span> <span class='ocrx_word' id='word_1_20' title='bbox 527 551 660 584; x_wconf 83' lang='lat' dir='ltr'>femina</span> <span class='ocrx_word' id='word_1_21' title='bbox 682 556 756 585; x_wconf 88' lang='lat' dir='ltr'>isve</span> <span class='ocrx_word' id='word_1_22' title='bbox 783 555 859 584; x_wconf 79' lang='lat' dir='ltr'>mas</span> <span class='ocrx_word' id='word_1_23' title='bbox 885 553 950 594; x_wconf 78' lang='lat' dir='ltr'>est,</span> 
     </span>
     <span class='ocr_line' id='line_1_7' title="bbox 436 607 1001 642; baseline -0.002 0"><span class='ocrx_word' id='word_1_24' title='bbox 436 609 488 642; x_wconf 80' lang='lat' dir='ltr'>ita</span> <span class='ocrx_word' id='word_1_25' title='bbox 514 612 555 642; x_wconf 89' lang='lat' dir='ltr'>ut</span> <span class='ocrx_word' id='word_1_26' title='bbox 577 608 659 642; x_wconf 81' lang='lat' dir='ltr'>alba</span> <span class='ocrx_word' id='word_1_27' title='bbox 686 607 931 642; x_wconf 75' lang='lat' dir='ltr'>Noctilucast.</span> <span class='ocrx_word' id='word_1_28' title='bbox 957 628 1001 632; x_wconf 97' lang='lat'><strong>—</strong></span> 
     </span>
     <span class='ocr_line' id='line_1_8' title="bbox 437 664 868 699; baseline -0.002 0"><span class='ocrx_word' id='word_1_29' title='bbox 437 677 518 699; x_wconf 88' lang='lat' dir='ltr'>mea</span> <span class='ocrx_word' id='word_1_30' title='bbox 543 664 701 699; x_wconf 78' lang='lat' dir='ltr'>Vatiena</span> <span class='ocrx_word' id='word_1_31' title='bbox 726 665 868 699; x_wconf 81' lang='lat' dir='ltr'>amabo.</span> 
     </span>
    </p>

    <p class='ocr_par' dir='ltr' id='par_1_3' title="bbox 341 721 915 824">
     <span class='ocr_line' id='line_1_9' title="bbox 341 721 915 767; baseline -0.002 -11"><span class='ocrx_word' id='word_1_32' title='bbox 341 722 409 756; x_wconf 89' lang='lat' dir='ltr'>IX.</span> <span class='ocrx_word' id='word_1_33' title='bbox 439 721 643 767; x_wconf 74' lang='lat' dir='ltr'>gracilenti&#39;</span> <span class='ocrx_word' id='word_1_34' title='bbox 672 722 845 756; x_wconf 78' lang='lat' dir='ltr'>colorem.</span> <span class='ocrx_word' id='word_1_35' title='bbox 872 742 915 746; x_wconf 83' lang='lat'>-—</span> 
     </span>
     <span class='ocr_line' id='line_1_10' title="bbox 438 779 866 824; baseline -0.002 -11"><span class='ocrx_word' id='word_1_36' title='bbox 438 782 483 813; x_wconf 81' lang='lat' dir='ltr'>ex</span> <span class='ocrx_word' id='word_1_37' title='bbox 507 780 580 813; x_wconf 77' lang='lat' dir='ltr'>hoo</span> <span class='ocrx_word' id='word_1_38' title='bbox 605 779 787 824; x_wconf 78' lang='lat' dir='ltr'>gracilens</span> <span class='ocrx_word' id='word_1_39' title='bbox 813 779 866 813; x_wconf 71' lang='lat' dir='ltr'>fit.</span> 
     </span>
    </p>

    <p class='ocr_par' dir='ltr' id='par_1_4' title="bbox 367 836 1672 1110">
     <span class='ocr_line' id='line_1_11' title="bbox 367 836 1671 881; baseline 0 -10"><span class='ocrx_word' id='word_1_40' title='bbox 367 837 412 871; x_wconf 86' lang='lat' dir='ltr'>X.</span> <span class='ocrx_word' id='word_1_41' title='bbox 440 837 566 871; x_wconf 76' lang='lat' dir='ltr'>Venus</span> <span class='ocrx_word' id='word_1_42' title='bbox 600 836 734 870; x_wconf 83' lang='lat' dir='ltr'>amoris</span> <span class='ocrx_word' id='word_1_43' title='bbox 773 836 900 879; x_wconf 64' lang='lat' dir='ltr'>altrix,</span> <span class='ocrx_word' id='word_1_44' title='bbox 946 839 1116 881; x_wconf 77' lang='lat' dir='ltr'>genetrix</span> <span class='ocrx_word' id='word_1_45' title='bbox 1153 837 1413 880; x_wconf 62' lang='lat' dir='ltr'>c[11)1JitlitatiS‚</span> <span class='ocrx_word' id='word_1_46' title='bbox 1456 837 1544 870; x_wconf 82' lang='lat' dir='ltr'>mihi</span> <span class='ocrx_word' id='word_1_47' title='bbox 1581 842 1671 881; x_wconf 71' lang='lat' dir='ltr'>quae</span> 
     </span>
     <span class='ocr_line' id='line_1_12' title="bbox 437 893 1672 938; baseline 0 -10"><span class='ocrx_word' id='word_1_48' title='bbox 437 894 534 928; x_wconf 80' lang='lat' dir='ltr'>diem</span> <span class='ocrx_word' id='word_1_49' title='bbox 559 896 728 928; x_wconf 72' lang='lat' dir='ltr'>serenum</span> <span class='ocrx_word' id='word_1_50' title='bbox 752 893 906 928; x_wconf 83' lang='lat' dir='ltr'>hilarula</span> <span class='ocrx_word' id='word_1_51' title='bbox 931 893 1182 938; x_wconf 69' lang='lat' dir='ltr'>praepandere</span> <span class='ocrx_word' id='word_1_52' title='bbox 1209 895 1319 928; x_wconf 73' lang='lat' dir='ltr'>oresti</span> <span class='ocrx_word' id='word_1_53' title='bbox 1354 895 1550 938; x_wconf 61' lang='lat' dir='ltr'>Opseculae</span> <span class='ocrx_word' id='word_1_54' title='bbox 1588 898 1672 929; x_wconf 80' lang='lat' dir='ltr'>tuae</span> 
     </span>
     <span class='ocr_line' id='line_1_13' title="bbox 437 951 1419 994; baseline -0.001 -9"><span class='ocrx_word' id='word_1_55' title='bbox 437 955 478 985; x_wconf 78' lang='lat' dir='ltr'>ao</span> <span class='ocrx_word' id='word_1_56' title='bbox 503 951 704 994; x_wconf 64' lang='lat' dir='ltr'>ministrae,</span> <span class='ocrx_word' id='word_1_57' title='bbox 1416 951 1419 953; x_wconf 75' lang='grc'><strong>’</strong></span> 
     </span>
     <span class='ocr_line' id='line_1_14' title="bbox 436 1008 1671 1053; baseline 0.001 -11"><span class='ocrx_word' id='word_1_58' title='bbox 436 1011 504 1042; x_wconf 74' lang='lat' dir='ltr'>etsi</span> <span class='ocrx_word' id='word_1_59' title='bbox 532 1008 722 1052; x_wconf 78' lang='lat' dir='ltr'>nutiquam</span> <span class='ocrx_word' id='word_1_60' title='bbox 743 1008 829 1052; x_wconf 78' lang='lat' dir='ltr'>quid</span> <span class='ocrx_word' id='word_1_61' title='bbox 848 1008 944 1042; x_wconf 82' lang='lat' dir='ltr'>foret</span> <span class='ocrx_word' id='word_1_62' title='bbox 961 1010 1114 1052; x_wconf 56' lang='lat' dir='ltr'>experta</span> <span class='ocrx_word' id='word_1_63' title='bbox 1129 1014 1250 1053; x_wconf 79' lang='lat' dir='ltr'>gravis</span> <span class='ocrx_word' id='word_1_64' title='bbox 1268 1008 1358 1042; x_wconf 77' lang='lat' dir='ltr'>dura</span> <span class='ocrx_word' id='word_1_65' title='bbox 1377 1009 1453 1043; x_wconf 79' lang='lat' dir='ltr'>fora</span> <span class='ocrx_word' id='word_1_66' title='bbox 1471 1012 1671 1053; x_wconf 72' lang='lat' dir='ltr'>asperaque</span> 
     </span>
     <span class='ocr_line' id='line_1_15' title="bbox 436 1065 1431 1110; baseline 0.001 -11"><span class='ocrx_word' id='word_1_67' title='bbox 436 1065 616 1108; x_wconf 72' lang='lat' dir='ltr'>famultas,</span> <span class='ocrx_word' id='word_1_68' title='bbox 642 1068 748 1110; x_wconf 81' lang='lat' dir='ltr'>potui</span> <span class='ocrx_word' id='word_1_69' title='bbox 774 1065 937 1099; x_wconf 80' lang='lat' dir='ltr'>dominio</span> <span class='ocrx_word' id='word_1_70' title='bbox 964 1077 1032 1109; x_wconf 79' lang='lat' dir='ltr'>ego</span> <span class='ocrx_word' id='word_1_71' title='bbox 1062 1069 1230 1110; x_wconf 77' lang='lat' dir='ltr'>accipere</span> <span class='ocrx_word' id='word_1_72' title='bbox 1258 1067 1431 1110; x_wconf 78' lang='lat' dir='ltr'>superbo.</span> 
     </span>
    </p>

    <p class='ocr_par' dir='ltr' id='par_1_5' title="bbox 159 1145 1673 1806">
     <span class='ocr_line' id='line_1_16' title="bbox 278 1145 1672 1199; baseline 0.001 -13"><span class='ocrx_word' id='word_1_73' title='bbox 278 1146 445 1188; x_wconf 79' lang='lat' dir='ltr'>Omissa</span> <span class='ocrx_word' id='word_1_74' title='bbox 477 1149 620 1187; x_wconf 89' lang='lat' dir='ltr'>autem</span> <span class='ocrx_word' id='word_1_75' title='bbox 653 1159 678 1187; x_wconf 89' lang='lat' dir='ltr'>a</span> <span class='ocrx_word' id='word_1_76' title='bbox 708 1160 775 1187; x_wconf 86' lang='lat' dir='ltr'>me</span> <span class='ocrx_word' id='word_1_77' title='bbox 808 1145 1031 1197; x_wconf 81' lang='lat' dir='ltr'>nonnulla,</span> <span class='ocrx_word' id='word_1_78' title='bbox 1073 1160 1255 1199; x_wconf 86' lang='lat' dir='ltr'>quorum</span> <span class='ocrx_word' id='word_1_79' title='bbox 1287 1146 1338 1187; x_wconf 90' lang='lat' dir='ltr'>de</span> <span class='ocrx_word' id='word_1_80' title='bbox 1371 1147 1558 1188; x_wconf 88' lang='lat' dir='ltr'>numeris</span> <span class='ocrx_word' id='word_1_81' title='bbox 1591 1148 1672 1188; x_wconf 80' lang='lat' dir='ltr'>etsi</span> 
     </span>
     <span class='ocr_line' id='line_1_17' title="bbox 160 1214 1671 1268; baseline -0.001 -11"><span class='ocrx_word' id='word_1_82' title='bbox 160 1230 243 1257; x_wconf 88' lang='lat' dir='ltr'>non</span> <span class='ocrx_word' id='word_1_83' title='bbox 294 1215 400 1256; x_wconf 86' lang='lat' dir='ltr'>satis</span> <span class='ocrx_word' id='word_1_84' title='bbox 445 1217 614 1255; x_wconf 88' lang='lat' dir='ltr'>constat</span> <span class='ocrx_word' id='word_1_85' title='bbox 654 1218 799 1255; x_wconf 84' lang='lat' dir='ltr'>tamen</span> <span class='ocrx_word' id='word_1_86' title='bbox 842 1228 1040 1267; x_wconf 86' lang='lat' dir='ltr'>promere</span> <span class='ocrx_word' id='word_1_87' title='bbox 1086 1215 1300 1268; x_wconf 78' lang='lat' dir='ltr'>quaedam</span> <span class='ocrx_word' id='word_1_88' title='bbox 1345 1214 1463 1256; x_wconf 85' lang='lat' dir='ltr'>haud</span> <span class='ocrx_word' id='word_1_89' title='bbox 1508 1216 1671 1256; x_wconf 87' lang='lat' dir='ltr'>inutile.</span> 
     </span>
     <span class='ocr_line' id='line_1_18' title="bbox 160 1283 1672 1337; baseline 0 -12"><span class='ocrx_word' id='word_1_90' title='bbox 160 1285 292 1325; x_wconf 87' lang='lat' dir='ltr'>veluti</span> <span class='ocrx_word' id='word_1_91' title='bbox 315 1283 429 1337; x_wconf 90' lang='lat' dir='ltr'>quod</span> <span class='ocrx_word' id='word_1_92' title='bbox 452 1283 740 1336; x_wconf 77' lang='lat' dir='ltr'>fragmentum</span> <span class='ocrx_word' id='word_1_93' title='bbox 773 1298 797 1324; x_wconf 90' lang='lat' dir='ltr'>a</span> <span class='ocrx_word' id='word_1_94' title='bbox 819 1283 1039 1325; x_wconf 86' lang='lat' dir='ltr'>Prisciano</span> <span class='ocrx_word' id='word_1_95' title='bbox 1070 1297 1137 1337; x_wconf 80' lang='lat' dir='ltr'>pg.</span> <span class='ocrx_word' id='word_1_96' title='bbox 1157 1287 1238 1325; x_wconf 68' lang='lat'>809</span> <span class='ocrx_word' id='word_1_97' title='bbox 1272 1283 1451 1325; x_wconf 86' lang='lat' dir='ltr'>citatum</span> <span class='ocrx_word' id='word_1_98' title='bbox 1483 1288 1672 1335; x_wconf 70' lang='lat' dir='ltr'>cupidius</span> 
     </span>
     <span class='ocr_line' id='line_1_19' title="bbox 159 1351 1670 1406; baseline -0.001 -12"><span class='ocrx_word' id='word_1_99' title='bbox 159 1357 350 1394; x_wconf 69' lang='lat' dir='ltr'>miseralo</span> <span class='ocrx_word' id='word_1_100' title='bbox 393 1355 497 1393; x_wconf 76' lang='lat' dir='ltr'>obito</span> <span class='ocrx_word' id='word_1_101' title='bbox 547 1351 681 1393; x_wconf 87' lang='lat' dir='ltr'>habet</span> <span class='ocrx_word' id='word_1_102' title='bbox 724 1351 871 1393; x_wconf 88' lang='lat' dir='ltr'>decem</span> <span class='ocrx_word' id='word_1_103' title='bbox 914 1352 1118 1406; x_wconf 76' lang='lat' dir='ltr'>syllabas,</span> <span class='ocrx_word' id='word_1_104' title='bbox 1175 1352 1318 1405; x_wconf 86' lang='lat' dir='ltr'>potuit</span> <span class='ocrx_word' id='word_1_105' title='bbox 1363 1366 1414 1393; x_wconf 83' lang='lat' dir='ltr'>ea</span> <span class='ocrx_word' id='word_1_106' title='bbox 1452 1367 1521 1393; x_wconf 89' lang='lat' dir='ltr'>res</span> <span class='ocrx_word' id='word_1_107' title='bbox 1568 1368 1670 1393; x_wconf 79' lang='lat' dir='ltr'>casu</span> 
     </span>
     <span class='ocr_line' id='line_1_20' title="bbox 159 1420 1670 1475; baseline 0 -14"><span class='ocrx_word' id='word_1_108' title='bbox 159 1421 275 1472; x_wconf 83' lang='lat' dir='ltr'>fieri,</span> <span class='ocrx_word' id='word_1_109' title='bbox 333 1420 476 1474; x_wconf 81' lang='lat' dir='ltr'>potuit</span> <span class='ocrx_word' id='word_1_110' title='bbox 521 1424 666 1461; x_wconf 84' lang='lat' dir='ltr'>tamen</span> <span class='ocrx_word' id='word_1_111' title='bbox 721 1420 828 1461; x_wconf 89' lang='lat' dir='ltr'>illud</span> <span class='ocrx_word' id='word_1_112' title='bbox 871 1425 963 1462; x_wconf 86' lang='lat' dir='ltr'>esse</span> <span class='ocrx_word' id='word_1_113' title='bbox 1015 1434 1066 1461; x_wconf 87' lang='lat' dir='ltr'>ex</span> <span class='ocrx_word' id='word_1_114' title='bbox 1116 1420 1402 1475; x_wconf 69' lang='lat' dir='ltr'>decasyllabis</span> <span class='ocrx_word' id='word_1_115' title='bbox 1463 1421 1670 1471; x_wconf 62' lang='lat' dir='ltr'>versibus⁷</span> 
     </span>
     <span class='ocr_line' id='line_1_21' title="bbox 162 1488 1673 1544; baseline -0.001 -13"><span class='ocrx_word' id='word_1_116' title='bbox 162 1504 344 1544; x_wconf 87' lang='lat' dir='ltr'>quorum</span> <span class='ocrx_word' id='word_1_117' title='bbox 385 1488 512 1542; x_wconf 88' lang='lat' dir='ltr'>plura</span> <span class='ocrx_word' id='word_1_118' title='bbox 552 1502 577 1529; x_wconf 90' lang='lat' dir='ltr'>a</span> <span class='ocrx_word' id='word_1_119' title='bbox 617 1488 775 1530; x_wconf 86' lang='lat' dir='ltr'>Laevio</span> <span class='ocrx_word' id='word_1_120' title='bbox 821 1502 980 1542; x_wconf 80' lang='lat' dir='ltr'>genera</span> <span class='ocrx_word' id='word_1_121' title='bbox 1025 1488 1219 1530; x_wconf 81' lang='lat' dir='ltr'>adhibita</span> <span class='ocrx_word' id='word_1_122' title='bbox 1268 1489 1548 1543; x_wconf 86' lang='lat' dir='ltr'>probabilest.</span> <span class='ocrx_word' id='word_1_123' title='bbox 1618 1490 1673 1530; x_wconf 83' lang='lat' dir='ltr'>ad</span> 
     </span>
     <span class='ocr_line' id='line_1_22' title="bbox 162 1557 1671 1611; baseline -0.001 -12"><span class='ocrx_word' id='word_1_124' title='bbox 162 1558 333 1599; x_wconf 89' lang='lat' dir='ltr'>eosdem</span> <span class='ocrx_word' id='word_1_125' title='bbox 361 1561 506 1599; x_wconf 85' lang='lat' dir='ltr'>tamen</span> <span class='ocrx_word' id='word_1_126' title='bbox 536 1571 620 1598; x_wconf 89' lang='lat' dir='ltr'>non</span> <span class='ocrx_word' id='word_1_127' title='bbox 651 1557 756 1598; x_wconf 90' lang='lat' dir='ltr'>satis</span> <span class='ocrx_word' id='word_1_128' title='bbox 790 1561 959 1599; x_wconf 86' lang='lat' dir='ltr'>constat</span> <span class='ocrx_word' id='word_1_129' title='bbox 989 1557 1232 1599; x_wconf 82' lang='lat' dir='ltr'>revocanda</span> <span class='ocrx_word' id='word_1_130' title='bbox 1263 1557 1349 1609; x_wconf 76' lang='lat' dir='ltr'>illa,</span> <span class='ocrx_word' id='word_1_131' title='bbox 1382 1572 1493 1611; x_wconf 85' lang='lat' dir='ltr'>quae</span> <span class='ocrx_word' id='word_1_132' title='bbox 1524 1558 1671 1611; x_wconf 79' lang='lat' dir='ltr'>legun-</span> 
     </span>
     <span class='ocr_line' id='line_1_23' title="bbox 160 1626 1672 1680; baseline 0 -12"><span class='ocrx_word' id='word_1_133' title='bbox 160 1632 231 1669; x_wconf 86' lang='lat' dir='ltr'>tur</span> <span class='ocrx_word' id='word_1_134' title='bbox 251 1627 411 1668; x_wconf 79' lang='lat' dir='ltr'>ibidem</span> <span class='ocrx_word' id='word_1_135' title='bbox 442 1633 558 1667; x_wconf 76' lang='lat' dir='ltr'>nocte</span> <span class='ocrx_word' id='word_1_136' title='bbox 593 1629 737 1677; x_wconf 72' lang='lat' dir='ltr'>dieque</span> <span class='ocrx_word' id='word_1_137' title='bbox 769 1630 975 1667; x_wconf 68' lang='lat' dir='ltr'>decretum</span> <span class='ocrx_word' id='word_1_138' title='bbox 1004 1634 1041 1667; x_wconf 78' lang='lat' dir='ltr'>ec</span> <span class='ocrx_word' id='word_1_139' title='bbox 1069 1634 1241 1668; x_wconf 69' lang='lat' dir='ltr'>auctum.</span> <span class='ocrx_word' id='word_1_140' title='bbox 1295 1627 1368 1668; x_wconf 91' lang='lat' dir='ltr'>ubi</span> <span class='ocrx_word' id='word_1_141' title='bbox 1391 1626 1426 1667; x_wconf 88' lang='lat' dir='ltr'>si</span> <span class='ocrx_word' id='word_1_142' title='bbox 1449 1627 1672 1680; x_wconf 76' lang='lat' dir='ltr'>scripseris</span> 
     </span>
     <span class='ocr_line' id='line_1_24' title="bbox 160 1694 1670 1750; baseline 0 -14"><span class='ocrx_word' id='word_1_143' title='bbox 160 1703 292 1745; x_wconf 71' lang='lat' dir='ltr'>noctu,</span> <span class='ocrx_word' id='word_1_144' title='bbox 323 1696 460 1737; x_wconf 90' lang='lat' dir='ltr'>oritur</span> <span class='ocrx_word' id='word_1_145' title='bbox 491 1694 735 1748; x_wconf 87' lang='lat' dir='ltr'>duplicatus</span> <span class='ocrx_word' id='word_1_146' title='bbox 765 1699 1030 1736; x_wconf 85' lang='lat' dir='ltr'>monometer</span> <span class='ocrx_word' id='word_1_147' title='bbox 1050 1695 1261 1737; x_wconf 75' lang='lat' dir='ltr'>iambicus</span> <span class='ocrx_word' id='word_1_148' title='bbox 1284 1695 1670 1750; x_wconf 77' lang='lat' dir='ltr'>hypercatalectus,</span> 
     </span>
     <span class='ocr_line' id='line_1_25' title="bbox 159 1763 1225 1806; baseline 0 -1"><span class='ocrx_word' id='word_1_149' title='bbox 159 1765 369 1806; x_wconf 73' lang='lat' dir='ltr'>incertum</span> <span class='ocrx_word' id='word_1_150' title='bbox 401 1778 456 1805; x_wconf 89' lang='lat' dir='ltr'>an</span> <span class='ocrx_word' id='word_1_151' title='bbox 486 1763 530 1804; x_wconf 87' lang='lat' dir='ltr'>in</span> <span class='ocrx_word' id='word_1_152' title='bbox 560 1763 667 1804; x_wconf 91' lang='lat' dir='ltr'>duos</span> <span class='ocrx_word' id='word_1_153' title='bbox 699 1764 931 1805; x_wconf 83' lang='lat' dir='ltr'>versiculos</span> <span class='ocrx_word' id='word_1_154' title='bbox 960 1763 1225 1805; x_wconf 89' lang='lat' dir='ltr'>dividendus.</span> 
     </span>
    </p>

    <p class='ocr_par' dir='ltr' id='par_1_6' title="bbox 161 1831 1672 2012">
     <span class='ocr_line' id='line_1_26' title="bbox 275 1831 1672 1887; baseline -0.001 -13"><span class='ocrx_word' id='word_1_155' title='bbox 275 1833 409 1874; x_wconf 88' lang='lat' dir='ltr'>Porro</span> <span class='ocrx_word' id='word_1_156' title='bbox 446 1832 489 1873; x_wconf 90' lang='lat' dir='ltr'>in</span> <span class='ocrx_word' id='word_1_157' title='bbox 525 1831 667 1873; x_wconf 87' lang='lat' dir='ltr'>verbis</span> <span class='ocrx_word' id='word_1_158' title='bbox 702 1846 728 1873; x_wconf 87' lang='lat' dir='ltr'>a</span> <span class='ocrx_word' id='word_1_159' title='bbox 759 1832 976 1874; x_wconf 80' lang='lat' dir='ltr'>Frontone</span> <span class='ocrx_word' id='word_1_160' title='bbox 1008 1846 1076 1887; x_wconf 81' lang='lat' dir='ltr'>pg.</span> <span class='ocrx_word' id='word_1_161' title='bbox 1114 1836 1162 1873; x_wconf 79' lang='lat'>13</span> <span class='ocrx_word' id='word_1_162' title='bbox 1200 1832 1263 1874; x_wconf 91' lang='lat' dir='ltr'>ed.</span> <span class='ocrx_word' id='word_1_163' title='bbox 1297 1832 1459 1874; x_wconf 83' lang='lat' dir='ltr'>Naberi</span> <span class='ocrx_word' id='word_1_164' title='bbox 1492 1833 1672 1874; x_wconf 81' lang='lat' dir='ltr'>servatis</span> 
     </span>
     <span class='ocr_line' id='line_1_27' title="bbox 161 1901 1668 1955; baseline 0 -13"><span class='ocrx_word' id='word_1_165' title='bbox 161 1905 274 1942; x_wconf 73' lang='lat' dir='ltr'>nulla</span> <span class='ocrx_word' id='word_1_166' title='bbox 321 1904 510 1952; x_wconf 74' lang='lat' dir='ltr'>decipula</span> <span class='ocrx_word' id='word_1_167' title='bbox 555 1907 635 1941; x_wconf 80' lang='lat' dir='ltr'>tam</span> <span class='ocrx_word' id='word_1_168' title='bbox 681 1904 901 1950; x_wconf 69' lang='lat' dir='ltr'>insidiosa,</span> <span class='ocrx_word' id='word_1_169' title='bbox 948 1902 982 1943; x_wconf 92' lang='lat' dir='ltr'>si</span> <span class='ocrx_word' id='word_1_170' title='bbox 1026 1901 1225 1955; x_wconf 86' lang='lat' dir='ltr'>copulam</span> <span class='ocrx_word' id='word_1_171' title='bbox 1270 1901 1489 1942; x_wconf 80' lang='lat' dir='ltr'>addideris</span> <span class='ocrx_word' id='word_1_172' title='bbox 1531 1901 1668 1951; x_wconf 74' lang='lat' dir='ltr'>alteri,</span> 
     </span>
     <span class='ocr_line' id='line_1_28' title="bbox 163 1964 651 2012; baseline 0 -1"><span class='ocrx_word' id='word_1_173' title='bbox 163 1970 300 2012; x_wconf 86' lang='lat' dir='ltr'>oritur</span> <span class='ocrx_word' id='word_1_174' title='bbox 330 1964 516 2011; x_wconf 83' lang='lat' dir='ltr'>metrum</span> <span class='ocrx_word' id='word_1_175' title='bbox 546 1969 651 2011; x_wconf 89' lang='lat' dir='ltr'>hoc:</span> 
     </span>
    </p>

    <p class='ocr_par' dir='ltr' id='par_1_7' title="bbox 161 2037 1673 2230">
     <span class='ocr_line' id='line_1_29' title="bbox 573 2037 1215 2082; baseline 0.002 -11"><span class='ocrx_word' id='word_1_176' title='bbox 573 2037 671 2072; x_wconf 78' lang='lat' dir='ltr'>nulla</span> <span class='ocrx_word' id='word_1_177' title='bbox 697 2038 904 2082; x_wconf 73' lang='lat' dir='ltr'>decipulast</span> <span class='ocrx_word' id='word_1_178' title='bbox 930 2041 1005 2072; x_wconf 87' lang='lat' dir='ltr'>tam</span> <span class='ocrx_word' id='word_1_179' title='bbox 1029 2038 1215 2072; x_wconf 82' lang='lat' dir='ltr'>insidiosa.</span> 
     </span>
     <span class='ocr_line' id='line_1_30' title="bbox 162 2106 1673 2161; baseline 0 -13"><span class='ocrx_word' id='word_1_180' title='bbox 162 2107 278 2160; x_wconf 87' lang='lat' dir='ltr'>quod</span> <span class='ocrx_word' id='word_1_181' title='bbox 310 2107 499 2161; x_wconf 83' lang='lat' dir='ltr'>spondeo</span> <span class='ocrx_word' id='word_1_182' title='bbox 532 2108 575 2148; x_wconf 91' lang='lat' dir='ltr'>in</span> <span class='ocrx_word' id='word_1_183' title='bbox 606 2107 731 2149; x_wconf 90' lang='lat' dir='ltr'>basin</span> <span class='ocrx_word' id='word_1_184' title='bbox 761 2110 935 2161; x_wconf 83' lang='lat' dir='ltr'>recepto</span> <span class='ocrx_word' id='word_1_185' title='bbox 968 2106 1218 2160; x_wconf 78' lang='lat' dir='ltr'>frequenter</span> <span class='ocrx_word' id='word_1_186' title='bbox 1250 2107 1487 2149; x_wconf 79' lang='lat' dir='ltr'>adhibuere</span> <span class='ocrx_word' id='word_1_187' title='bbox 1519 2111 1673 2161; x_wconf 85' lang='lat' dir='ltr'>poetae</span> 
     </span>
     <span class='ocr_line' id='line_1_31' title="bbox 161 2176 695 2230; baseline 0 -13"><span class='ocrx_word' id='word_1_188' title='bbox 161 2176 409 2217; x_wconf 88' lang='lat' dir='ltr'>ultimorum</span> <span class='ocrx_word' id='word_1_189' title='bbox 441 2180 695 2230; x_wconf 87' lang='lat' dir='ltr'>temporum.</span> 
     </span>
    </p>

    <p class='ocr_par' dir='ltr' id='par_1_8' title="bbox 161 2244 1674 2628">
     <span class='ocr_line' id='line_1_32' title="bbox 279 2244 1671 2299; baseline -0.001 -14"><span class='ocrx_word' id='word_1_190' title='bbox 279 2244 474 2297; x_wconf 86' lang='lat' dir='ltr'>Denique</span> <span class='ocrx_word' id='word_1_191' title='bbox 497 2258 591 2286; x_wconf 89' lang='lat' dir='ltr'>cum</span> <span class='ocrx_word' id='word_1_192' title='bbox 614 2259 640 2286; x_wconf 85' lang='lat' dir='ltr'>a</span> <span class='ocrx_word' id='word_1_193' title='bbox 661 2244 883 2286; x_wconf 88' lang='lat' dir='ltr'>Macrobio</span> <span class='ocrx_word' id='word_1_194' title='bbox 909 2244 976 2294; x_wconf 88' lang='lat' dir='ltr'>VI,</span> <span class='ocrx_word' id='word_1_195' title='bbox 1001 2248 1023 2286; x_wconf 82' lang='lat'>5</span> <span class='ocrx_word' id='word_1_196' title='bbox 1047 2244 1153 2299; x_wconf 81' lang='grc'>[10],</span> <span class='ocrx_word' id='word_1_197' title='bbox 1185 2248 1233 2286; x_wconf 90' lang='lat' dir='ltr'>ut</span> <span class='ocrx_word' id='word_1_198' title='bbox 1263 2244 1471 2298; x_wconf 86' lang='lat' dir='ltr'>probaret</span> <span class='ocrx_word' id='word_1_199' title='bbox 1494 2244 1671 2285; x_wconf 86' lang='lat' dir='ltr'>adiecti-</span> 
     </span>
     <span class='ocr_line' id='line_1_33' title="bbox 162 2312 1672 2367; baseline 0.001 -14"><span class='ocrx_word' id='word_1_200' title='bbox 162 2327 260 2353; x_wconf 89' lang='lat' dir='ltr'>vum</span> <span class='ocrx_word' id='word_1_201' title='bbox 302 2327 328 2353; x_wconf 88' lang='lat' dir='ltr'>a</span> <span class='ocrx_word' id='word_1_202' title='bbox 358 2312 547 2366; x_wconf 83' lang='lat' dir='ltr'>Vergilio</span> <span class='ocrx_word' id='word_1_203' title='bbox 582 2314 684 2354; x_wconf 89' lang='lat' dir='ltr'>Aen.</span> <span class='ocrx_word' id='word_1_204' title='bbox 716 2313 753 2363; x_wconf 77' lang='lat'>1,</span> <span class='ocrx_word' id='word_1_205' title='bbox 788 2316 869 2354; x_wconf 79' lang='lat'>224</span> <span class='ocrx_word' id='word_1_206' title='bbox 910 2313 1170 2363; x_wconf 81' lang='lat' dir='ltr'>adhibitum,</span> <span class='ocrx_word' id='word_1_207' title='bbox 1214 2313 1328 2367; x_wconf 91' lang='lat' dir='ltr'>quod</span> <span class='ocrx_word' id='word_1_208' title='bbox 1367 2317 1432 2354; x_wconf 87' lang='lat' dir='ltr'>est</span> <span class='ocrx_word' id='word_1_209' title='bbox 1471 2316 1672 2361; x_wconf 63' lang='lat' dir='ltr'>velivolzw,</span> 
     </span>
     <span class='ocr_line' id='line_1_34' title="bbox 161 2380 1673 2436; baseline 0 -15"><span class='ocrx_word' id='word_1_210' title='bbox 161 2381 300 2434; x_wconf 84' lang='lat' dir='ltr'>primo</span> <span class='ocrx_word' id='word_1_211' title='bbox 339 2381 434 2422; x_wconf 84' lang='lat' dir='ltr'>loco</span> <span class='ocrx_word' id='word_1_212' title='bbox 472 2382 671 2436; x_wconf 87' lang='lat' dir='ltr'>apposita</span> <span class='ocrx_word' id='word_1_213' title='bbox 708 2382 794 2422; x_wconf 90' lang='lat' dir='ltr'>sint</span> <span class='ocrx_word' id='word_1_214' title='bbox 830 2382 959 2422; x_wconf 84' lang='lat' dir='ltr'>haec:</span> <span class='ocrx_word' id='word_1_215' title='bbox 998 2384 1134 2422; x_wconf 69' lang='lat' dir='ltr'>Livius</span> <span class='ocrx_word' id='word_1_216' title='bbox 1169 2382 1360 2436; x_wconf 65' lang='lat' dir='ltr'>(Laevius</span> <span class='ocrx_word' id='word_1_217' title='bbox 1392 2380 1673 2434; x_wconf 80' lang='lat' dir='ltr'>Ribbeckius)</span> 
     </span>
     <span class='ocr_line' id='line_1_35' title="bbox 164 2448 1674 2501; baseline 0 -12"><span class='ocrx_word' id='word_1_218' title='bbox 164 2453 205 2489; x_wconf 81' lang='grc' dir='ltr'><em>ιή</em></span> <span class='ocrx_word' id='word_1_219' title='bbox 236 2452 413 2491; x_wconf 76' lang='lat' dir='ltr'>Helena.-</span> <span class='ocrx_word' id='word_1_220' title='bbox 457 2448 519 2490; x_wconf 75' lang='lat' dir='ltr'>‘lu</span> <span class='ocrx_word' id='word_1_221' title='bbox 551 2453 619 2501; x_wconf 69' lang='lat' dir='ltr'>qui</span> <span class='ocrx_word' id='word_1_222' title='bbox 649 2464 894 2501; x_wconf 71' lang='lat' dir='ltr'>permensus</span> <span class='ocrx_word' id='word_1_223' title='bbox 925 2453 1044 2500; x_wconf 73' lang='lat' dir='ltr'>ponti</span> <span class='ocrx_word' id='word_1_224' title='bbox 1074 2453 1207 2491; x_wconf 73' lang='lat' dir='ltr'>marla</span> <span class='ocrx_word' id='word_1_225' title='bbox 1239 2454 1322 2491; x_wconf 74' lang='lat' dir='ltr'>alta</span> <span class='ocrx_word' id='word_1_226' title='bbox 1352 2448 1558 2498; x_wconf 68' lang='lat' dir='ltr'>velivola’,</span> <span class='ocrx_word' id='word_1_227' title='bbox 1591 2464 1674 2490; x_wconf 88' lang='lat' dir='ltr'>non</span> 
     </span>
     <span class='ocr_line' id='line_1_36' title="bbox 162 2517 1673 2572; baseline 0 -14"><span class='ocrx_word' id='word_1_228' title='bbox 162 2517 356 2571; x_wconf 88' lang='lat' dir='ltr'>paenitet</span> <span class='ocrx_word' id='word_1_229' title='bbox 394 2518 567 2571; x_wconf 86' lang='lat' dir='ltr'>quidem</span> <span class='ocrx_word' id='word_1_230' title='bbox 607 2518 722 2571; x_wconf 88' lang='lat' dir='ltr'>quod</span> <span class='ocrx_word' id='word_1_231' title='bbox 763 2518 863 2559; x_wconf 88' lang='lat' dir='ltr'>olim</span> <span class='ocrx_word' id='word_1_232' title='bbox 904 2518 1178 2559; x_wconf 83' lang='lat' dir='ltr'>hexametros</span> <span class='ocrx_word' id='word_1_233' title='bbox 1218 2518 1484 2560; x_wconf 86' lang='lat' dir='ltr'>restituimus</span> <span class='ocrx_word' id='word_1_234' title='bbox 1528 2518 1673 2572; x_wconf 86' lang='lat' dir='ltr'>dacty-</span> 
     </span>
     <span class='ocr_line' id='line_1_37' title="bbox 162 2586 386 2628; baseline 0.009 -2"><span class='ocrx_word' id='word_1_235' title='bbox 162 2586 268 2627; x_wconf 85' lang='lat' dir='ltr'>licos</span> <span class='ocrx_word' id='word_1_236' title='bbox 300 2586 386 2628; x_wconf 90' lang='lat' dir='ltr'>sic:</span> 
     </span>
    </p>

    <p class='ocr_par' dir='ltr' id='par_1_9' title="bbox 470 2644 1361 2734">
     <span class='ocr_line' id='line_1_38' title="bbox 473 2644 1361 2688; baseline -0.001 -11"><span class='ocrx_word' id='word_1_237' title='bbox 473 2646 512 2677; x_wconf 90' lang='lat' dir='ltr'>tu</span> <span class='ocrx_word' id='word_1_238' title='bbox 539 2644 600 2687; x_wconf 88' lang='lat' dir='ltr'>qui</span> <span class='ocrx_word' id='word_1_239' title='bbox 626 2655 841 2687; x_wconf 85' lang='lat' dir='ltr'>permensus</span> <span class='ocrx_word' id='word_1_240' title='bbox 868 2644 971 2688; x_wconf 84' lang='lat' dir='ltr'>ponti</span> <span class='ocrx_word' id='word_1_241' title='bbox 1001 2644 1115 2678; x_wconf 84' lang='lat' dir='ltr'>maria</span> <span class='ocrx_word' id='word_1_242' title='bbox 1140 2644 1213 2677; x_wconf 86' lang='lat' dir='ltr'>alta</span> <span class='ocrx_word' id='word_1_243' title='bbox 1240 2644 1361 2678; x_wconf 79' lang='lat' dir='ltr'>carina</span> 
     </span>
     <span class='ocr_line' id='line_1_39' title="bbox 470 2700 635 2734; baseline 0.006 -2"><span class='ocrx_word' id='word_1_244' title='bbox 470 2700 635 2734; x_wconf 85' lang='lat' dir='ltr'>velivola.</span> 
     </span>
    </p>
   </div>
   <div class='ocr_carea' id='block_1_3' title="bbox 163 2767 1674 2890">
    <p class='ocr_par' dir='ltr' id='par_1_10' title="bbox 163 2767 1674 2890">
     <span class='ocr_line' id='line_1_40' title="bbox 163 2767 1674 2823; baseline -0.001 -14"><span class='ocrx_word' id='word_1_245' title='bbox 163 2768 419 2822; x_wconf 86' lang='lat' dir='ltr'>videturque</span> <span class='ocrx_word' id='word_1_246' title='bbox 451 2768 558 2810; x_wconf 85' lang='lat' dir='ltr'>adeo</span> <span class='ocrx_word' id='word_1_247' title='bbox 588 2769 778 2811; x_wconf 90' lang='lat' dir='ltr'>eiusdem</span> <span class='ocrx_word' id='word_1_248' title='bbox 811 2784 904 2811; x_wconf 89' lang='lat' dir='ltr'>esse</span> <span class='ocrx_word' id='word_1_249' title='bbox 926 2770 1065 2821; x_wconf 80' lang='lat' dir='ltr'>metri,</span> <span class='ocrx_word' id='word_1_250' title='bbox 1097 2769 1212 2823; x_wconf 87' lang='lat' dir='ltr'>quod</span> <span class='ocrx_word' id='word_1_251' title='bbox 1236 2783 1257 2810; x_wconf 92' lang='lat' dir='ltr'>e</span> <span class='ocrx_word' id='word_1_252' title='bbox 1279 2768 1506 2810; x_wconf 83' lang='lat' dir='ltr'>Centauris</span> <span class='ocrx_word' id='word_1_253' title='bbox 1529 2767 1674 2809; x_wconf 87' lang='lat' dir='ltr'>Laevii</span> 
     </span>
     <span class='ocr_line' id='line_1_41' title="bbox 165 2836 689 2890; baseline 0.004 -13"><span class='ocrx_word' id='word_1_254' title='bbox 165 2837 271 2878; x_wconf 80' lang='lat' dir='ltr'>citat</span> <span class='ocrx_word' id='word_1_255' title='bbox 301 2836 453 2878; x_wconf 87' lang='lat' dir='ltr'>Festus</span> <span class='ocrx_word' id='word_1_256' title='bbox 484 2850 552 2890; x_wconf 84' lang='lat' dir='ltr'>pg.</span> <span class='ocrx_word' id='word_1_257' title='bbox 587 2840 689 2879; x_wconf 83' lang='lat'><strong>206:</strong></span> 
     </span>
    </p>
   </div>
   <div class='ocr_carea' id='block_1_4' title="bbox 472 2895 1029 2984">
    <p class='ocr_par' dir='ltr' id='par_1_11' title="bbox 472 2895 1029 2984">
     <span class='ocr_line' id='line_1_42' title="bbox 849 2895 1029 2930; baseline 0 -2"><span class='ocrx_word' id='word_1_258' title='bbox 849 2895 912 2929; x_wconf 89' lang='lat' dir='ltr'>ubi</span> <span class='ocrx_word' id='word_1_259' title='bbox 938 2895 1029 2930; x_wconf 84' lang='lat' dir='ltr'>echo</span> 
     </span>
     <span class='ocr_line' id='line_1_43' title="bbox 472 2940 747 2984; baseline 0.004 -11"><span class='ocrx_word' id='word_1_260' title='bbox 472 2941 598 2984; x_wconf 84' lang='lat' dir='ltr'>saepta</span> <span class='ocrx_word' id='word_1_261' title='bbox 620 2940 747 2984; x_wconf 86' lang='lat' dir='ltr'>petris.</span> 
     </span>
    </p>
   </div>
  </div>
 </body>
</html>
