1898 3292
769 178 1004 204 opvscvnvm
1023 178 1046 205 1.
1580 169 1660 208 527

155 297 180 324 a
217 283 345 324 Petro
387 282 588 335 Langeno
629 282 765 324 Musei
806 281 1001 323 Rhenani
1039 280 1141 322 XIII
1174 281 1274 336 [197
1317 281 1450 335 sqq.],
1495 294 1592 322 mox
1635 294 1659 322 a

152 350 276 392 nobis
314 351 357 391 in
398 351 585 392 editione
622 353 807 403 utraque
842 349 1098 391 fabularum.
1160 362 1237 390 nos
1267 350 1309 390 in
1343 349 1525 390 citandis
1555 349 1660 390 locis

152 422 323 460 utemur
354 419 528 469 maiore,
561 432 671 472 quae
702 418 862 472 prodiit
895 432 930 459 a.
969 421 1088 459 1877.

268 488 458 541 Cumque
489 501 541 528 ex
573 486 834 537 auctoribus,
864 487 936 540 qui
968 489 1213 527 tractantur
1244 485 1325 526 hoc
1345 485 1503 537 libello,
1535 486 1660 527 unius

153 555 340 597 Phaedri
382 556 546 609 scripta
576 558 722 597 extent
760 555 865 596 satis
905 555 1093 608 integra,
1135 568 1219 595 non
1250 554 1333 595 erit
1363 554 1516 595 mirum
1545 554 1660 607 quod

152 624 204 665 de
236 638 286 665 eo
321 624 534 665 referetur
557 638 683 677 quam
708 623 963 678 plenissime,
995 623 1076 664 hoc
1109 626 1224 664 certe
1257 626 1304 663 ut
1336 622 1525 676 patefiat,
1557 636 1660 675 quo-

151 692 277 734 modo
319 692 405 733 sint
446 693 675 746 temperati
709 706 856 733 versus
896 692 1030 733 italici
1063 705 1088 732 a
1120 694 1268 745 poeta,
1323 691 1395 743 qui
1437 704 1513 744 pro
1555 695 1659 731 tem-

150 760 349 814 poribus,
393 760 548 814 quibus
582 761 704 810 vixit,
749 761 996 802 cultissimis
1028 760 1164 812 magis
1197 773 1323 812 quam
1370 760 1501 800 ceteri
1533 760 1661 800 nitori

151 833 281 882 atque
312 829 552 882 elegantiae
585 828 734 870 debuit
764 828 949 870 studere.
1020 829 1210 882 priorum
1245 831 1387 868 autem
1431 832 1566 868 artem
1599 828 1660 868 ita

149 897 313 939 videbis
344 896 518 938 differre
548 910 573 938 a
605 897 810 948 Phaedri,
852 900 900 938 ut
937 910 1048 950 quae
1090 896 1159 937 hic
1199 909 1298 937 raro
1342 896 1535 946 admisit,
1577 895 1660 937 fre—

150 966 349 1019 quentius
381 965 670 1007 adhibeantur
693 965 747 1007 ab
783 965 880 1017 illis,
913 965 1123 1018 simulque
1146 964 1359 1018 quaedam
1392 968 1661 1018 usurpenter,

150 1048 261 1087 quae
293 1035 328 1075 is
360 1034 555 1076 exclusit.

261 1103 352 1144 Iam
384 1106 615 1156 antequam
646 1102 956 1156 perlustremus
995 1105 1230 1143 metrorum
1261 1102 1377 1155 leges
1407 1101 1586 1156 podicas
1618 1105 1661 1142 et

149 1174 305 1222 cetera,
337 1170 442 1212 illud
477 1171 560 1212 erit
582 1170 888 1224 quaerendum,
921 1184 1068 1212 versus
1100 1170 1309 1211 iambicos
1330 1169 1396 1210 vel
1418 1169 1661 1211 trochaicos

150 1242 294 1280 utrum
318 1239 562 1294 systematis
595 1239 809 1292 coiugarit
826 1239 964 1280 Varro
997 1251 1142 1289 necne,
1174 1251 1303 1292 porro
1335 1252 1434 1279 num
1466 1237 1663 1278 iambicis

148 1307 368 1349 miscuerit
388 1307 644 1358 trochaicos,
673 1307 716 1348 id
739 1307 854 1361 quod
877 1320 1005 1360 saepe
1023 1306 1269 1348 Terentium
1292 1306 1484 1347 videmus
1507 1306 1661 1347 facere.

149 1375 202 1417 de
244 1375 400 1429 quibus
435 1375 614 1417 multum
656 1375 864 1417 meditato
908 1375 1010 1416 mihi
1056 1388 1138 1416 non
1179 1375 1284 1416 satis
1323 1378 1502 1415 constat.
1564 1388 1662 1415 nam

149 1458 260 1498 quae
288 1444 330 1485 in
363 1444 549 1486 editione
572 1445 714 1498 priore
748 1444 833 1498 [pg.
857 1445 957 1499 413]
988 1443 1252 1497 protuleram
1276 1442 1472 1496 exempla
1495 1443 1663 1495 generis

148 1513 399 1566 utriusque,
442 1513 585 1554 omnia
626 1516 724 1566 post
764 1512 984 1554 damnavit
1024 1512 1202 1553 animus.
1265 1525 1316 1552 ex
1352 1512 1507 1564 quibus
1548 1511 1663 1564 quod

149 1580 277 1622 affert
315 1581 559 1623 Priscianus
599 1584 679 1623 789
720 1585 756 1622 si
794 1585 1022 1623 mehercule
1049 1587 1234 1632 pet-qum
1273 1587 1310 1620 et
1352 1584 1518 1620 deorum
1560 1594 1661 1620 cura

148 1648 198 1703 (f.
226 1650 371 1704 causa)
411 1664 488 1691 non
529 1653 787 1701 satisfacitur
826 1652 1091 1700 reipublicae,
1133 1662 1228 1690 cum
1275 1649 1335 1689 ita
1377 1648 1476 1689 olim
1514 1648 1661 1689 distin-

148 1718 357 1760 xerimus:

802 1775 831 1809 si
856 1785 914 1808 me
939 1774 1063 1808 hercle
1091 1777 1251 1818 pergunt

402 1837 439 1866 et
463 1831 616 1866 deorum
644 1842 731 1866 cura
757 1843 830 1865 non
855 1831 1078 1865 satisfacitur
1104 1842 1143 1865 re
1169 1830 1350 1874 publicae,

149 1923 234 1965 iam
256 1922 446 1977 pedestri
479 1923 673 1964 oratione
705 1923 915 1964 contineri
945 1922 1154 1963 existimo.
1186 1946 1240 1951 ——
1272 1925 1418 1963 cetera
1448 1920 1662 1975 quomodo

148 2005 260 2033 nunc
300 1995 488 2033 statuam
531 1991 820 2045 disponenda,
862 1990 1049 2032 editione
1082 1990 1330 2032 declaratur
1360 1990 1485 2031 Nonii
1518 1990 1588 2045 [cf.
1621 1994 1664 2031 et

151 2073 300 2101 comm.
331 2060 374 2101 in
407 2063 472 2111 86,
505 2063 557 2101 ‘26
590 2060 683 2114 sq.].

264 2128 425 2169 Contra
445 2128 675 2170 trochaeos
697 2127 960 2170 acatalectos
993 2130 1036 2169 et
1068 2127 1344 2169 catalecticos
1366 2127 1536 2169 videtur
1565 2141 1663 2168 cou—

149 2196 341 2238 tinuasse
383 2197 521 2239 Varro
565 2197 607 2237 in
649 2200 799 2239 satura
844 2194 960 2237 ‘cras
1002 2196 1151 2247 credo,
1193 2195 1320 2237 hodie
1360 2192 1489 2236 nihil’
1537 2195 1662 2250 [Non.

154 2267 247 2316 112,
279 2263 344 2321 9]:

311 2345 442 2389 quibus
468 2345 648 2379 instabilis
674 2345 815 2379 animus
843 2344 975 2379 ardens
1000 2344 1219 2378 mutatiliter
1246 2343 1355 2378 havet
1378 2343 1525 2385 habere,

314 2401 380 2447 [et]
408 2406 482 2436 non
512 2402 647 2437 habere
674 2402 882 2436 fastidiliter
908 2402 1131 2436 inconstanti
1158 2403 1322 2445 pectore.

151 2479 193 2517 et
222 2490 352 2530 porro
393 2476 438 2517 in
468 2490 538 2527 ea,
579 2489 691 2529 quae
721 2475 972 2518 inscribitur
1003 2478 1156 2519 Γνῶθι
1187 2474 1378 2519 σεαυτόν
1409 2474 1534 2529 [Non.
1567 2477 1662 2523 243,

152 2547 226 2596 323
260 2547 354 2595 312,
388 2542 452 2600 6];

562 2616 636 2645 non
661 2611 803 2655 videtis,
830 2610 922 2646 sinus
950 2614 991 2646 ut
1015 2612 1134 2647 Amor
1158 2612 1330 2656 parvolus

402 2668 556 2703 ardifeta
580 2669 748 2712 lampade
775 2669 878 2703 arida
903 2671 988 2713 agat
1016 2669 1169 2703 amantis
1198 2669 1409 2702 aestuantis.

151 2756 411 2796 quamquam
451 2756 519 2784 res
550 2757 634 2784 non
666 2743 771 2784 satis
807 2747 947 2795 certa;
990 2757 1089 2785 nam
1130 2743 1236 2784 illud
1267 2746 1450 2794 arclz'sela
1488 2755 1664 2797 corrup*

150 2815 263 2863 tumg
294 2815 523 2865 praeterea
552 2811 760 2853 traditum
796 2815 998 2862 parvulus
1041 2826 1165 2853 amor.
1209 2836 1263 2841 --a
1303 2814 1454 2851 contra
1491 2811 1663 2851 minime

149 2879 420 2933 probabilest
453 2879 634 2933 epodica
664 2883 898 2934 systemata
930 2880 985 2921 ab
1023 2879 1096 2920 illo
1129 2879 1194 2919 vel
1225 2878 1381 2920 italicis
1411 2878 1566 2920 iambis
1597 2879 1663 2920 vel
