1898 3292
117 195 199 234 270
711 202 830 227 LIBER
850 202 1024 227 TERTIVS.

115 309 157 346 et
188 305 338 346 Silius:

525 373 702 406 maiorem
727 384 877 417 surgere
904 374 939 406 in
969 384 1067 406 arma

320 429 568 473 maioremque
594 429 697 463 dedit
722 430 822 463 cerni
847 429 1069 473 Tirynthius.
1117 430 1210 463 altae

319 486 520 520 scintillant,
546 486 677 520 cristae

115 555 298 608 denique
330 554 591 596 Claudianus
605 570 613 595 :

321 633 465 678 qualem
490 637 525 668 te
552 634 708 678 legimus
733 634 851 668 teneri
878 634 1077 678 primordia
1102 634 1229 668 mundi

319 691 544 725 scribentem
569 694 631 725 aut
656 694 780 735 partes
807 691 946 725 animae
973 703 1040 736 per
1065 692 1217 736 singula,
1245 692 1356 726 talem

321 748 514 782 cernimus.

114 816 270 858 similia
300 817 459 870 passim
493 816 643 866 ceteri,
686 830 948 870 quamquam
989 831 1066 857 nec
1108 817 1261 857 desunt
1301 831 1410 870 quae
1453 817 1623 857 omnino

116 888 291 926 careant
323 885 611 935 excusatione,
641 885 811 938 qualest
843 884 958 938 apud
989 885 1228 926 Tibullum:

321 975 412 1008 quae
438 968 501 998 tua
525 964 706 999 formosos
733 964 833 1008 cepit
858 964 1044 998 sollertia?
1088 969 1187 999 certe

322 1033 393 1056 non
420 1021 487 1055 tibi
512 1021 627 1056 barba
655 1022 757 1065 nitet,
783 1033 856 1055 non
884 1022 952 1056 tibi
981 1022 1078 1055 culta
1105 1027 1256 1056 oomast.

115 1094 266 1132 contra
296 1104 380 1132 non
411 1093 499 1131 stat
527 1089 611 1131 fide
642 1089 850 1132 librorum
884 1091 997 1144 apud
1031 1091 1179 1132 Silium
1213 1092 1261 1146 [1,
1297 1092 1386 1145 70];

321 1170 415 1204 hanc
441 1170 580 1204 rabiem
604 1170 640 1203 111
667 1170 756 1204 fines
785 1169 921 1204 Italum
948 1170 1191 1214 Saturniaque
1219 1183 1303 1204 arva

322 1226 515 1261 addiderat
542 1227 726 1270 quondam
750 1227 872 1261 iuveni
898 1228 1037 1272 patrius
1064 1228 1174 1261 furor.
1214 1232 1315 1261 ortus

322 1282 478 1318 Sarrana
503 1283 616 1328 prisci
641 1283 781 1318 Barcae
807 1283 851 1318 de
877 1287 986 1329 gente
1013 1288 1177 1319 vetustos

321 1353 341 1375 a
365 1340 457 1375 Belo
484 1341 700 1376 numerabat
725 1352 820 1375 avos.

116 1413 161 1452 at
192 1409 425 1452 Martialis:

321 1490 366 1524 de
392 1489 593 1533 quadrante
619 1493 682 1524 tuo
709 1490 797 1534 quid
823 1501 978 1535 sperem,
1004 1490 1182 1526 Garrice?
1220 1490 1316 1524 nulla

320 1547 366 1581 de
391 1549 516 1581 nostro
543 1547 648 1582 nobis
674 1548 783 1581 uncia
809 1548 907 1582 venit
932 1559 1032 1592 apro.

115 1619 305 1658 ceterum
328 1615 582 1669 disyllabam
609 1616 652 1656 111
683 1615 758 1656 fini
786 1630 934 1658 versus
966 1620 1081 1657 stare
1111 1617 1473 1670 praepositionem
1506 1616 1622 1657 nulla

113 1685 207 1739 lege
243 1684 476 1726 vetitumst.
524 1710 576 1714 -—
624 1698 675 1725 ac
706 1688 851 1726 tamen
890 1699 992 1726 rara
1033 1699 1210 1726 evenere
1252 1685 1325 1725 illa
1371 1685 1481 1725 finiti
1524 1689 1622 1738 post

113 1752 268 1807 pedem
307 1752 617 1807 paenultimum
664 1767 812 1795 sensus
856 1753 1063 1808 exempla.
1133 1768 1211 1795 nec
1253 1754 1391 1795 minus
1434 1757 1621 1804 cavetur,

116 1825 285 1863 ceterae
317 1822 578 1875 pentametri
608 1821 935 1876 hexametrique
974 1826 1121 1876 partes
1153 1826 1250 1876 post
1279 1823 1473 1875 quintam
1506 1823 1620 1863 arsin

113 1891 221 1932 sitae
252 1903 305 1931 ne
334 1890 678 1944 interpungendo
710 1890 951 1932 turbentur.

228 1958 363 2000 Porro
394 1958 517 2000 initio
539 1972 699 2010 versus,
731 1959 812 2000 nisi
833 1960 929 2000 finis
951 1959 1251 2013 praecedentis
1273 1960 1505 2001 interstitio
1528 1973 1620 2001 sen-

113 2027 277 2069 tentiae
308 2026 391 2068 erit
419 2026 678 2081 diremptus,
722 2031 821 2081 post
856 2028 984 2082 primi
1024 2028 1146 2082 pedis
1187 2032 1351 2081 partem
1385 2028 1622 2082 quamlibet

113 2110 165 2137 ne
187 2096 520 2150 interpungatur
541 2096 677 2138 refert
699 2096 950 2150 elegantiae.
1004 2100 1193 2138 ceterum
1217 2097 1518 2150 qualicumque
1542 2097 1620 2138 sub

113 2164 362 2206 condicione
392 2165 575 2219 primam
608 2165 725 2206 arsin
753 2179 779 2206 a
811 2165 1017 2219 proximis
1040 2165 1259 2219 segregari
1280 2179 1434 2219 parum
1465 2165 1619 2219 placet.

113 2233 298 2275 maxime
321 2236 484 2274 autem
520 2232 626 2274 illud
657 2234 1018 2285 inconeinnumst,
1064 2237 1201 2275 totum
1243 2234 1468 2275 circuitum
1507 2234 1621 2275 finiri

113 2301 228 2342 circa
258 2301 471 2356 principia
502 2301 640 2352 metri,
674 2301 787 2343 unde
812 2302 1023 2356 Vergilius
1057 2302 1277 2344 commode
1307 2302 1420 2345 idem
1448 2302 1622 2344 admisit

113 2370 308 2412 oratione
339 2369 528 2424 abrupta
559 2374 602 2411 et
633 2370 828 2412 concisa:

316 2458 391 2495 ‘eia
417 2472 484 2506 age
511 2472 639 2505 rumpe
664 2473 796 2496 moras.
834 2462 975 2496 varium
1005 2466 1042 2496 et
1067 2462 1243 2497 mutabile
1269 2473 1415 2507 semper

317 2514 481 2561 femina’.
526 2518 578 2553 sic
604 2518 699 2553 fatus
727 2519 828 2554 nocti
854 2531 892 2553 se
917 2520 1116 2554 immiscuit
1140 2522 1252 2553 atrae.

316 2572 540 2620 tpurpureos-3
565 2587 736 2620 spargam
761 2575 870 2611 fiores
896 2577 1125 2621 animamque
1153 2577 1299 2621 nepotis

317 2632 373 2667 his
398 2633 528 2667 saltem
554 2633 783 2667 accumulem
808 2633 913 2668 donis
940 2637 977 2668 et
1000 2634 1131 2678 fungar
1157 2634 1255 2668 inani

317 2686 490 2725 munere'.
515 2710 559 2714 —
584 2690 636 2724 sic
660 2692 739 2724 tota
764 2690 899 2734 passim
924 2691 1074 2735 regione
1100 2694 1289 2735 vagantur.

317 2746 441 2781 Turno
468 2750 612 2791 tempus
638 2747 718 2790 erit,
743 2758 875 2792 magno
903 2759 986 2781 cum
1012 2748 1195 2792 optaverit
1215 2749 1379 2792 emptum

318 2804 499 2839 intactum
524 2803 692 2838 Pallanta
718 2809 754 2838 et
782 2815 865 2838 011111
893 2805 1007 2849 spolia
1033 2805 1102 2838 ista
1129 2804 1297 2848 diemque

317 2861 443 2896 oderit.
491 2866 528 2896 at
555 2862 645 2896 socii
670 2861 784 2895 multo
810 2861 949 2906 gemitu
976 2862 1207 2905 lacrimisque

318 2919 530 2962 impositum
558 2922 663 2953 scuto
692 2918 855 2952 referunt
880 2917 1045 2952 Pallanta
1071 2918 1290 2962 frequentes.
