1898 3292
708 205 828 231 LIBER
847 204 1025 237 varvs.
1532 194 1580 233 41
1591 195 1613 232 9

113 323 164 351 ac
205 310 403 351 firmatur
443 308 688 350 testimonio
724 307 974 359 Quintiliani
1014 306 1068 361 [I,
1101 309 1137 356 6,
1170 305 1241 359 21]
1277 305 1402 358 vulgo
1431 304 1494 345 ita
1524 308 1615 346 tum

110 377 446 432 pronuntiatum.
521 391 665 418 verum
716 377 882 417 incerta
932 388 1001 415 res
1046 375 1088 414 in
1135 372 1292 415 Catulli
1344 372 1614 414 hemistichio

112 447 227 500 [ior
263 446 354 499 10]:
621 442 624 445 “

385 501 499 535 frater
524 512 589 535 ave
614 503 722 544 atque
748 499 838 543 vale,

112 584 207 612 cum
228 570 264 611 is
285 570 329 610 in
350 573 555 623 sequente
586 576 708 620 atque
738 568 869 609 etiam
889 567 1122 608 iambicum
1144 566 1307 608 eliserit
1336 570 1422 607 ioco
1452 567 1536 621 [12,
1561 567 1617 620 2].

226 638 386 680 Contra
433 637 538 679 illud
584 641 672 679 vale
721 649 954 689 numquam
1001 649 1027 676 a
1077 635 1300 689 dactylicis
1349 634 1617 688 pyrrichiace

113 707 271 748 elatum
304 706 389 748 iam
422 705 678 759 significavit
709 705 890 746 Ioannes
923 704 1190 745 Schraderus
1224 703 1404 758 [emend.
1437 717 1475 756 p.
1505 703 1618 756 206]

114 775 227 829 apud
260 775 457 816 Ovidium
486 774 612 815 Trist.
646 774 675 825 I,
707 777 744 824 8,
778 777 825 814 21
861 772 1087 826 legendum
1118 786 1213 813 cum
1247 772 1456 825 Hauptio:

386 854 495 897 idque
522 853 619 897 quod
644 853 759 897 ignoti
785 852 925 886 faciunt
949 850 1047 886 ‘vae'
1073 852 1196 886 dicere
1223 851 1361 885 saltem.

227 928 363 970 Multo
407 931 549 969 autem
595 927 733 968 minus
783 926 1072 975 tolerandum,
1124 925 1239 978 quod
1286 924 1620 981 Schneidevinus

115 996 326 1038 Martialis
359 995 471 1037 libro
509 995 569 1036 XI
603 996 715 1050 [108,
745 995 787 1048 4]
830 994 976 1035 intulit
1014 993 1279 1035 trochaicum
1312 997 1421 1033 salve
1450 1007 1528 1046 pro
1559 1007 1620 1038 eo,

113 1065 227 1118 quod
258 1068 374 1106 recte
406 1063 551 1111 habet,
582 1068 700 1105 solue.

229 1135 284 1174 At
310 1132 586 1174 intenderunt
607 1136 835 1185 utramque
857 1131 1072 1171 licentiam
1096 1130 1330 1171 christiani.
1379 1130 1493 1183 apud
1515 1143 1622 1182 quos

113 1202 386 1244 inveniuntur
427 1201 650 1241 imminuta
698 1199 903 1240 adverbia
941 1204 1037 1250 fere
1084 1200 1257 1253 [Auson.
1292 1198 1423 1251 epigr.
1460 1202 1552 1246 105,
1586 1202 1620 1242 5,

114 1271 228 1325 quod
260 1271 405 1311 tamen
438 1268 526 1310 sola
558 1268 726 1321 Vgoleti
761 1271 848 1308 stat
875 1267 997 1321 fide],
1031 1271 1101 1317 pie
1132 1267 1331 1321 [Venant.
1355 1266 1528 1306 miscell.
1552 1266 1622 1315 IV,

115 1344 138 1381 2
170 1354 210 1393 p.
243 1338 354 1392 153}
387 1340 618 1378 cautissime
647 1335 915 1391 [Columban.
943 1339 1122 1376 monost.
1154 1335 1263 1389 170],
1294 1338 1518 1375 cerasus-‘ime
1549 1333 1622 1388 [ib.

117 1408 210 1462 50],
252 1409 371 1457 impie
405 1405 602 1460 [Venant.
636 1404 686 1455 X,
722 1408 772 1445 13
805 1419 843 1458 p.
878 1404 1001 1458 340],
1044 1407 1205 1444 interne
1237 1404 1411 1457 [Auson.
1444 1402 1495 1443 de
1526 1402 1622 1442 nob.

115 1476 207 1517 urb.
246 1475 355 1526 XIV,
390 1478 461 1527 153
494 1474 614 1528 epist.
649 1478 685 1524 5,
720 1473 813 1527 21],
858 1480 1016 1513 malm-e
1047 1472 1246 1526 [Venant.
1283 1471 1348 1521 VI,
1382 1474 1404 1511 2
1436 1485 1476 1524 p.
1510 1470 1623 1524 206],

115 1548 232 1586 valde
271 1542 456 1599 [Coripp.
489 1542 659 1583 iohann.
694 1541 761 1592 VI,
797 1540 917 1596 524];
958 1541 1059 1581 item
1093 1539 1335 1593 imperativi
1370 1542 1460 1579 lime
1495 1538 1622 1594 [auct.

114 1612 187 1653 lib.
218 1613 261 1652 in
293 1625 433 1665 genes,
465 1609 587 1666 456],
630 1614 781 1651 {limone
827 1608 954 1664 [auct.
988 1608 1061 1649 lib.
1092 1609 1136 1648 in
1167 1622 1307 1661 genes.
1342 1607 1460 1663 360],
1501 1621 1625 1657 prae-

116 1694 213 1722 cave
247 1680 367 1736 [Eug.
402 1683 438 1730 2,
467 1678 525 1734 5],
560 1692 658 1720 arce
690 1677 797 1733 [Cor.
831 1677 1001 1718 iohann.
1027 1677 1072 1726 V,
1096 1676 1215 1732 413],
1249 1684 1447 1726 essm-que
1480 1674 1623 1730 [Prud.

116 1750 208 1803 peri
240 1747 375 1802 steph.
412 1753 448 1798 5,
480 1746 566 1802 60],
602 1759 806 1797 percense
838 1744 981 1801 [Prud.
1007 1745 1235 1798 hamartig.
1269 1744 1380 1800 623]
1442 1743 1625 1795 denique

117 1817 171 1858 ab
203 1816 338 1858 isdem
369 1815 586 1857 interdum
618 1829 638 1855 e
669 1814 891 1855 breviatur
922 1815 962 1854 in
996 1813 1196 1854 ablativis
1239 1813 1403 1866 primae
1439 1811 1626 1852 declina-

115 1886 245 1927 tionis
276 1884 542 1938 graecanicis
573 1883 703 1924 veluti
735 1883 777 1923 in
809 1883 896 1923 his:
929 1886 1060 1932 harpe
1092 1880 1252 1937 [Sidon.
1286 1880 1342 1921 ad
1366 1880 1486 1921 Cous.
1511 1879 1624 1935 297],

119 1957 295 1994 Leucate
343 1951 515 2008 [Auson.
558 1951 673 2005 idyll.
718 1955 760 2002 6,
793 1950 886 2006 24],
942 1953 1132 2001 Mytilene
1180 1948 1338 2004 [Sidon.
1379 1948 1625 2002 epithalam.

119 2021 275 2062 Polem.
308 2025 350 2062 et
382 2021 508 2062 Aran.
542 2019 624 2076 49].

232 2089 445 2142 Deinceps
485 2095 590 2139 puta
632 2101 706 2129 seu
745 2086 984 2140 particulae
1025 2086 1111 2127 sive
1153 2085 1273 2126 verbi
1316 2085 1495 2138 fungens
1536 2085 1627 2124 vice

119 2158 387 2213 pyrrichiace
418 2156 605 2210 positum
636 2156 851 2197 invenitur
883 2155 927 2196 in
949 2155 1144 2208 Priapeis
1177 2155 1261 2208 [37,
1286 2154 1327 2207 6]
1365 2157 1407 2194 et
1439 2153 1626 2194 Persium

121 2226 236 2280 apud
268 2227 324 2281 [4,
348 2226 390 2279 9]
425 2238 476 2266 ac
507 2223 749 2265 Martialem
784 2224 852 2279 [II,
876 2228 942 2273 44,
966 2227 1014 2274 23
1046 2223 1118 2273 IX,
1142 2227 1207 2272 95,
1232 2227 1277 2274 5,
1311 2222 1383 2271 XI,
1407 2226 1472 2271 95,
1496 2225 1518 2261 2
1544 2221 1628 2274 alj.

122 2299 167 2336 at
204 2308 288 2336 non
327 2292 504 2348 perinde
545 2295 772 2341 certumst,
813 2291 919 2332 illud
959 2295 1023 2332 ela,
1056 2290 1121 2331 vel
1152 2294 1245 2331 leem
1277 2304 1330 2330 an
1363 2303 1628 2330 communem

121 2363 282 2404 habeat
310 2361 494 2403 finalem.
545 2374 673 2414 quam
702 2364 847 2401 tamen
874 2360 959 2400 iam
983 2359 1242 2412 corripuisse
1267 2358 1433 2399 videtur
1456 2358 1628 2398 Ennius.

122 2444 220 2472 nam
265 2429 380 2483 quod
420 2428 548 2470 affert
589 2429 761 2470 Servius
804 2428 858 2469 ad
902 2429 1003 2469 Aen.
1036 2427 1114 2478 IX,
1147 2430 1199 2469 38
1240 2430 1333 2468 heia
1375 2429 1630 2472 machaeras,

123 2499 226 2552 quin
257 2512 309 2539 ex
339 2497 576 2539 Annalibus
619 2497 675 2537 sit
709 2497 891 2550 petitum
933 2500 976 2537 et
1012 2495 1139 2537 finem
1171 2495 1411 2536 hexametri
1442 2493 1630 2547 impleat,

123 2568 192 2608 vix
222 2570 367 2621 potest
397 2565 597 2607 dubitari.
658 2569 788 2618 atque
827 2565 929 2606 item
969 2578 1046 2618 per
1086 2564 1337 2604 trochaeum
1382 2566 1444 2602 eia
1487 2562 1631 2614 posuit

126 2635 323 2677 Valerius
355 2633 535 2675 Flaccus
571 2633 701 2687 [VIIL
737 2634 857 2687 109]:

569 2724 640 2755 qua
664 2723 702 2746 se
728 2712 861 2746 arduus
887 2712 994 2746 heros

332 2771 446 2805 ferret
471 2770 516 2804 ad
541 2770 730 2813 aurigerae
758 2773 869 2813 caput
894 2769 1055 2803 arboris:
1081 2765 1159 2811 ‘eia,
1186 2778 1252 2812 per
1278 2768 1396 2810 ipsum

330 2827 465 2861 scande
491 2838 557 2871 age
569 2827 586 2870 ⁷,

127 2916 205 2943 nec
236 2903 374 2943 minus
403 2905 553 2943 auctor
583 2902 790 2951 incertus,
828 2914 947 2941 serus
979 2903 1138 2942 tamen,
1183 2898 1254 2950 qui
1296 2896 1348 2936 (le
1391 2896 1627 2936 celeumate

1289 2964 1360 2998 27*
