1898 3292
256 213 301 251 21
312 213 336 250 8
857 222 977 246 LIBER
989 219 1170 247 TERTIVS.

253 328 486 373 custodivit,
529 327 727 376 I'eryilt'as
759 323 1032 375 contempslt’.
1083 325 1255 366 valeant
1287 325 1417 378 igitur
1443 326 1527 365 iam
1559 338 1764 366 caesurae

251 393 450 434 bucolica
482 397 524 434 et
554 397 712 446 quarta
744 392 979 444 trochaica,
1012 393 1169 447 quibus
1202 393 1343 434 nullus
1378 393 1422 434 in
1453 408 1579 434 versu
1611 393 1763 434 Latino

250 462 382 503 locus.

367 531 458 571 Iam
504 530 758 584 priusquam
804 530 981 571 doceam
1028 545 1241 584 quaenam
1290 530 1451 571 fuerint
1498 531 1762 571 diversorum

253 602 478 640 auctorum
525 598 694 639 diversa
739 599 782 639 in
829 599 1019 640 caesuris
1065 613 1212 640 versus
1263 599 1425 640 heroici
1472 598 1764 652 temperandis

253 667 430 721 placita,
465 666 744 718 enumerabo,
788 668 861 720 qui
905 668 1189 708 sustinuerint
1232 667 1464 721 aliquando
1501 667 1671 708 omnino
1702 668 1764 707 in·

253 737 457 778 cisionem
488 735 726 788 neglegere.
790 750 840 776 ac
871 736 1056 789 primum
1090 736 1262 789 quidem
1296 737 1457 777 Ennius
1489 736 1605 776 haud
1637 736 1764 777 dubie

252 805 386 846 habet
413 819 562 845 versus
595 818 775 845 caesura
807 808 998 857 egentes,
1042 805 1116 846 sed
1149 819 1287 858 neque
1322 805 1478 846 multos
1520 818 1677 857 neque,
1718 808 1766 845 ut

252 874 425 927 opinor,
470 876 670 927 expertes
702 873 879 913 consilio
911 873 1098 926 quodam
1141 877 1184 914 et
1225 874 1403 914 ratione.
1467 872 1579 926 quod
1614 876 1662 914 ut
1694 873 1764 914 de-

251 946 484 983 monstrem
518 955 664 983 omnes
696 942 970 983 enumerabo.
1032 946 1132 983 sunt
1164 946 1309 983 autem
1342 942 1385 982 111
1417 942 1531 997 [31111.
1556 945 1627 993 363
1660 945 1762 993 2443

253 1015 354 1062 5983
387 1014 466 1052 sat.
503 1011 594 1065 14]:

483 1096 594 1131 corde
621 1108 823 1140 capessere.
874 1097 1004 1130 semita
1031 1097 1130 1130 nulla
1154 1096 1288 1141 pedem
1314 1097 1512 1131 stabilibat.

480 1157 588 1198 poste
614 1154 819 1188 recumbite
845 1157 1039 1198 vestraque
1066 1157 1219 1198 pectora
1245 1155 1370 1198 pellite
1398 1154 1524 1187 tonsis.

480 1212 539 1245 cui
565 1224 630 1255 par
654 1211 773 1245 imber
799 1215 837 1245 et
862 1212 966 1255 ignis,
993 1212 1144 1255 spiritus
1171 1215 1208 1245 et
1234 1207 1350 1255 gravi’
1378 1214 1486 1244 terra.

481 1269 615 1313 sparsis
644 1268 757 1302 hastis
783 1269 902 1313 longis
930 1280 1080 1312 campus
1106 1269 1276 1312 splendet
1302 1271 1338 1302 et
1363 1268 1500 1302 horret.

255 1343 411 1396 quibus
443 1343 622 1394 accedit,
652 1343 778 1384 modo
811 1343 866 1384 sit
888 1343 1026 1394 Ennii,
1059 1343 1173 1396 quod
1207 1342 1377 1396 quidem
1411 1357 1493 1383 non
1519 1347 1637 1383 caret
1669 1358 1764 1396 pro-

251 1412 492 1463 babilitate,
524 1412 625 1453 talis
657 1413 771 1467 [31111.
805 1412 928 1466 500];

480 1492 639 1526 miscent
664 1492 771 1526 foede
797 1491 949 1526 flumina
976 1491 1131 1526 candida
1156 1492 1334 1536 sanguine
1361 1491 1466 1525 salso.

250 1562 293 1602 in
325 1561 391 1602 his
422 1561 620 1602 omnibus
651 1561 821 1602 videtur
851 1561 955 1602 mihi
990 1561 1115 1614 quasi
1148 1561 1343 1602 consulto
1375 1559 1572 1613 neglecta
1603 1559 1765 1600 11101510.

251 1644 350 1671 113111
380 1630 568 1683 primum
602 1629 845 1683 exemplum
878 1644 974 1671 cum
1007 1629 1194 1671 secundo
1228 1632 1329 1682 apte
1362 1628 1561 1681 congruit
1583 1628 1766 1668 orationi

254 1699 514 1749 concitatae,
557 1702 759 1751 quartum
805 1698 1007 1739 tardatae
1054 1701 1096 1739 et
1142 1697 1421 1747 claudicanti,
1465 1697 1661 1750 quintum
1704 1696 1766 1737 rei

251 1767 473 1818 foeditati3
514 1767 692 1808 tertium
734 1767 999 1820 aequalitate
1041 1781 1242 1807 sensuum
1281 1765 1498 1819 quandam
1529 1765 1662 1806 habet
1695 1779 1765 1806 ex-

253 1835 530 1876 cusationem.
592 1835 771 1876 notandi
802 1835 931 1876 etiam
963 1835 1005 1875 in
1038 1835 1123 1875 alia
1153 1839 1278 1888 parte
1312 1848 1459 1875 eorum
1499 1834 1676 1888 dactyli,
1722 1833 1766 1874 111

251 1905 338 1945 3113
371 1903 550 1958 spondei
583 1904 801 1946 cumulati.
857 1918 960 1945 sane
990 1903 1103 1944 idem
1136 1903 1240 1944 alibi
1262 1903 1436 1953 Ennius,
1467 1902 1635 1943 facetiis
1667 1916 1765 1955 pro-

250 1973 356 2026 priis
388 1976 437 2014 ut
466 1972 731 2025 indulgeret,
772 1973 911 2013 minus
955 1973 1121 2013 curavit
1160 1971 1418 2025 elegantiam
1459 1971 1661 2012 carminis
1703 1970 1766 2011 vel

257 2041 532 2094 dignitatem,
577 2045 625 2082 ut
666 2041 710 2081 in
749 2040 823 2082 illo
870 2040 932 2082 ‘at
974 2043 1068 2082 taba
1109 2043 1284 2081 terribili
1323 2043 1458 2080 sonita
1501 2045 1765 2080 taratantara

252 2107 378 2150 cltaett’
426 2113 468 2150 et
506 2110 549 2150 in
591 2109 835 2162 fragmento
877 2109 1070 2150 sotadico
1114 2108 1228 2162 quod
1268 2109 1329 2149 510
1360 2107 1512 2161 incipit
1554 2105 1666 2147 ‘nam
1699 2110 1767 2157 qai

250 2181 384 2228 lepide
418 2182 602 2229 postulat
633 2182 803 2219 alteram
834 2181 1046 2229 frustrari
1058 2175 1084 2218 ².
1145 2177 1231 2217 iam
1264 2176 1472 2217 Lucilium
1506 2175 1621 2228 quod
1659 2175 1767 2215 dixit

251 2246 554 2287 Lachmannus
586 2260 673 2287 non
703 2246 838 2287 videri
871 2245 1076 2286 credibile
1108 2245 1241 2286 ullum
1275 2245 1365 2286 sine
1400 2257 1581 2285 caesura
1613 2243 1766 2283 fecisse

251 2329 421 2355 versum
464 2314 702 2369 [prohoem.
734 2314 830 2355 lect.
854 2314 994 2355 Berol.
1017 2317 1121 2354 aest.
1149 2318 1252 2355 1851
1287 2328 1327 2367 p.
1352 2314 1416 2368 3],
1458 2312 1562 2353 mihi
1594 2311 1766 2364 quidem

252 2397 337 2424 non
381 2383 609 2436 persuasit.
679 2382 912 2424 verendum
960 2382 1118 2436 quippe
1165 2396 1217 2423 ne
1263 2382 1345 2422 hac
1390 2381 1566 2422 licentia
1617 2379 1766 2421 ablata

251 2465 429 2505 prorsus
452 2451 650 2492 videatur
679 2451 836 2492 iniuste
869 2451 921 2492 de
944 2451 1097 2492 Lucilii
1119 2450 1315 2492 versibus
1347 2449 1561 2490 iudicasse
1585 2448 1766 2489 FlacCus

252 2521 350 2574 [sat.
382 2520 418 2570 I,
452 2524 490 2570 4,
524 2520 695 2574 8—10].
756 2533 856 2560 nam
897 2519 1122 2560 elisionum
1166 2518 1484 2560 multitudinem
1524 2521 1567 2558 et
1605 2516 1766 2570 asperi-

252 2591 387 2628 tatem
429 2601 513 2628 non
554 2588 698 2641 potuit
737 2588 935 2628 incusare
983 2587 1056 2640 qui
1105 2587 1279 2628 admisit
1324 2587 1436 2639 ipse,
1483 2598 1621 2638 neque
1668 2597 1765 2637 pro-

253 2656 504 2697 ductionum
535 2659 577 2696 et
607 2655 802 2696 hiatuum
834 2669 885 2696 30
917 2656 1118 2709 synizesis
1151 2655 1335 2696 audacia
1375 2654 1532 2695 nimius
1565 2652 1766 2693 Lucilius.

254 2725 357 2777 quin
387 2725 532 2777 potius
575 2723 628 2765 ob
670 2724 810 2777 ipsum
853 2737 1059 2764 caesurae
1097 2723 1313 2764 defectum
1345 2723 1638 2775 vituperatum
1670 2734 1767 2761 eum

253 2792 307 2833 ab
331 2792 514 2833 Horatio
547 2793 652 2834 satis
674 2791 961 2846 probabiliter
985 2792 1139 2832 statuit
1163 2792 1391 2833 Santenius
1427 2790 1501 2844 [ad
1523 2789 1766 2830 Terentian.

254 2875 294 2914 p.
327 2861 440 2915 229]
502 2861 626 2901 mitto
668 2874 855 2909 versum,
901 2860 973 2912 qui
1005 2874 1031 2900 a
1065 2859 1202 2901 Nonio
1245 2859 1405 2900 citatur
1446 2872 1476 2898 s.
1508 2872 1544 2897 v.
1578 2856 1768 2898 colustra

254 2930 340 2985 [s4,
362 2929 418 2984 8],
442 2929 692 2983 gravissime
716 2929 875 2983 quippe
898 2932 1161 2984 corruptum,
1183 2928 1286 2968 item
1308 2927 1497 2968 nondum
1520 2924 1767 2980 expeditum
