1898 3292
202 130 282 168 142
778 138 899 164 LIBER
917 137 1127 165 SECVNDVS.

198 241 263 283 vel
293 241 335 282 in
368 240 652 282 ornatissimo.
714 243 904 282 ceterum
937 255 1031 282 cum
1063 241 1316 295 plerumque
1346 254 1484 283 sermo
1519 255 1704 283 commo-

199 311 283 350 tior
312 309 527 350 indicetur
558 309 785 350 verborum
825 313 900 350 aut
932 310 1221 351 cumulatione
1250 313 1325 350 aut
1356 310 1586 351 iteratione
1618 311 1704 351 sive

198 378 485 432 oppositione,
524 377 701 419 dabitur
732 377 876 428 venia,
919 377 1033 431 quod
1076 377 1215 419 dicam
1257 378 1510 432 plerumque
1552 392 1705 432 parum

197 446 370 500 proprie
416 445 470 487 ab
520 445 638 487 hisce
689 449 806 486 ortas
857 445 1131 500 exceptiones
1178 446 1394 487 metricas.
1462 448 1705 500 proximum

199 518 404 565 autemst,
437 513 552 567 quod
583 514 626 555 in
657 514 850 555 oratione
882 514 948 555 vel
981 514 1066 556 leni
1097 528 1147 555 ac
1177 514 1384 556 mediocri
1419 528 1443 556 a
1473 516 1705 557 multarum

198 597 340 624 rerum
374 583 695 624 enumeratione
728 583 940 636 quaedam
972 584 1113 624 versui
1153 584 1291 624 oritur
1331 583 1521 625 libertas.
1582 598 1705 638 prae-

198 656 319 693 terea
349 650 615 704 intellegitur
647 651 820 692 minime
852 655 1051 705 oportere
1082 656 1233 705 poetas
1270 652 1407 693 cultas
1446 652 1550 706 ipsis
1591 652 1707 706 leges

198 733 370 761 servare
414 720 457 760 in
500 720 680 761 aliorum
721 719 915 761 versibus
962 719 1214 771 afferendis,
1257 734 1396 773 neque
1439 721 1529 762 sine
1576 734 1707 761 causa

146 784 149 787 ¹
197 790 420 839 factumst,
453 788 567 841 quod
597 792 796 829 auctores
830 788 1070 839 christiani,
1103 788 1220 829 locos
1253 788 1304 830 de
1337 789 1552 842 scriptura
1582 802 1707 830 sacra

197 858 355 912 petitos
388 856 567 897 carmini
597 860 644 897 ut
677 857 1014 908 accommodent,
1046 857 1185 898 minus
1208 870 1335 911 aegre
1357 857 1582 911 patiuntur
1603 857 1707 898 alio-

198 926 271 979 qui
301 925 506 980 placitam
539 929 774 967 metrorum
806 939 1000 966 normam
1032 925 1265 967 immutari.

310 994 454 1035 Veluti
496 993 720 1035 Phaedrus
768 1008 863 1035 cum
906 1008 1140 1048 numquam
1191 995 1465 1036 sustinuisset
1506 998 1707 1047 quartum

195 1063 348 1116 pedem
392 1062 549 1103 senarii
593 1066 792 1104 constare
831 1063 962 1104 verbo
1003 1063 1047 1104 in
1093 1063 1330 1117 spondeum
1373 1067 1577 1114 exeunte,
1624 1076 1707 1103 non

195 1132 339 1172 timuit
370 1131 504 1172 citare
536 1131 661 1171 Ennii
695 1135 878 1172 metrum
910 1132 996 1173 tale
1026 1131 1105 1186 [III
1137 1131 1232 1185 epil.
1265 1132 1360 1186 34]:

402 1210 521 1254 palam
546 1211 680 1245 mutire
711 1210 850 1254 plebeio
876 1211 1107 1255 piaculumst.

197 1288 327 1338 atque
358 1285 420 1326 ita
449 1284 648 1326 Sedulius
679 1299 781 1326 usus
813 1289 878 1326 est
913 1285 1034 1327 hiatu
1062 1299 1239 1339 prorsus
1271 1285 1532 1327 abhorrente
1564 1299 1589 1326 a
1616 1285 1708 1340 pla-

197 1354 292 1395 citis
324 1353 411 1395 suis
442 1353 485 1394 in
517 1354 709 1395 oratione
742 1353 957 1395 dominica
990 1354 1042 1408 [c.
1073 1368 1112 1408 p.
1144 1354 1174 1403 I,
1209 1354 1330 1409 305]:

403 1440 454 1474 sic
480 1439 531 1473 ait
555 1439 634 1484 ipse
661 1439 798 1474 docens
822 1436 896 1484 tesso
923 1440 957 1473 in
989 1443 1093 1484 patre
1120 1443 1157 1475 et
1182 1443 1288 1485 pater
1313 1440 1349 1474 in
1375 1436 1462 1475 me'.

309 1543 378 1584 IV.
429 1543 484 1584 Et
514 1542 622 1584 haec
662 1543 834 1596 quidem
875 1544 1176 1597 exceptionum
1219 1557 1378 1597 genera
1417 1543 1511 1597 ipsa
1552 1546 1709 1585 natura

196 1612 322 1653 metri
354 1615 396 1653 et
429 1611 635 1653 orationis
668 1612 876 1653 oriuntur.
930 1612 1015 1653 alia
1046 1625 1145 1653 vero
1179 1626 1203 1652 a
1234 1625 1467 1666 progressu
1499 1612 1606 1653 artis
1634 1625 1709 1653 seu

196 1680 367 1722 defectu
407 1684 736 1734 temporumque
776 1680 1014 1722 intervallis
1056 1684 1099 1722 et
1138 1680 1388 1722 diversitate
1429 1693 1605 1734 operum
1641 1694 1707 1722 re·

195 1748 394 1803 petenda.
448 1762 533 1802 qua
564 1749 607 1789 in
633 1762 680 1790 re
709 1748 790 1791 hoc
821 1749 1012 1803 potiores
1034 1749 1188 1801 Latini,
1221 1749 1336 1802 quod
1369 1748 1484 1803 apud
1516 1762 1587 1791 eos
1619 1749 1708 1803 ple-

195 1831 329 1871 raque
375 1820 514 1858 metra
556 1817 748 1871 legitimo
793 1831 995 1859 successu
1036 1831 1190 1859 venere
1233 1818 1288 1859 ad
1332 1832 1565 1869 summum,
1613 1831 1708 1858 cum

196 1886 310 1940 apud
344 1886 552 1938 Graecos,
595 1886 668 1939 qui
699 1887 977 1928 vetustissimi
1009 1890 1208 1928 auctores
1243 1887 1367 1937 artis,
1406 1886 1519 1927 idem
1551 1886 1636 1927 sint
1667 1889 1709 1927 et

194 1954 508 2008 perfectissimi.
568 1958 798 2009 praeterea
837 1955 1149 2010 posterioribus
1191 1955 1343 1996 horum
1394 1954 1538 1996 offecit
1578 1954 1709 1995 nimia

196 2023 372 2064 Homeri
395 2023 644 2075 auctoritas,
678 2037 803 2077 quem
834 2038 936 2066 sane
969 2037 1020 2065 ea
1051 2024 1325 2065 veneratione
1358 2026 1457 2065 sunt
1477 2023 1708 2077 prosecuti,

197 2106 324 2145 quam
368 2093 732 2147 εἰδωλολατρείαν
775 2096 931 2134 vocant
970 2093 1063 2147 ipsi.
1124 2093 1346 2146 aliquanto
1388 2091 1529 2133 rarius
1569 2091 1710 2132 evenit

196 2160 311 2214 apud
353 2160 547 2212 Latinos,
589 2164 637 2202 ut
679 2161 920 2215 elegantiae
961 2161 1078 2216 leges
1117 2175 1222 2216 prae
1264 2160 1402 2202 Ovidii
1443 2159 1708 2214 Vergiliique

195 2228 365 2282 placitis
398 2232 715 2284 spernerentur.

309 2297 447 2352 Igitur
477 2311 561 2338 non
590 2298 745 2339 mirum
782 2297 972 2339 diversas
1003 2298 1118 2339 inter
1150 2311 1194 2339 se
1223 2300 1264 2339 et
1286 2297 1480 2351 dispares
1501 2310 1580 2351 pro
1602 2299 1708 2338 tem-

196 2379 349 2420 porum
390 2365 601 2407 varietate
638 2365 816 2420 singulis
861 2367 999 2420 poetis
1038 2365 1227 2408 adfuisse
1268 2366 1459 2407 rationes
1493 2365 1707 2406 metricas.

197 2447 458 2488 quamquam
496 2434 623 2476 huius
665 2435 728 2476 rei
770 2434 976 2476 iudicium
1018 2434 1231 2476 lubricum
1270 2433 1505 2476 identidem
1546 2436 1589 2474 et
1619 2446 1708 2474 am-

196 2502 390 2556 biguum,
429 2502 616 2556 primum
657 2503 759 2556 quia
787 2502 1092 2556 plerorumque
1126 2506 1352 2544 auctorum
1382 2505 1576 2543 veterum
1606 2501 1707 2542 libri

197 2584 382 2624 quonam
414 2570 563 2612 ordine
585 2571 746 2612 fuerint
769 2571 995 2625 compositi
1015 2572 1253 2625 ignoratur,
1284 2574 1377 2613 tum
1399 2569 1514 2624 quod
1537 2569 1707 2611 omnino

196 2643 389 2680 veterum
421 2639 680 2693 scriptorum
713 2639 853 2693 prima
885 2653 955 2681 ars
988 2653 1013 2681 a
1045 2653 1212 2681 summa
1242 2652 1327 2681 non
1350 2653 1398 2681 eo
1422 2638 1556 2680 distat
1575 2638 1707 2679 inter-

197 2707 326 2758 vallo,
359 2707 473 2761 quod
505 2707 670 2761 optinet
701 2707 834 2749 ferme
868 2708 991 2749 initia
1020 2708 1134 2749 inter
1163 2721 1213 2749 ac
1243 2707 1348 2748 fines
1379 2706 1706 2749 neotericorum.

197 2775 362 2817 scilicet
408 2776 567 2817 similes
611 2775 895 2829 interpretum
943 2789 1110 2828 eorum,
1158 2789 1265 2830 quos
1312 2775 1417 2817 dicit
1461 2775 1707 2828 Lessingius

197 2844 323 2886 edere
356 2857 562 2887 conversa
593 2857 616 2886 e
644 2844 802 2897 linguis
832 2845 1021 2886 externis
1054 2844 1217 2898 scripta
1247 2858 1330 2886 non
1364 2843 1594 2895 habentes,
1632 2842 1708 2885 sed
