1898 3292
690 257 810 282 mmm
829 257 1002 283 TERTIVS.
1513 251 1536 288 2
1543 251 1564 288 7
1572 251 1593 288 7

90 361 132 401 in
164 360 319 413 quibus
351 359 425 400 illa
455 363 616 411 niffl‘mn
651 363 764 399 rumis
797 374 955 405 ll[!,''(l.')!‚
999 375 1107 412 «111110
1150 362 1324 413 proprio
1357 366 1593 401 commento

90 429 225 482 posui,
257 442 341 469 non
372 428 546 469 hercule
570 427 730 468 maiore
754 428 955 469 dicuntur
978 428 1160 469 audacia
1183 442 1310 481 quam
1334 429 1593 470 simillimum

91 497 248 539 Valerii
267 496 409 537 Flacci
432 497 521 551 [HL
544 497 642 550 106]
681 494 813 537 ‘dedit
834 500 900 537 ille
920 511 1060 537 sonum
1082 511 1386 547 compressaque
1406 503 1594 538 mordens

89 580 269 616 aequora
293 578 551 616 purpuream
580 568 821 615 se'nfflcllihus
851 569 993 615 expui(
1014 563 1196 606 aem-anf.
1261 580 1358 605 nam
1388 566 1450 605 ita
1478 570 1594 607 recte

90 633 233 674 Aldus.
275 658 328 663 -—
370 633 552 686 denique
587 632 691 673 illud
725 636 803 673 iam
832 647 940 674 neme
971 647 1053 674 11011
1086 633 1258 686 quidem
1291 647 1476 687 semper,
1519 634 1593 674 scd

88 701 320 755 aliquando
361 715 438 755 pro
479 715 562 742 uno
603 704 857 754 usurpatum
890 701 1097 742 vocabulo
1141 701 1408 742 demonstrat
1446 716 1593 743 versus

88 770 270 824 Porsyrii
300 770 545 823 reciprocus
578 769 663 823 [l3,
699 769 761 823 ]]:

360 849 532 893 princeps
558 849 675 891 beate,
702 848 847 892 placido
875 850 941 883 sub
968 860 1034 883 axe
1060 850 1241 883 iamnunc.

358 906 528 940 iamnunc
555 907 621 940 sub
649 917 714 940 axe
741 905 897 950 placido,
925 907 1031 940 beate
1057 907 1241 950 princeps.

87 979 236 1016 contra
266 975 608 1028 praepositiones
639 973 955 1028 monosyllabas
978 975 1046 1015 vix
1078 989 1281 1028 umquam
1306 982 1399 1016 cum
1424 976 1592 1016 nomine

86 1058 162 1085 suo
208 1043 418 1084 coaluisse
457 1044 499 1084 in
532 1058 661 1084 unum
695 1042 1002 1096 dactylicorum
1034 1043 1355 1084 demonstratur
1386 1043 1590 1084 versibus.

200 1112 398 1153 Ceterum
431 1111 544 1165 quod
567 1111 759 1152 videmus
787 1115 985 1151 auctores
1014 1111 1112 1151 inde
1146 1125 1170 1152 a
1202 1112 1339 1164 primo
1371 1126 1409 1165 p.
1435 1111 1529 1152 Chr.
1553 1127 1591 1153 n.

86 1179 258 1221 saeculo
299 1180 436 1233 magis
475 1181 697 1232 magisque
740 1179 921 1228 cavisse7
963 1193 1014 1219 ne
1061 1179 1293 1221 notabilem
1334 1181 1377 1220 in
1420 1179 1590 1221 modum

86 1249 381 1302 discreparent
409 1248 718 1289 sententiarum
750 1247 855 1288 fines
888 1251 929 1288 et
962 1261 1095 1288 nexus
1128 1248 1181 1288 ab
1217 1248 1413 1289 ordinum
1446 1249 1590 1289 metri-

86 1331 230 1358 corum
264 1317 470 1367 terminis,
500 1331 582 1357 non
614 1317 776 1370 poterit
806 1316 911 1356 illud
945 1330 1036 1357 esse
1068 1317 1234 1357 mirum.
1298 1317 1432 1369 magis
1467 1322 1591 1367 esset,

85 1385 120 1426 si
154 1385 417 1426 contrarium
454 1385 674 1426 evenisset.
737 1385 895 1438 quippe
939 1384 980 1424 in
1023 1385 1210 1425 omnium
1251 1385 1415 1438 pariter
1456 1399 1589 1438 popu-

86 1453 224 1495 lorum
256 1454 427 1507 poetica
460 1454 600 1494 evenit
630 1468 707 1507 per
739 1457 979 1506 temporum
1013 1453 1182 1503 seriem,
1216 1454 1395 1494 rationis
1425 1453 1591 1506 logicae

85 1536 189 1563 cura
231 1526 279 1563 ut
318 1522 555 1563 invalescat
595 1522 777 1575 ideoque
819 1521 884 1562 vel
930 1522 1022 1562 soni
1069 1521 1300 1575 aliquando
1347 1521 1591 1575 rythmique

84 1604 188 1643 prae
220 1590 295 1631 illa
326 1594 655 1631 contemnantur
696 1594 941 1644 praecepta.
1002 1590 1139 1643 magis
1172 1590 1299 1630 etiam
1331 1589 1374 1630 id
1407 1591 1592 1643 optinuit

85 1658 199 1712 apud
231 1659 446 1699 Romanos
488 1663 769 1712 permanante
809 1658 956 1711 lingua
997 1672 1144 1699 corum
1182 1658 1237 1698 ad
1278 1658 1451 1699 ultimos
1492 1673 1589 1711 pro-

84 1727 350 1778 vincialium,
397 1728 470 1781 qui
516 1727 690 1768 sordida
730 1727 983 1780 plerumque
1028 1727 1267 1767 eruditione
1308 1731 1349 1767 et
1394 1727 1590 1780 pessimis

82 1796 301 1848 magistris
332 1796 531 1836 instructi
564 1795 820 1849 quantillum
854 1795 1057 1848 propriae
1087 1795 1228 1835 Latini
1267 1796 1474 1835 sermonis
1507 1795 1589 1836 ele-

83 1864 257 1916 gantiae
292 1864 592 1905 retinuerunt?
653 1865 799 1917 itaque
839 1877 1031 1904 normam
1072 1864 1217 1913 istam,
1262 1877 1522 1916 quamquam
1565 1878 1591 1904 a

81 1933 221 1985 prima
250 1947 398 1973 versus
429 1936 585 1973 natura
616 1932 820 1983 alienam,
861 1936 1004 1972 tamen
1037 1932 1295 1972 necessitate
1329 1931 1515 1984 quadam
1548 1936 1591 1972 et

82 2000 272 2054 legitimo
302 2015 534 2054 progressu
572 2001 786 2051 additam,
830 2001 901 2053 qui
943 2013 1037 2040 sero
1069 2004 1360 2053 provenerunt
1390 2004 1590 2041 auctores

82 2069 383 2122 vituperarunt
412 2069 581 2111 facilius
613 2083 741 2122 quam
773 2069 1024 2121 migrarunt.

197 2138 350 2179 Restat
380 2141 428 2178 ut
462 2138 616 2179 addam
654 2138 707 2178 ab
739 2138 834 2191 ipsa
878 2141 1112 2178 metrorum
1152 2136 1319 2178 ratione
1350 2136 1588 2190 profectam

82 2206 245 2247 servari
274 2205 424 2259 legem,
456 2210 504 2247 111
535 2220 613 2247 1100
644 2206 765 2247 initio
789 2220 935 2247 versus
964 2219 1103 2258 neque
1132 2204 1214 2246 fine
1247 2205 1369 2246 exilis
1399 2205 1524 2246 nimis
1547 2208 1590 2246 et

82 2274 270 2326 vulgaris
315 2274 500 2315 notionis
547 2274 809 2315 collocentur
849 2273 1072 2314 vocabula.
1135 2287 1245 2326 quae
1291 2274 1463 2327 quidem
1505 2288 1588 2327 (1110

82 2346 181 2383 sunt
212 2343 350 2396 spatio
382 2342 607 2395 ampliore,
650 2356 699 2383 00
738 2343 859 2395 peius
888 2342 1075 2383 habetur
1100 2342 1262 2383 vitium.
1324 2343 1482 2396 quippe
1513 2357 1588 2383 nu-

82 2411 201 2461 meri,
233 2425 327 2451 011111
358 2410 498 2464 prima
528 2414 652 2464 parte
691 2411 965 2460 concitatius,
1008 2414 1054 2451 at
1090 2410 1243 2451 ultima
1283 2410 1420 2452 lenius
1460 2426 1588 2464 quam

83 2478 185 2519 alibi
214 2478 362 2529 fluant,
395 2482 470 2519 aut
500 2478 835 2531 praepedientur
866 2479 990 2520 nimis
1023 2482 1098 2520 aut
1129 2478 1399 2520 emollientur
1419 2479 1589 2520 humili-

81 2546 162 2587 bus
192 2547 378 2587 vocibus.
439 2547 538 2587 hinc
568 2551 632 2587 est
663 2547 777 2599 quod
814 2547 943 2597 haec,
987 2560 1098 2600 quae
1130 2547 1287 2588 totiens
1318 2551 1517 2600 prostant
1546 2548 1589 2587 in

84 2615 222 2668 capite
255 2629 418 2665 versus,
462 2613 588 2664 wlff,
627 2613 808 2666 ‘atque’,
848 2613 1043 2663 ‘verecm',
1088 2612 1259 2666 ‘quare’
1313 2615 1469 2655 similia
1500 2619 1587 2655 tam

84 2696 211 2736 saepe
244 2683 349 2724 elisa
379 2683 651 2723 inveniuntur
682 2683 832 2724 ultima
864 2687 906 2724 et
937 2683 1052 2736 quod
1083 2684 1301 2736 graviores
1330 2697 1380 2723 ac
1401 2683 1589 2724 rariores

83 2750 264 2800 formae,
307 2765 416 2804 quae
460 2755 559 2792 sunt
599 2755 666 2792 olli
702 2755 745 2792 et
787 2755 893 2799 ollig,
940 2752 1194 2804 plerumque
1239 2751 1281 2791 in
1320 2751 1459 2804 prima
1501 2751 1587 2791 sive

83 2818 233 2859 ultima
267 2822 391 2872 parte
430 2819 707 2860 collocantur.
768 2820 828 2859 ita
868 2819 973 2860 illud
1004 2827 1125 2869 alque
1155 2833 1250 2860 cum
1285 2819 1452 2859 duobus
1484 2819 1587 2859 Ver-

85 2886 172 2939 gilii
205 2887 314 2941 [aen.
347 2887 437 2938 XII,
471 2891 575 2939 3553
608 2888 708 2941 615]
747 2887 869 2937 locis,
912 2902 994 2928 uno
1024 2886 1207 2928 Nasonis
1238 2887 1367 2940 [trist.
1399 2887 1452 2937 II⁷
1490 2887 1587 2941 145]

84 2955 139 2996 sit
169 2955 212 2996 in
243 2954 326 2997 fine
358 2955 484 2997 metri
514 2955 718 3010 positum,
764 2956 933 2997 omnino
967 2955 1020 2997 ab
1055 2955 1203 2997 cadem
1235 2954 1336 2996 sede
1368 2955 1587 2999 exclusere
