1898 3292
768 232 886 256 LIBER
905 231 1079 255 TERTIVS.
1596 223 1673 260 201

173 335 224 376 de
266 336 463 376 Tuticani
509 335 634 376 amici
683 335 851 375 nomine
897 335 1041 386 inepto
1087 333 1309 386 dactylicis
1355 334 1502 373 metris
1546 333 1680 373 refert

172 405 225 459 [e.
252 418 286 445 e.
318 403 362 445 P.
394 404 464 454 IV,
500 407 562 454 12,
594 404 660 458 7]:

423 495 506 517 nam
532 483 647 527 pudet
672 483 707 516 in
734 483 900 526 geminos
925 483 976 515 ita
1001 493 1133 516 nomen
1159 481 1297 515 findere
1322 492 1458 524 versus,

423 541 566 575 desinat
590 543 631 574 ut
654 540 757 584 prior
784 539 855 573 hoc
883 539 1109 583 incipiatque
1134 538 1263 571 minor.

171 610 283 652 unde
318 612 500 663 apparet
530 623 613 650 non
638 623 764 663 posse
797 608 840 650 in
870 608 987 649 exitu
1020 621 1112 648 esse
1144 607 1270 647 metri
1298 620 1424 647 voces
1456 606 1535 647 nisi
1567 621 1677 660 quae

172 682 215 720 et
243 678 363 732 ipsae
399 692 478 732 per
513 692 557 719 se
589 681 804 729 constent,
846 676 971 718 sicuti
1004 676 1162 717 accidit
1193 676 1235 716 in
1268 675 1437 717 Horatii
1468 675 1534 716 his
1575 676 1624 730 [s.
1650 676 1679 726 I,

172 752 209 798 9,
245 747 342 802 51]:

754 805 809 837 est
835 803 939 837 locus
965 803 1026 836 uni

422 849 554 893 cuique
580 861 665 883 suus

172 922 215 960 et
243 931 373 972 porro
404 918 454 972 [s.
484 917 515 969 Ι,
549 920 585 968 2,
618 917 709 972 62]:

988 996 1075 1040 quid
1101 997 1198 1030 inter

423 1057 479 1089 est
502 1055 539 1088 in
564 1057 740 1097 matrona,
767 1053 899 1088 ancilla
924 1065 1105 1098 peccesne
1130 1057 1266 1099 togata.

172 1127 323 1165 contra
353 1126 647 1178 corruptumst
676 1122 781 1164 illud
813 1123 862 1178 [s.
891 1123 942 1173 II,
975 1126 1011 1173 3,
1048 1123 1169 1177 117]:

754 1203 963 1237 stramentis
988 1203 1141 1237 incubet
1166 1202 1263 1236 unde

424 1261 616 1305 octoginta
640 1272 754 1294 annos
780 1263 895 1294 natus.

286 1331 341 1371 At
370 1330 413 1370 in
444 1329 706 1383 systematis,
743 1342 853 1382 quae
886 1328 1137 1383 synaphiam
1168 1327 1419 1378 admittunt,
1462 1342 1550 1368 rem
1583 1328 1677 1380 lege

170 1413 254 1440 non
285 1398 460 1440 vetitam
494 1412 569 1439 cur
600 1398 788 1439 vitarent
825 1400 1023 1439 auctores
1064 1397 1182 1438 nulla
1221 1396 1302 1437 fuit
1342 1410 1483 1437 causa.
1547 1411 1680 1449 quaro

170 1467 276 1508 nihil
305 1467 437 1508 habet
465 1467 605 1508 vitiosi
637 1467 681 1507 in
713 1466 942 1521 glyceoneo
975 1465 1132 1507 Catulli
1164 1465 1244 1506 hoc
1276 1466 1360 1520 [GL
1395 1466 1489 1519 82}

649 1546 737 1582 flere
764 1546 899 1581 desine.
948 1557 1020 1580 non
1048 1546 1127 1589 tibi,
1153 1544 1204 1579 A·

649 1603 847 1647 runculeia,
874 1603 1125 1647 periculumst,

170 1688 249 1714 nec
280 1672 416 1726 magis
444 1673 488 1713 in
523 1672 729 1727 sapphico
761 1672 952 1713 eiusdem
983 1672 1070 1713 tale
1103 1672 1188 1726 [11‚
1225 1672 1315 1726 11]:

446 1751 627 1786 Gallicum
651 1751 822 1786 Rhenum
846 1752 1023 1787 horribile
1048 1763 1187 1796 aequor
1212 1752 1294 1785 ulti-

444 1821 597 1853 mosque
622 1809 831 1843 Britannos.

172 1878 287 1932 quod
317 1877 458 1920 tribus
484 1877 691 1932 exemplis
718 1877 893 1932 repetiit
923 1878 1130 1919 Horatius
1170 1879 1223 1933 [o.
1256 1878 1292 1924 Ι,
1326 1882 1363 1929 2,
1400 1882 1471 1930 193
1505 1882 1570 1928 25,
1608 1881 1678 1929 113

170 1947 223 1998 11,
258 1951 320 1999 16,
354 1948 418 2002 7]:

444 2027 581 2062 labitur
610 2027 690 2072 ripa
716 2026 805 2061 Iove
831 2038 903 2061 non
929 2027 1111 2071 probante
1137 2039 1176 2061 u-

444 2096 570 2118 xorius
597 2095 722 2118 amnls.

445 2140 603 2176 Thracio
629 2141 834 2176 bacchante
860 2141 975 2186 magis
1000 2142 1067 2176 sub
1093 2141 1205 2176 inter-

444 2198 543 2232 lunia
566 2201 688 2232 vento.

445 2254 627 2300 Grosphe,
654 2268 726 2290 non
751 2256 905 2301 gemmis
931 2268 1050 2300 neque
1076 2268 1241 2301 purpura
1266 2268 1323 2291 ve-

445 2313 526 2347 nale
552 2324 620 2347 nec
647 2325 748 2347 auro.

171 2393 245 2434 ubi
276 2393 483 2435 memoria
515 2393 689 2446 dignum
722 2392 776 2434 ab
809 2395 993 2446 utroque
1026 2393 1068 2434 in
1108 2393 1374 2447 paenultimo
1414 2397 1582 2434 tantum
1615 2408 1680 2447 sy-

172 2462 367 2503 stematis
388 2475 514 2503 versu
544 2461 584 2502 11ε
608 2476 641 2502 e.
676 2465 774 2502 ante
805 2461 1008 2502 adonium
1041 2461 1269 2503 admissam
1301 2462 1517 2502 licentiam
1541 2462 1680 2502 istam.

171 2543 250 2570 nec
288 2529 415 2570 aliter
452 2529 667 2571 invenitur
707 2529 856 2570 eadem
894 2534 1105 2584 usurpata
1134 2531 1177 2571 in
1211 2530 1410 2584 Sapphus
1442 2530 1679 2571 carminum

170 2597 375 2650 reliquiis.
405 2623 460 2627 —
489 2601 680 2639 ceterum
721 2598 774 2639 ab
812 2597 879 2638 his
916 2598 1061 2652 paullo
1101 2598 1270 2640 diversa
1308 2599 1680 2653 hypermetrorum

170 2679 370 2707 versuum
410 2666 539 2717 ratic,
586 2666 638 2707 de
677 2665 833 2719 quibus
865 2667 1059 2720 proximo
1090 2667 1303 2708 volumine
1335 2670 1583 2720 exponetur.
1624 2691 1680 2696 —

172 2733 246 2775 sed
274 2734 385 2774 enim
415 2735 730 2787 insequentium
767 2738 1009 2788 temporum
1050 2739 1248 2776 auctores
1292 2735 1543 2788 refugerunt
1583 2735 1679 2786 ista,

171 2805 220 2843 ut
259 2805 433 2856 praeter
473 2803 734 2856 paucissima
774 2817 796 2844 e
838 2804 1027 2845 Senecae
1074 2804 1252 2844 canticis
1296 2802 1498 2844 liberiore
1542 2806 1679 2844 metro

173 2871 420 2924 compositis
451 2885 534 2911 non
564 2871 607 2911 in
644 2870 730 2912 ullo
772 2875 1021 2925 systemate,
1067 2872 1132 2913 vel
1173 2871 1247 2915 ubi
1290 2871 1475 2914 maxime
1515 2871 1678 2925 liceret,

173 2938 328 2981 similia
358 2939 690 2982 admitterentur
718 2939 924 2995 exempla.
