1898 3292
286 241 367 279 466
892 249 1011 274 LIBER
1030 249 1185 275 snx'rvs.

283 351 368 402 las,
410 365 520 404 quae
558 354 657 393 sunt
694 366 772 401 me,
814 360 868 400 re,
908 366 969 399 se,
1008 366 1098 400 nos,
1139 365 1222 399 vos,
1261 365 1355 392 cum
1385 350 1788 405 praepositionibus,

284 434 465 473 quarum
506 433 607 474 pars
650 421 787 461 altera
825 424 991 461 constet
1029 420 1183 461 suffixo
1221 420 1501 473 comparativi
1535 427 1595 460 ter
1627 421 1692 461 vel
1724 428 1789 461 tra

284 489 372 529 sive
401 502 463 539 eo,
496 488 610 541 quod
643 492 707 529 est
741 494 835 539 fra,
878 492 925 529 ut
955 492 1075 536 inter,
1108 492 1237 536 intra,
1271 491 1405 539 infra,
1439 501 1517 528 nec
1558 501 1640 528 non
1684 488 1789 529 illud

283 560 419 597 nescio
451 570 545 597 011111
578 557 842 610 pronominis
874 556 1084 597 indefiniti
1107 556 1246 596 forma
1268 556 1462 609 qualibet
1483 556 1788 610 monosyllaba.

283 638 418 678 quare
452 638 545 666 011111
571 626 627 666 311
654 625 724 666 lex
755 625 881 666 metri
913 625 1088 675 heroici,
1120 628 1168 665 ut
1200 623 1411 665 secundus
1442 638 1517 678 pes
1545 638 1596 664 ne
1631 624 1789 665 efficia-

282 697 354 734 tur
394 693 525 735 verbo
567 693 780 748 dactylico
822 697 897 735 aut
941 693 1196 747 spondiaco⁷
1239 696 1355 733 recte
1397 692 1558 733 liabent
1601 693 1655 733 ab
1698 698 1789 733 arte

282 762 396 803 velut
427 762 555 803 1100οε

488 839 648 870 attamen
674 836 770 870 inter
794 846 860 869 7205·
885 836 1006 870 medio
1033 838 1225 870 versantur
1250 835 1285 868 in
1312 846 1388 868 usu.

487 904 555 927 nec
582 896 645 927 tua
668 896 818 936 praeter
843 895 875 926 te
902 893 1038 927 chartis
1063 893 1230 926 intexere
1257 892 1458 935 quisquam.

488 962 571 983 nani
597 950 715 984 scelus
740 950 840 983 intra
867 959 903 982 se
928 950 1080 983 tacitum
1108 950 1168 993 qui
1196 949 1337 993 cogitat
1363 949 1485 982 ullum.

486 1018 590 1051 spem
619 1007 706 1040 mihi
734 1007 851 1040 nescio
877 1017 985 1049 quam
1013 1006 1114 1039 vultu
1141 1006 1326 1050 promittis
1352 1006 1480 1039 amico.

282 1079 327 1117 at
357 1076 512 1117 vitiosa
544 1079 643 1116 sunt
672 1075 799 1116 talia:

489 1152 545 1183 ast
570 1150 661 1183 inter
686 1159 752 1183 7203
778 1149 867 1183 hacc
893 1149 1014 1184 medio
1041 1152 1233 1183 versantur
1257 1149 1293 1182 in
1320 1160 1397 1183 usu.

486 1218 641 1250 namque
668 1207 765 1240 intra
792 1215 828 1240 se
853 1206 914 1250 qui
941 1207 1095 1240 tacitum
1120 1206 1239 1240 scelus
1265 1206 1444 1250 adprobat
1473 1206 1596 1239 ullum.

282 1279 324 1316 et
355 1275 462 1316 haec
493 1275 665 1328 quidem
698 1279 786 1316 tam
819 1279 911 1316 arte
944 1275 1208 1324 coaluerunt,
1250 1274 1401 1315 melius
1433 1278 1480 1315 ut
1509 1275 1656 1316 iuncta
1687 1276 1789 1316 scri-

281 1343 439 1385 bantur
490 1357 619 1397 quam
671 1343 900 1397 discerpta.
971 1347 1201 1396 praeterea
1251 1343 1415 1397 placuit
1464 1343 1680 1396 plerisque
1728 1343 1789 1383 in-

281 1411 431 1452 clinari
464 1412 727 1466 pronominis
758 1411 969 1453 indefiniti
1001 1411 1162 1452 formas
1189 1425 1272 1452 non
1296 1411 1529 1465 disyllabas
1552 1425 1629 1452 nec
1652 1412 1789 1452 minus

280 1480 399 1521 verbi
423 1480 656 1535 copulativi
687 1480 793 1522 illud
836 1478 937 1520 ‘est’
976 1483 1018 1521 01
1050 1479 1282 1533 aliquando
1313 1494 1422 1528 semu
1455 1494 1519 1528 es,-
1548 1487 1663 1529 sunm
1693 1484 1789 1527 xlm,-

278 1552 356 1597 ελεγ
386 1552 460 1592 sil:
491 1553 584 1595 sint,
617 1563 710 1590 cum
742 1548 1023 1603 praecederet
1054 1552 1130 1590 aut
1151 1548 1447 1602 monosyllaba
1468 1562 1549 1590 vox
1571 1548 1789 1601 quaelibet

279 1621 354 1658 aut
382 1617 611 1671 plusquam
649 1617 944 1672 monosyllaba
974 1616 1192 1670 pyrrichio
1225 1616 1290 1658 vel
1321 1617 1525 1659 trochaeo
1558 1617 1786 1658 terminata

279 1699 353 1726 3011
385 1685 628 1737 tribracho,
671 1686 792 1727 cuius
831 1689 974 1726 tamen
1015 1685 1157 1726 finalis
1201 1685 1398 1739 synchysi
1440 1685 1556 1727 facta
1597 1690 1789 1727 maneret

280 1753 434 1795 brevis.
496 1759 679 1808 apparet
710 1758 853 1795 autem
895 1754 1032 1795 iuvari
1075 1754 1251 1795 enclisin
1282 1753 1401 1794 verbi
1435 1754 1709 1803 substantivi,
1753 1755 1787 1795 si

278 1823 511 1876 praecedat
542 1823 642 1864 huic
673 1821 915 1864 subiectum
938 1823 1004 1863 vel
1033 1822 1344 1876 praedicatum.
1395 1823 1542 1876 itaque
1564 1837 1646 1863 non
1670 1827 1786 1864 recte

277 1891 474 1933 dicentur
506 1891 769 1945 degenerare
801 1905 827 1932 a
856 1890 1023 1945 legibus
1055 1904 1184 1944 super
1218 1891 1335 1932 exitu
1367 1905 1640 1932 numerorum
1674 1891 1783 1932 libro

276 1960 405 2000 tertio
434 1960 668 2014 propositis
699 1963 839 2001 metra
873 1959 1003 2000 talia:

483 2039 630 2084 suisque
655 2050 828 2083 magnum
854 2041 1035 2073 monstrat
1060 2041 1245 2073 ostentum
1270 2038 1304 2071 si
1329 2039 1423 2082 quis.

484 2097 671 2130 carnarius
696 2107 786 2139 sum,
812 2096 1040 2140 pinguiarius
1065 2105 1136 2129 mm
1164 2105 1254 2128 sum.

483 2165 611 2198 parum
640 2153 847 2197 expatravit
872 2164 916 2186 an
942 2164 1071 2197 parum
1095 2152 1283 2186 helluatus
1309 2151 1392 2185 est?

482 2222 611 2245 manus
636 2223 656 2244 a
681 2211 832 2244 muliere
858 2210 1042 2244 abstinere
1070 2209 1197 2243 melius
1223 2212 1284 2243 est.

482 2268 659 2312 vobisque
685 2277 746 2312 eqo
772 2267 852 2301 sim.

279 2338 430 2376 contra
477 2336 587 2377 male
631 2335 793 2377 habent
836 2336 1025 2377 Senecae
1071 2334 1325 2376 monometri
1371 2335 1636 2388 anapaestici
1678 2334 1787 2376 tales

276 2404 421 2458 [Herc.
454 2404 547 2445 Oet.
589 2408 687 2456 1973
720 2404 812 2445 Oct.
842 2405 967 2458 93llz

481 2483 549 2518 sibi
582 2482 754 2517 Tantalis
780 2486 840 2518 est.

481 2539 568 2584 quid
593 2540 736 2574 saevior
761 2539 823 2573 est.

276 2611 478 2659 ceterum,
518 2612 566 2649 ut
602 2608 742 2649 obiter
781 2608 862 2649 hoc
892 2621 1100 2659 moneam,
1142 2612 1242 2649 satis
1278 2621 1365 2648 esse
1396 2608 1462 2649 vel
1493 2614 1557 2648 sat
1589 2622 1677 2649 esse
1707 2622 1785 2662 pro

275 2675 528 2717 sufficiendo
558 2676 745 2730 positum
778 2677 937 2718 rectius
970 2676 1183 2717 scribetur
1204 2689 1290 2717 una
1311 2689 1413 2717 voce
1445 2677 1556 2717 sicut
1587 2680 1785 2726 polio-esse

276 2743 341 2784 vel
384 2751 558 2794 potesse.
634 2744 819 2797 (lenique
864 2744 919 2785 acl
966 2744 1287 2785 similitudinem
1335 2758 1481 2785 eorum
1530 2758 1640 2797 quae
1686 2748 1785 2785 sunt

267 2809 465 2860 ‘interse;
500 2810 735 2863 praeterte'
773 2812 948 2853 Ovidius
976 2812 1083 2853 illud
1113 2820 1172 2853 est
1208 2812 1263 2853 ad
1291 2813 1546 2866 particulam
1570 2826 1653 2853 non
1686 2813 1782 2853 sim-

273 2880 427 2933 plicem
460 2884 639 2931 quamvis
668 2881 888 2922 inclinavit
918 2880 1000 2922 hoc
1030 2894 1155 2921 versu
1187 2881 1269 2935 [ep.
1303 2894 1336 2922 e.
1371 2881 1412 2921 P.
1446 2882 1496 2931 ΙΙ,
1529 2884 1566 2931 8,
1601 2881 1694 2934 76]:

479 2960 647 3003 iustaque
674 2960 841 3003 quanwis
869 2962 931 3002 est,
958 2960 1004 2993 sit
1033 2960 1153 2993 minor
1179 2961 1231 2994 ira
1256 2960 1324 2993 dei.
