1898 3292
723 253 842 278 LIBER
862 256 884 284 Q
891 253 1050 279 VARTVS.
1558 248 1637 286 307

133 369 201 409 pg.
238 358 319 397 250
351 355 413 397 ed.
445 355 645 410 Schenk]
677 359 920 404 Pere‘ander,
954 356 1066 409 apud
1100 356 1337 397 Licentium
1370 357 1490 411 [139]
1530 361 1638 399 chri-

133 427 268 465 stiana
298 427 340 465 et
367 424 410 464 in
442 423 701 477 Anthologia
732 425 846 478 [102‚
876 428 897 464 2
924 424 989 478 R.]
1023 427 1193 465 Iasonis.
1254 429 1483 478 praeterea
1513 426 1640 467 simili

134 505 279 532 errore
310 491 483 544 quidam
519 485 764 532 ultimorum
796 495 1039 545 temporum
1071 492 1303 545 scriptores
1337 492 1483 534 dixere
1516 508 1638 535 euan-

131 563 303 611 gelicum
335 563 377 601 et
404 560 559 601 similia
592 575 617 601 u
649 574 837 601 consona
869 565 910 601 et
942 564 1142 614 correpta
1171 561 1332 614 prima,
1365 561 1495 603 veluti
1529 563 1638 605 Pau-

133 627 244 668 linus
276 627 632 669 Petricordiensis
666 626 721 684 [d.
744 643 779 669 v,
802 627 978 669 Martini
1000 629 1030 679 I,
1054 631 1097 680 23
1130 628 1198 679 VI,
1222 627 1336 684 211].
1387 628 1449 671 ita
1472 630 1638 672 Venan-

133 696 219 736 tius
250 695 513 737 Fortunatus
547 694 736 752 [miscell.
768 697 838 747 IV,
876 701 908 748 1,
943 696 1008 753 5];

406 775 475 809 hoc
502 776 615 820 igitur
642 776 783 810 tumulo
808 776 984 820 requiesit
1008 775 1209 810 Evenierus
1235 776 1340 810 almo.

135 848 210 890 sed
240 849 355 903 apud
384 849 603 890 Sidonium
640 849 806 905 [paneg.
835 851 1030 892 Anthem.
1059 850 1157 907 372]
1191 851 1484 904 reponendum
1515 855 1638 904 Syra-

133 920 286 966 cosi0s;
328 917 400 970 qui
444 918 743 970 graecanicam
781 918 964 959 formam
1005 918 1115 960 sicut
1155 921 1369 961 Ausonius
1409 919 1539 975 [idyll.
1578 924 1639 969 10,

134 983 230 1041 304]
266 988 308 1026 et
338 988 489 1026 auctor
511 986 713 1027 carminis
744 986 795 1027 de
827 986 1089 1040 ponderibus
1124 986 1238 1043 [127]
1275 977 1450 1041 Vergilii
1484 987 1639 1044 [bucol.

134 1057 169 1102 6,
195 1052 233 1109 1]
268 1053 507 1095 imitatione
539 1053 748 1095 adhibuit.
804 1059 994 1096 ceterum
1027 1059 1154 1104 lulm,
1186 1060 1235 1097 ut
1263 1070 1314 1097 ex
1339 1056 1505 1098 Graeco
1539 1057 1640 1098 duc-

130 1125 222 1162 tum
253 1121 452 1172 verbum,
496 1122 575 1162 etsi
614 1123 828 1164 constanti
859 1138 938 1165 usu
972 1128 1198 1177 poetarum
1229 1124 1362 1166 habet
1392 1129 1405 1166 ἱ
1437 1125 1639 1177 vocalem,

131 1189 205 1230 ubi
242 1189 355 1231 filius
387 1191 557 1231 Aeneae
598 1191 881 1244 significatur,
925 1192 1035 1233 sicut
1067 1195 1196 1234 Iulius
1236 1207 1484 1244 consonam,
1526 1194 1639 1235 unde

133 1257 344 1311 Vergilius
379 1257 486 1314 [aen.
518 1259 548 1309 Ι,
582 1257 703 1315 288];

405 1337 521 1372 Iulius
547 1349 567 1372 a
592 1349 725 1383 magno
751 1338 951 1374 deductum
978 1351 1111 1375 nomen
1136 1340 1218 1376 Iulo

134 1410 202 1468 [cf.
227 1415 268 1453 et
289 1412 456 1453 Terent.
487 1416 589 1464 5323
623 1412 736 1469 536],
769 1417 925 1465 tamen,
959 1429 1053 1456 cum
1084 1415 1197 1456 idem
1230 1416 1359 1456 etiam
1381 1420 1642 1469 agnoscatur

132 1494 224 1521 esse
248 1481 446 1521 Latinum
475 1484 517 1521 et
548 1481 602 1522 ab
635 1481 798 1531 eadem,
826 1496 912 1535 qua
945 1486 1063 1532 Ioves,
1096 1484 1230 1537 stirpe
1262 1483 1506 1532 deductum,
1539 1485 1640 1538 quin

132 1548 388 1604 disyllabum
418 1548 616 1591 adhiberi
646 1550 838 1603 potuerit
869 1550 924 1592 ab
956 1551 1138 1593 Horatio
1174 1551 1317 1608 [0.1v,
1341 1557 1377 1603 ⁴2,
1401 1551 1441 1608 2]
1475 1554 1517 1594 in
1547 1553 1639 1594 illo:

405 1627 497 1671 Iule,
525 1629 658 1663 ceratis
686 1641 757 1674 ope
782 1629 979 1674 Daedalea,

131 1701 206 1744 ubi
249 1703 457 1744 Antonius
504 1703 717 1744 triumviri
766 1703 879 1745 filius
930 1705 1220 1759 significatur,
1272 1706 1338 1747 cui
1382 1707 1510 1747 cessit
1559 1706 1642 1748 1100

133 1784 383 1824 cognomen,
415 1785 497 1813 non
530 1771 761 1813 intercedo.
824 1776 1014 1814 attamen
1054 1774 1165 1815 aliae
1208 1778 1307 1816 sunt
1350 1788 1523 1826 causae,
1566 1788 1642 1816 cur

133 1843 380 1893 corruptum
432 1839 585 1881 merito
636 1844 862 1882 censeatur
907 1841 1013 1883 illud
1061 1845 1146 1883 Iule
1194 1846 1237 1884 et
1282 1843 1641 1897 amplectendum,

132 1907 247 1961 quod
268 1907 561 1962 Perlcampius
583 1909 756 1960 invenit,
790 1913 868 1959 ille,
901 1910 981 1951 nisi
1015 1909 1125 1952 forte
1155 1911 1325 1964 gravior
1347 1911 1454 1953 latet
1474 1911 1640 1953 menda.

130 1976 216 2017 iam
260 1990 281 2017 0
322 1976 566 2018 nominibus
604 1976 806 2019 barbaris
845 1981 1026 2020 Iudaeus
1069 1993 1239 2033 semper
1284 1980 1423 2021 tribus
1464 1978 1643 2021 effertur

132 2044 327 2099 syllabis,
369 2045 518 2098 itaque
549 2048 726 2097 Iazyqes
763 2046 872 2087 dixit
905 2046 1098 2097 Ovidius,
1143 2048 1178 2089 si
1208 2051 1399 2089 verumst
1432 2047 1558 2104 [trist.
1589 2048 1642 2099 ΙΙ,

135 2111 247 2169 191],
280 2116 492 2154 Iaxartem
522 2114 708 2155 Avienus
741 2113 893 2170 [deser.
927 2115 1016 2156 orb.
1050 2114 1164 2172 929]

246 2182 441 2235 Denique
473 2196 673 2235 magnam
707 2183 787 2224 sibi
823 2183 1058 2237 permisere
1091 2184 1311 2226 licentiam
1344 2184 1568 2226 christiani
1600 2185 1643 2225 in

132 2249 353 2291 vocabulis
395 2249 626 2302 Hebraeis,
669 2264 780 2304 quae
825 2251 880 2293 ab
921 2255 935 2292 i
972 2252 1119 2294 littera
1160 2253 1409 2307 inciperent.
1479 2253 1542 2294 ita
1573 2255 1643 2294 Iob

132 2331 210 2371 pro
240 2317 419 2360 libidine
451 2332 537 2359 una
567 2318 733 2373 syllaba
764 2319 830 2361 vel
873 2319 1064 2371 duabus,
1107 2321 1168 2361 sic
1215 2320 1387 2374 quidem
1430 2320 1644 2362 communi

133 2386 297 2440 priore,
340 2385 529 2428 effertur.
589 2390 819 2440 praeterea
862 2387 1081 2441 dignumst
1121 2389 1330 2430 memoria
1362 2388 1644 2430 Prudentium

134 2467 302 2508 semper
331 2468 492 2508 ponere
524 2454 780 2508 disyllabum
812 2458 945 2497 Iesum
977 2459 1019 2497 et
1049 2455 1131 2497 hoc
1162 2456 1297 2498 ferme
1327 2456 1476 2498 modo:

407 2534 462 2568 vir
489 2533 587 2568 solus
612 2533 799 2578 perfectus
825 2534 930 2569 adest
956 2538 1066 2579 atque
1093 2536 1239 2580 integer
1262 2535 1379 2579 Iesus,

133 2611 182 2649 ut
221 2610 433 2662 appareat
482 2608 847 2661 pronuntiandum
885 2613 1017 2658 Isum,
1059 2623 1320 2664 quamquam
1368 2610 1493 2652 aliter
1531 2610 1644 2652 idem

134 2675 266 2717 semel
300 2674 429 2732 [cath.
456 2678 520 2726 12,
545 2675 643 2732 173]
685 2674 770 2718 ‘hic
800 2691 942 2729 nempe
964 2681 1080 2719 lesus
1111 2682 1261 2728 verior,
1293 2678 1496 2720 ubi›cum
1518 2677 1646 2720 Iosua

136 2747 412 2798 comparatur
443 2743 648 2785 Christus.
710 2749 899 2786 ceterum
931 2749 974 2787 et
1002 2746 1210 2787 Iuvencus
1245 2745 1292 2802 [1‚
1316 2749 1421 2797 264;
1453 2746 1526 2797 ΙΙΙ,
1545 2745 1643 2805 268]

137 2815 340 2861 Irerniam,
372 2815 415 2853 et
449 2810 494 2868 [1,
528 2815 608 2853 313
640 2811 709 2868 al]
743 2815 895 2854 Isaiam
924 2814 1091 2867 posuit3
1123 2817 1254 2866 atque
1282 2813 1439 2855 similia
1467 2813 1551 2855 alii.

251 2880 343 2921 Non
366 2880 510 2933 inepte
532 2879 679 2921 videor
706 2880 788 2922 hoc
818 2881 913 2923 loco
946 2881 1118 2932 addere,
1153 2880 1269 2934 quod
1298 2881 1424 2935 vulgo
1457 2881 1648 2924 creditur

137 2948 285 3000 quinto
317 2963 356 3001 p.
387 2948 483 2988 Chr.
514 2962 553 2988 n.
586 2948 758 2989 saeculo
790 2949 974 3001 primum
1017 2949 1228 2995 evenisse,
1273 2953 1321 2990 ut
1364 2963 1385 2990 c
1425 2949 1490 2991 vel
1533 2958 1546 2991 t
1582 2964 1645 2992 se-

1302 3017 1371 3050 20*
