1898 3292
243 226 326 264 220
834 232 954 256 LIBER
973 232 1146 257 TERTIVS.

360 336 440 376 Sed
477 336 586 376 enim
618 336 700 375 iam
727 335 1018 387 quaerendum
1044 335 1125 375 erit
1147 334 1198 374 de
1223 348 1414 380 caesura,
1448 348 1575 386 quam
1600 347 1750 373 novam

243 404 325 446 sibi
348 404 462 445 visus
485 408 550 445 est
571 404 813 457 repperisse
836 403 1136 444 Lachmannus
1170 403 1257 457 [pg.
1281 403 1382 456 415]
1412 402 1525 442 inter
1548 401 1752 454 collique-

244 477 411 514 scentes
444 472 642 527 syllabas.
703 473 836 525 igitur
867 471 1020 512 statuit
1051 471 1140 521 ille,
1183 485 1233 511 ea
1262 471 1296 511 si
1330 484 1476 511 versus
1508 470 1626 517 sede,
1670 483 1755 522 qua

244 541 433 594 legitime
465 541 639 594 ponitur
672 554 869 591 caesura,
909 543 1075 580 constet
1104 540 1271 580 initium
1304 539 1439 589 verbi,
1485 539 1552 579 cui
1585 539 1757 591 iugetur

243 624 321 663 per
353 609 572 650 elisionem
604 608 881 663 praecedens,
915 607 1029 662 quod
1060 608 1103 648 in
1134 607 1306 661 longam
1338 607 1528 648 vocalem
1560 607 1626 647 vel
1658 620 1756 646 con-

245 692 391 719 sonam
419 693 454 718 m
487 678 680 727 desinat,
722 677 815 718 fieri
864 681 980 717 recte
1021 677 1271 717 incisionem
1310 676 1422 716 inter
1465 675 1607 716 media
1649 675 1758 715 haec

245 747 475 797 vocabula,
521 747 670 800 utique
707 746 901 787 adiutam
932 745 1198 799 synhaeresi,
1240 749 1287 786 ut
1327 744 1436 785 bene
1479 744 1670 785 habeant
1703 743 1756 784 ab

243 819 337 856 arte
371 819 509 856 metra
540 815 671 856 haec:

475 896 510 928 in
537 895 621 929 vino
648 906 737 937 esse,
764 895 827 929 ubi
854 895 918 938 qui
943 894 1110 927 invitavit
1136 893 1309 937 dapsilius
1336 905 1384 927 se.

479 953 531 986 sic
558 952 687 986 animis
712 955 837 985 natum
864 952 1125 995 inventumque
1151 949 1486 995 poema'iuvandim

250 1022 406 1062 vitiosa
437 1021 522 1062 sint
553 1021 681 1062 talia:

484 1100 705 1135 Vulturnum
731 1110 890 1145 quasque
916 1104 1079 1134 evertere
1106 1099 1251 1134 silentia
1274 1099 1464 1144 Amyclae.

480 1170 554 1192 non
580 1158 697 1202 quivis
723 1157 820 1191 videt
844 1157 1072 1191 inmodulata
1098 1160 1269 1201 poemata
1294 1156 1414 1190 iudex,

251 1242 378 1281 quam
429 1241 574 1268 veram
627 1241 719 1268 esse
763 1227 1054 1280 opinationem
1107 1225 1222 1266 nullo
1273 1225 1375 1266 mihi
1427 1224 1761 1279 persuadebitur

255 1300 393 1350 pact-o.
455 1310 506 1337 ac
546 1296 730 1349 primum
773 1295 945 1348 quidem
986 1309 1069 1336 non
1113 1295 1253 1348 capio,
1294 1294 1434 1347 qualis
1474 1294 1586 1334 ratio
1634 1293 1764 1333 fuisse

252 1365 440 1406 elisionis
485 1364 683 1405 videatur
721 1363 1009 1404 Lachmanno.
1086 1377 1183 1403 nam
1232 1363 1319 1403 sive
1372 1363 1499 1403 eximi
1551 1366 1767 1402 statuetur

254 1433 425 1474 finalem
471 1433 514 1473 in
554 1432 744 1473 vocalem
786 1432 852 1473 vel
893 1447 927 1473 m
973 1431 1237 1472 desinentem
1274 1435 1479 1484 sequente
1510 1430 1647 1471 voc-ali
1680 1430 1767 1470 sive

253 1503 397 1556 potius
429 1501 609 1556 synizesi
643 1501 879 1551 obscurari,
911 1500 1030 1550 illud,
1063 1504 1272 1553 quantum
1296 1513 1373 1553 ego
1396 1500 1541 1548 sciam,
1576 1513 1659 1539 non
1686 1498 1769 1539 fuit

255 1571 328 1624 qui
357 1571 598 1621 dubitaret,
645 1583 738 1611 eam
780 1570 861 1610 nisi
904 1569 1091 1610 admisso
1134 1569 1257 1609 hiatu
1300 1582 1385 1609 non
1416 1568 1578 1609 habere
1612 1567 1695 1607 vim
1725 1567 1768 1606 in

257 1642 406 1680 metro.
479 1653 605 1692 quam
658 1638 901 1692 opinionem
953 1637 1068 1691 quod
1119 1641 1392 1678 contemnere
1436 1636 1590 1679 maluit
1634 1635 1769 1676 Lach-

257 1722 439 1749 mannus
469 1721 598 1761 quam
631 1706 868 1757 confutare,
901 1705 1097 1759 equidem
1128 1705 1233 1746 satis
1264 1705 1406 1746 miror.
1459 1705 1544 1746 iam
1575 1718 1669 1745 cum
1692 1718 1770 1744 nec

255 1777 347 1831 ipse
377 1777 624 1827 invenerim,
658 1776 731 1829 qui
762 1776 901 1829 possit
931 1774 1202 1824 labefactari,
1236 1777 1419 1828 apparet
1451 1774 1494 1814 in
1525 1787 1651 1814 versu
1671 1771 1765 1813 tali:

486 1868 538 1902 010
565 1868 695 1901 animis
720 1871 848 1901 natum
873 1868 1137 1911 inventumque
1166 1878 1299 1911 poema
1323 1866 1490 1900 iuvandis

259 1963 501 1999 caesuram,
542 1949 576 1989 si
614 1949 727 1989 inter
767 1947 1122 2001 colliquescentes
1153 1947 1231 1988 fiat
1260 1946 1467 2001 syllabas,
1508 1959 1591 1986 non
1623 1949 1771 1986 extare

258 2019 401 2072 potius
433 2021 532 2071 post
562 2017 737 2058 tertiam
770 2017 885 2057 arsin
918 2030 1046 2069 quam
1079 2020 1178 2069 post
1209 2016 1350 2057 thesin
1383 2014 1634 2064 secundam,
1668 2027 1772 2067 qua-

257 2087 340 2128 lem
371 2086 593 2127 heroicum
625 2089 810 2126 metrum
842 2099 927 2126 non
963 2084 1129 2138 recipit.
1189 2087 1420 2138 praeterea
1451 2097 1534 2124 non
1556 2082 1772 2135 intellego,

260 2170 336 2196 cur
374 2155 625 2196 incisionem
669 2154 795 2195 istam
839 2154 1082 2207 precariam
1124 2166 1208 2193 non
1236 2152 1482 2206 permiserit
1511 2151 1605 2192 fieri
1637 2150 1773 2191 Lach-

258 2238 458 2275 mannus,
499 2222 580 2263 nisi
621 2222 656 2263 si
696 2226 809 2264 esset
852 2222 970 2263 elisio
1013 2224 1089 2262 aut
1129 2221 1282 2274 longae
1323 2224 1399 2261 aut
1437 2221 1480 2260 in
1510 2234 1546 2260 m
1578 2219 1773 2260 exeuntis

260 2292 464 2346 syllabae,
496 2296 544 2333 ut
566 2292 744 2332 vitiosus
773 2291 811 2332 ei
833 2290 1052 2331 videretur
1074 2304 1222 2331 versus
1252 2289 1352 2330 talis
1383 2289 1527 2344 [Lucr.
1549 2288 1601 2338 ΙΙ,
1623 2287 1773 2342 1059];

492 2386 625 2428 sponte
653 2395 718 2417 sua
743 2382 839 2417 forte
866 2381 1078 2416 offensando
1105 2381 1244 2415 semina
1269 2392 1402 2415 rerum.

260 2478 361 2505 nam
396 2463 514 2516 quod
544 2463 715 2503 videtur
746 2462 957 2512 timuisse,
999 2461 1142 2503 brevis
1174 2475 1226 2501 ne
1257 2461 1385 2515 plane
1413 2460 1594 2515 synizesi
1627 2459 1776 2500 absor-

261 2533 456 2581 beretur,
491 2531 535 2571 id
568 2530 696 2572 aliter
724 2530 886 2571 habere
919 2530 1033 2571 infra
1064 2529 1382 2570 demonstrabo.
1444 2528 1519 2570 sed
1549 2528 1615 2568 vel
1647 2527 1700 2568 ob
1733 2526 1776 2567 id

261 2601 417 2642 falsam
461 2613 554 2640 esse
596 2599 853 2640 sententiam
895 2599 1024 2639 istam
1065 2597 1283 2648 existimo,
1331 2597 1446 2650 quod
1491 2597 1553 2637 ita
1590 2595 1778 2637 efficitur

262 2670 491 2710 Horatium
516 2673 558 2710 et
581 2669 729 2710 Silium
753 2683 901 2709 versus
925 2681 1106 2709 caesura
1129 2671 1325 2708 carentes
1357 2666 1592 2707 admisisse.
1639 2679 1777 2717 neque

262 2743 407 2779 tamen
448 2737 655 2788 versibus,
704 2736 844 2790 qualis
886 2739 951 2776 est
994 2734 1073 2776 ‘Sic
1120 2738 1266 2776 animis
1314 2741 1451 2775 natum
1497 2737 1779 2783 inventumque

257 2821 405 2859 poema
441 2804 670 2855 iuvandis’,
718 2805 841 2846 abest
881 2805 1031 2845 incisio
1063 2804 1274 2857 legitima,
1314 2802 1389 2844 sed
1421 2805 1590 2843 constat
1621 2815 1671 2842 ea
1702 2815 1779 2854 per

265 2874 483 2916 licentiam
505 2875 652 2915 tmesis
675 2877 772 2927 post
794 2872 1015 2928 syllabam,
1046 2872 1089 2912 in
1113 2885 1198 2924 qua
1218 2870 1268 2912 fit
1289 2870 1422 2917 elisio,
1453 2883 1582 2922 quam
1606 2869 1778 2921 quidem

266 2943 415 2999 utique
438 2946 654 2984 necessest
675 2941 1037 2996 praepositionem
1072 2954 1163 2982 esse
1195 2939 1265 2995 [cf.
1286 2938 1422 2980 Bentl.
1447 2938 1503 2979 ad.
1523 2937 1625 2979 Hor.
1649 2951 1778 2978 carm.
