1898 3292
807 209 931 235 INDEX
951 210 990 234 Π.
1566 202 1587 238 6
1594 201 1615 237 3
1623 200 1644 237 3

257 325 308 352 ne
346 312 544 366 negativa
576 315 668 352 413.
721 311 868 352 eadem
901 325 986 364 seq.
1020 311 1038 351 f
1067 316 1159 352 550.
1193 325 1278 364 seq.
1312 311 1448 351 vocali
1481 314 1574 352 294.

258 394 357 432 nec,
400 395 538 436 neque
579 384 659 422 503
677 384 759 421 5
806 385 885 421 nec
921 384 1015 420 426.
1076 380 1205 433 nique
1250 384 1342 421 505.
1403 394 1481 420 nec
1522 379 1645 420 enim.

142 462 280 502 neque
313 449 424 491 enim
456 454 549 492 505.
591 463 669 490 nec
697 449 872 502 (neque)
906 448 1084 502 opinans
1117 451 1209 490 504.

255 521 431 559 necuter
463 520 555 559 316.

255 599 394 639 neque
427 587 603 642 (nique).
638 584 688 626 cf.
719 585 767 626 l.:
799 598 887 626 nec.

256 668 434 708 nequeo.
468 657 669 708 nequitur
701 656 794 694 513.

254 723 397 765 nescio
430 736 663 777 numquam
701 721 889 776 positum
922 735 1017 762 cum
1049 721 1228 776 synizesi
1261 724 1355 762 323.

256 791 498 845 nescioquis
529 794 623 833 413.
656 793 751 833 466.

255 863 407 902 neuter
436 859 692 915 disyllabum
725 862 805 900 315
838 872 898 912 sq.

254 928 516 982 neutiquam.
551 927 600 969 cf.
633 929 683 969 l.:
716 927 952 980 nutiquam.
1392 978 1395 980 q

254 996 370 1039 nihil.
399 997 470 1038 nil.
502 997 693 1040 nihilum.
725 996 857 1037 nilum
890 999 983 1047 295,
1018 1000 1053 1037 6.
1087 999 1181 1037 400.
1223 995 1273 1036 cf.
1306 998 1348 1036 et
1381 996 1560 1035 29-31.

256 1065 438 1107 Ninnius
472 1065 651 1108 Crassus
685 1067 777 1107 513.
1547 1054 1567 1066 “

257 1134 338 1176 nisi
368 1138 463 1177 409.
496 1137 590 1176 412.

257 1216 311 1244 110
341 1216 419 1257 pro
451 1206 552 1245 nato
581 1206 673 1244 517.

256 1285 452 1313 noenum.
485 1285 637 1313 noenu.
669 1270 720 1313 cf.
751 1271 800 1312 l.:
832 1285 927 1313 non.

255 1340 580 1382 nomenculator
611 1343 705 1382 456.

256 1408 429 1450 nomina
483 1408 700 1450 cumulata
757 1412 850 1450 278.
933 1408 1105 1450 nomina
1149 1407 1412 1449 deminutiva
1461 1409 1563 1456 515,
1611 1409 1647 1446 6.

141 1476 315 1517 nomina
344 1477 543 1531 propria,
587 1476 778 1528 Graeca,
827 1477 1045 1528 technica,
1090 1491 1216 1518 sacra
1257 1480 1346 1527 140,
1382 1479 1415 1516 1.
1476 1474 1650 1516 nomina

144 1544 312 1586 Graeca
343 1548 437 1587 488.
498 1545 671 1587 nomina
702 1545 879 1587 deorum
911 1559 989 1599 pro
1021 1545 1293 1600 appellativis
1328 1548 1418 1586 154.

256 1613 543 1655 nominativus
572 1614 738 1668 primae
770 1614 812 1655 in
844 1620 890 1656 -Ξι
921 1614 1066 1656 exiens
1098 1618 1179 1656 488
1213 1628 1274 1668 sq.

258 1685 429 1738 νομίζιν
460 1685 553 1724 593.

257 1764 353 1793 non.
383 1764 578 1792 noenum.
610 1764 750 1792 noenu
787 1754 880 1792 500.

257 1833 342 1861 nox
369 1832 448 1873 pro
477 1822 606 1860 noctu
637 1822 732 1860 477.

257 1902 381 1930 nunc.
408 1888 608 1929 nunciam
640 1890 733 1929 323.
764 1902 900 1929 nunce
932 1891 1025 1930 486.

257 1956 482 2010 nutiquam
514 1959 606 1998 315.
640 1959 733 1999 518.

873 2080 930 2126 Ο.

259 2176 283 2203 0
317 2164 517 2215 correpta
546 2161 588 2202 in
623 2161 801 2204 Graecis
832 2165 926 2203 439.
959 2164 1052 2203 446.
1115 2175 1138 2202 o
1170 2160 1310 2202 finalis
1342 2160 1562 2214 quantitas
1594 2159 1650 2201 ad

144 2233 332 2272 aetatem
364 2230 599 2272 carminum
628 2229 912 2271 definiendam
944 2230 1061 2271 utilis
1093 2233 1157 2271 23.
1193 2233 1256 2271 34.
1292 2233 1343 2271 35
1376 2243 1436 2282 sq.

262 2298 522 2340 Octavianus
554 2312 631 2340 em.
663 2300 747 2353 (16.
781 2299 880 2353 204)
914 2301 1007 2340 223.
1040 2301 1132 2340 366.

260 2366 340 2408 ohe
372 2369 466 2408 286.

259 2434 343 2476 olli.
377 2434 484 2476 ollis.
522 2434 573 2476 cf.
604 2435 653 2475 1.:
685 2434 769 2476 ille.

260 2502 407 2544 omnis.
440 2516 605 2544 omnem
637 2516 728 2544 rem
760 2506 853 2544 541.

259 2584 372 2624 -ope‚
404 2584 534 2625 -opea
565 2574 660 2613 490.

263 2638 422 2692 operio.
482 2639 735 2692 operiuntur
765 2639 973 2694 tetrasyll.
1007 2643 1101 2682 290.

260 2706 441 2760 Opillius
471 2710 565 2748 577.

261 2774 464 2828 opsecula
495 2778 589 2816 456.

263 2845 463 2896 optumus
496 2846 590 2885 484.
625 2847 718 2889 594.
