1898 3292
754 232 872 256 LIBER
893 233 914 263 Q
921 232 1070 256 VIN'rvs.
1581 226 1657 263 401

158 327 428 375 eximendum
460 335 605 387 putavi
637 334 743 374 illud
777 334 889 387 quod
927 334 1085 387 legitur
1117 334 1232 387 apud
1264 334 1448 375 Nonium
1480 350 1546 388 pg.
1584 339 1662 378 120

157 419 186 445 s.
220 404 245 444 l.
286 401 469 444 ‘Hora’2

363 482 514 525 Quirine
540 480 655 526 pater,
682 493 837 515 veneror
861 481 1077 525 Horamque
1105 481 1257 524 Quirini.

156 565 253 592 nam
284 551 345 592 ibi
376 565 469 592 cum
502 564 582 591 non
615 550 814 590 Iuventas
848 550 928 591 dea
960 549 1241 603 significetur,
1284 554 1332 590 ut
1362 551 1453 591 vult
1488 551 1662 601 Nonius,

156 620 229 660 secl
273 620 426 659 coniux
470 619 636 659 Romuli
676 619 788 659 inter
828 618 930 659 deas
974 622 1169 671 recepta,
1218 619 1338 659 cuius
1377 633 1529 660 nomen
1571 634 1662 660 cor-

156 689 311 741 ripitur
354 687 407 728 ab
442 687 591 728 Ovidio
623 687 794 727 Metam.
825 686 936 736 XIV,
969 690 1068 736 851,
1112 687 1185 739 qui
1227 687 1342 728 haud
1377 687 1506 728 (lubic
1540 688 1663 728 Ennii

156 761 327 797 secutus
359 759 423 797 est
455 755 716 808 exemplum:

293 838 410 869 mutat
434 835 649 878 Horamque
675 839 793 878 vocat,
824 846 915 878 quae
944 846 1038 868 nunc
1068 834 1134 868 (lea
1162 835 1285 867 iuncta
1313 834 1513 878 Qnirinost.

154 903 426 945 scribendum
458 903 618 956 potius:

292 987 413 1026 teque,
441 982 592 1025 Quirine
617 986 733 1026 pater,
760 994 915 1016 veneror
940 983 1033 1016 bene
1059 982 1274 1026 Horamque
1304 978 1446 1025 Quirini

155 1042 240 1082 vel:

291 1138 382 1154 -υυ
408 1122 529 1163 teque,
558 1119 708 1162 Quirine
736 1123 851 1163 pater,
878 1120 971 1153 bene
997 1119 1211 1162 Horamque
1244 1120 1397 1163 Quirini.

155 1195 227 1235 sed
261 1194 375 1248 quod
408 1194 461 1235 ad
495 1198 657 1243 cetera,
700 1194 834 1247 pudet
875 1208 1008 1247 paene
1051 1194 1193 1234 (licere
1235 1195 1439 1235 incisione
1471 1195 1662 1247 legitima

155 1266 197 1303 et
236 1263 343 1303 finiti
386 1262 547 1303 ordinis
587 1263 754 1303 metrici
795 1263 888 1303 iure
920 1263 1005 1303 ista.
1036 1263 1282 1315 provenisse
1315 1264 1468 1304 omnia.
1530 1277 1659 1316 porro

154 1331 352 1371 feruntur
383 1330 496 1384 apud
529 1331 707 1371 eundem
742 1331 923 1371 Ennium
955 1331 1061 1371 talia
1096 1329 1216 1385 [4873
1249 1334 1352 1382 4723
1386 1331 1435 1371 cf.
1466 1331 1585 1387 473j:

428 1422 571 1455 tollitur
596 1422 630 1455 in
658 1422 798 1455 caelum
824 1422 959 1455 clamor
984 1425 1133 1455 exortus
1159 1422 1354 1465 utrimque.

428 1479 563 1512 clamor
588 1478 631 1512 ad
661 1479 803 1512 caelum
829 1479 1019 1512 volvendu'
1046 1491 1111 1523 per
1136 1479 1286 1512 aethera
1314 1480 1424 1523 vagit.

155 1573 303 1601 verum
327 1559 541 1600 enimvero
566 1559 838 1600 scribendum
860 1559 903 1599 in
934 1559 1012 1609 his,
1045 1559 1159 1612 quod
1182 1559 1457 1600 Lachmanno
1488 1559 1663 1613 placuit,

156 1633 304 1669 clamos
336 1627 441 1668 satis
475 1631 623 1680 aperte
654 1631 797 1681 potest
830 1628 1008 1668 ostendi.
1070 1627 1226 1669 etenim
1268 1642 1361 1668 cuin
1396 1628 1545 1668 finales
1578 1642 1662 1679 eas,

156 1710 265 1749 quae
298 1695 413 1749 apud
444 1695 644 1736 Plautum
676 1696 990 1749 producuntur,
1032 1696 1116 1737 iam
1149 1696 1402 1749 plerumque
1435 1696 1664 1737 vacillante

155 1779 234 1805 usu
266 1764 488 1806 breviatas
520 1764 708 1805 secunda
739 1768 863 1818 parte
896 1765 1056 1805 saeculi
1088 1778 1124 1805 a.
1148 1779 1186 1805 u.
1215 1779 1248 1806 c.
1279 1765 1336 1806 VI
1368 1764 1483 1805 haud
1514 1766 1664 1818 paucis

156 1833 280 1873 Ennii
317 1832 621 1886 comprobetur
651 1833 773 1883 locis,
813 1833 940 1886 plane
974 1836 1092 1873 caret
1122 1832 1431 1886 probabilitate
1463 1834 1663 1875 maluisse

154 1902 274 1942 illum
306 1901 369 1942 uti
401 1901 629 1954 ambiguae
662 1901 916 1954 quantitatis
948 1901 1250 1942 terminatione
1282 1915 1411 1953 quani
1443 1915 1512 1952 ea,
1553 1916 1663 1954 quae

156 1970 268 2010 omni
309 1973 502 2023 tempore
544 1970 701 2010 mansit
741 1969 965 2023 producta.
1028 1973 1143 2010 certe
1174 1983 1257 2010 non
1289 1969 1407 2023 digni
1438 1970 1664 2021 mentione,

156 2039 229 2091 qui
268 2039 310 2078 in
348 2041 473 2078 tanta
514 2038 779 2079 obscuritate
826 2038 982 2079 veteris
1029 2039 1135 2079 artis
1181 2037 1420 2092 (lactylicae
1467 2038 1663 2079 binorum

157 2106 449 2160 exemplorum
492 2106 669 2160 singulis
713 2110 965 2160 argutantes
1003 2107 1158 2148 litteris
1190 2106 1330 2147 aliena
1361 2106 1567 2160 pleraque
1600 2122 1662 2148 er—

156 2189 253 2216 rore
295 2174 461 2216 malunt
504 2188 778 2228 corrumpere
816 2189 944 2228 quam
973 2175 1180 2229 probatas
1211 2175 1372 2228 alioqui
1403 2176 1592 2216 rationes
1623 2180 1665 2216 et

156 2243 403 2284 facillimam
437 2243 624 2284 omnium
657 2244 777 2296 sequi
807 2244 1111 2285 coniecturam.
1163 2247 1392 2297 praeterea
1414 2243 1527 2296 quod
1551 2244 1664 2285 Vah-

156 2311 277 2351 lenus
311 2311 434 2364 quasi
466 2325 549 2352 uno
584 2314 626 2352 et
657 2312 856 2353 continuo
886 2315 1022 2353 metro
1064 2326 1174 2353 nexa
1215 2312 1334 2353 (ledit
1374 2312 1496 2367 [367]
1538 2311 1665 2353 ‘hori-

157 2386 267 2421 lacm-
298 2377 607 2430 induperalor',
639 2380 813 2433 proprio
845 2381 979 2433 ipsius
1011 2380 1171 2421 factum
1205 2380 1408 2434 periculo
1457 2394 1534 2421 nos
1563 2393 1664 2421 vero

156 2448 264 2489 haec
314 2448 527 2502 dirempta
572 2448 703 2490 fuisse
749 2453 824 2490 aut
866 2449 1060 2491 versibus
1112 2454 1187 2490 aut
1232 2449 1374 2490 verbis
1425 2449 1664 2490 statuimus.

157 2530 303 2557 verum
334 2520 434 2570 post
455 2517 637 2557 Ennium
659 2530 743 2557 non
773 2517 814 2558 in
846 2524 859 2558 t
888 2518 1024 2570 magis
1046 2531 1174 2571 quam
1197 2517 1240 2558 in
1271 2533 1293 2557 r
1315 2517 1381 2557 vel
1411 2533 1430 2558 s
1462 2520 1666 2557 exeuntes

157 2584 361 2626 flexiones
389 2586 615 2638 quisquam
638 2585 843 2639 produxit
862 2589 1040 2639 propter
1062 2586 1348 2639 quantitatem
1370 2585 1664 2639 principalem.

159 2667 209 2693 ac
240 2653 423 2706 primum
453 2653 624 2706 quidem
665 2654 845 2694 monebo
889 2654 1082 2695 diversae
1123 2654 1362 2695 sententiae
1393 2654 1447 2694 ab
1480 2653 1666 2694 auctori-

158 2721 238 2762 bus
270 2722 432 2763 frustra
472 2722 525 2762 iri
567 2726 847 2776 provocatum
896 2722 951 2763 acl
984 2723 1135 2763 Lucilii
1180 2723 1288 2763 haec
1333 2721 1480 2777 [XVIL
1515 2727 1561 2773 53
1594 2722 1666 2773 IX,

159 2793 236 2840 423
271 2793 341 2841 143
375 2790 508 2841 XXX,
543 2794 617 2842 583
647 2790 802 2841 XXIX,
838 2790 930 2846 50]:

367 2873 491 2903 cetera
516 2870 710 2903 contemnit
736 2873 772 2904 et
799 2870 832 2902 in
860 2882 970 2903 usura
999 2871 1119 2903 omnia
1145 2871 1259 2913 ponit.

365 2927 526 2969 criwlu't,
555 2930 593 2960 ut
620 2928 647 2959 si
675 2928 896 2960 frumentum
923 2927 1082 2961 clunibu'
1110 2931 1252 2960 vannat.

228 3005 259 3030 L.
278 3006 469 3038 Muelleri3
494 3007 537 3032 Do
557 3015 578 3031 r.
598 3015 633 3032 m.
654 3015 680 3037 p.
701 3007 733 3032 L.
1350 2996 1392 3027 326
