1898 3292
219 224 300 263 242
788 231 909 257 mmm
926 230 1101 257 TERTIVS.

219 349 271 377 ex
291 335 359 376 his
382 337 525 376 autem
548 335 733 376 maxime
764 334 992 388 displicent
1022 333 1222 383 numeris,
1256 334 1328 386 qui
1351 336 1426 374 aut
1449 332 1727 386 spondiacum

218 403 410 455 verbum,
442 403 558 457 quod
587 403 792 445 tardioris
826 406 891 444 est
921 403 1100 453 numeri,
1131 401 1294 443 habent
1321 402 1421 443 sede
1444 402 1633 443 secunda
1655 406 1730 443 aut

218 471 358 514 ultimi
386 471 510 526 pedis
544 475 682 514 artem
715 471 888 513 violant.

334 541 487 582 Restat
516 544 565 582 ut
596 543 853 594 quaeratur,
896 553 1083 592 quanam
1116 539 1171 580 sit
1212 553 1257 580 re
1296 539 1477 589 factum⁷
1519 542 1568 579 ut
1608 542 1729 579 tanto

219 622 348 663 opere
379 609 700 663 improbaretur
723 609 927 650 Romanis
956 608 1153 661 quintum
1185 610 1439 661 sextumque
1470 607 1624 661 pedem
1645 621 1729 649 uno

218 677 349 720 verbo
392 677 612 720 contineri.
673 691 771 718 nam
813 676 1084 730 displicuisse
1122 676 1249 730 plane
1291 680 1333 717 et
1371 679 1597 730 poetarum
1632 690 1731 729 pro-

219 746 373 788 borum
416 746 615 788 cautione
658 750 700 787 et
732 744 857 787 Fabii
898 745 1143 787 testimonio
1190 745 1416 796 docemur,
1461 745 1534 798 qui
1576 745 1732 785 asserit

218 814 291 857 lib.
325 814 385 856 IX
414 815 471 870 [4,
506 815 578 869 65]
623 814 830 868 permolle
873 828 964 855 esse
1004 814 1047 854 in
1095 814 1212 855 exitu
1255 813 1497 854 hexametri
1544 814 1731 866 positum

229 886 558 936 Tyndaridarum
591 883 678 925 sive
710 887 970 925 armamentis
1001 882 1068 923 vel
1106 884 1268 924 Orione.
1328 896 1353 923 a
1384 896 1468 936 quo
1498 882 1604 924 illud
1635 897 1731 936 per-

219 951 346 993 molle
382 965 436 993 ne
474 965 570 993 cum
608 951 737 993 laude
784 952 946 993 dictum
991 965 1082 992 esse
1125 951 1295 1002 credas,
1336 951 1483 992 addito
1516 951 1732 992 Ciceronis

221 1020 416 1075 exemplo
458 1024 500 1062 et
542 1021 676 1062 totius
718 1021 957 1062 sententiae
998 1021 1166 1062 ratione
1197 1020 1452 1074 prohiberis.
1514 1019 1589 1061 sed
1622 1020 1732 1061 enim

219 1090 405 1144 primum
440 1089 695 1141 cavendum,
727 1090 878 1143 nequis
911 1089 1101 1131 evenisse
1134 1089 1284 1130 credat
1314 1089 1431 1130 istud
1463 1089 1733 1142 grammatici

221 1163 426 1201 accentus
467 1158 754 1201 observantia.
818 1159 971 1200 etenim
1019 1172 1280 1212 quamquam
1324 1173 1375 1200 ex
1415 1158 1577 1199 maiore
1609 1161 1733 1211 parte

221 1228 394 1270 minime
437 1227 657 1269 adsentior
699 1228 782 1279 eis,
827 1241 937 1281 quae
967 1228 1161 1269 Ritterus
1192 1228 1236 1268 in
1267 1227 1489 1269 elementis
1522 1241 1730 1281 gramma-

220 1297 334 1339 ticae
355 1297 517 1338 latinae
547 1297 635 1352 [pp.
661 1300 735 1349 383
761 1297 832 1351 39]
863 1296 1016 1338 statuit
1038 1296 1090 1338 de
1113 1299 1293 1338 accentu
1314 1310 1465 1338 vocum
1486 1296 1582 1350 plus
1606 1310 1733 1350 quam

221 1365 547 1421 trisyllabarum
579 1365 898 1419 plerarumque,
931 1369 1076 1407 tamen
1104 1365 1187 1407 hoc
1214 1379 1292 1419 pro
1326 1368 1444 1406 certo
1475 1365 1734 1416 habendum⁷

221 1435 355 1477 verba
387 1434 590 1476 adonium
631 1438 815 1476 metrum
852 1434 939 1475 sive
985 1434 1268 1488 dispondeum
1311 1434 1544 1487 aequantia
1585 1447 1735 1475 accen-

220 1507 336 1555 tum,
377 1504 412 1545 si
443 1503 569 1545 modo
601 1503 736 1545 ullum
767 1503 991 1545 habebunt
1021 1506 1196 1557 praeter
1227 1517 1358 1544 unum
1392 1502 1650 1556 legitimum,
1692 1503 1735 1543 in

220 1572 450 1626 principali
480 1575 627 1613 tenere
659 1572 837 1627 syllaba.
899 1573 972 1626 qui
1004 1572 1039 1613 si
1077 1586 1161 1613 non
1203 1571 1318 1613 adsit
1356 1572 1432 1623 eis,
1476 1575 1622 1613 tamen
1665 1586 1735 1613 vo-

223 1641 359 1682 calem
398 1641 571 1694 longam
612 1640 731 1682 nulla
762 1642 1015 1694 insequente
1048 1645 1178 1682 acuta
1209 1641 1405 1694 insigniri
1436 1641 1525 1682 ictu
1557 1641 1735 1682 metrico

223 1710 331 1751 adeo
363 1723 448 1751 non
481 1713 546 1751 est
577 1709 823 1761 violentum⁷
855 1713 903 1751 ut
934 1709 999 1751 vel
1021 1710 1256 1751 Teutonico
1289 1723 1485 1751 sermone
1515 1709 1628 1751 idem
1661 1709 1736 1751 ad-

222 1778 334 1820 mitti
373 1778 515 1820 liceat.
582 1778 731 1832 itaque
775 1779 946 1820 omnino
989 1782 1230 1832 apertumst
1271 1779 1405 1820 multo
1447 1779 1581 1820 levius
1622 1778 1736 1820 laedi

221 1848 619 1901 pronuntiationem
650 1847 889 1902 vulgarem,
933 1848 967 1889 si
1011 1848 1185 1901 quintus
1222 1848 1417 1903 dactylus
1448 1847 1737 1903 pentasyllabi

222 1916 342 1958 verbi
382 1917 528 1970 priore
568 1919 693 1970 parte
736 1919 904 1958 constet
944 1931 1073 1970 quam
1115 1917 1150 1958 si
1192 1916 1486 1972 monosyllabo
1527 1916 1736 1958 vocabulo

223 1999 320 2026 cuin
359 1985 672 2040 pyrrhichiaco.
735 1999 869 2039 quare
910 1985 993 2026 hoc
1040 1985 1239 2039 equidem
1280 2000 1453 2038 vanum,
1495 1999 1737 2040 causaeque

223 2053 396 2095 aliunde
426 2054 698 2108 repetendae.
752 2057 795 2096 et
815 2053 985 2096 videtur
1017 2054 1189 2108 quidem
1222 2054 1276 2096 ab
1300 2054 1515 2109 elegantia
1538 2055 1736 2106 alienum,

224 2122 340 2176 quod
373 2123 607 2164 contractis
639 2123 682 2164 in
714 2137 846 2164 unum
868 2122 1046 2164 verbum
1075 2122 1256 2177 pedibus
1287 2137 1371 2165 non
1404 2124 1508 2165 satis
1541 2127 1738 2165 servatur

223 2192 450 2245 utriusque
481 2191 715 2245 peculiaris
736 2191 918 2234 libertas
942 2206 992 2233 ac
1012 2192 1270 2246 proprietas.
1323 2192 1398 2234 sed
1419 2192 1544 2246 longe
1567 2194 1738 2246 gravior

226 2256 355 2301 aliast
395 2260 526 2311 ratio,
568 2274 707 2314 neque
738 2275 764 2302 a
795 2260 1089 2314 grammaticis
1119 2274 1259 2314 neque
1293 2275 1318 2302 a
1347 2262 1538 2303 metricis
1569 2261 1738 2315 legibus

225 2328 462 2382 repetenda
493 2328 589 2380 illa,
627 2329 703 2371 sed
731 2329 786 2371 ab
819 2329 1087 2381 aestheticis,
1130 2343 1240 2382 quae
1271 2330 1367 2383 ipsa
1397 2333 1556 2372 natura
1587 2344 1737 2372 vocum

225 2397 477 2438 Latinarum
509 2398 640 2439 istum
671 2397 739 2439 vel
770 2397 952 2439 similem
984 2397 1248 2452 explentium
1280 2399 1490 2440 ambitum
1534 2399 1736 2441 exoritur.

226 2466 383 2507 etenim
422 2480 518 2507 cum
548 2480 719 2508 versum
763 2466 883 2520 gravi
913 2466 1142 2520 validoque
1184 2467 1268 2508 fine
1313 2467 1510 2509 concludi
1550 2482 1630 2522 par
1671 2468 1737 2519 sit⁷

226 2537 272 2575 at
302 2533 435 2575 verba
465 2534 768 2590 pentasyllaba
799 2535 972 2587 Latina,
1011 2549 1121 2589 quae
1154 2535 1373 2589 dactylum
1408 2550 1503 2578 cum
1531 2537 1737 2578 trochaeo

226 2602 291 2644 vel
322 2602 512 2656 spondeo
544 2606 745 2657 aequant,
778 2594 1208 2659 item'tetrasyllaba
1239 2618 1350 2658 quae
1383 2605 1620 2658 spondeum
1643 2619 1738 2646 cum

224 2671 431 2712 trochaeo
454 2671 519 2712 vel
551 2671 753 2726 spondeo,
790 2673 944 2726 exiguo
977 2676 1026 2713 ut
1056 2673 1288 2726 plurimum
1321 2677 1520 2716 constant
1548 2674 1738 2728 pondere

226 2740 486 2791 sententiae,
525 2744 574 2782 ut
606 2754 716 2794 quae
749 2740 834 2781 sint
864 2740 954 2782 fere
988 2740 1055 2782 vel
1086 2742 1297 2796 simplicia
1328 2742 1642 2784 derivationum
1673 2742 1739 2784 vel

224 2807 456 2849 flexionum
499 2809 704 2851 vastitate
751 2822 934 2850 onerosa
976 2809 1043 2850 vel
1093 2811 1348 2864 composita,
1394 2825 1576 2865 quorum
1620 2811 1739 2865 prior

224 2890 326 2929 pars
372 2877 428 2918 sit
471 2878 757 2932 praepositio,
805 2891 916 2931 quae
957 2878 1130 2931 quidem
1169 2880 1265 2933 ipsa
1305 2894 1513 2934 persaepe
1555 2894 1639 2921 non
1676 2881 1738 2921 ita

226 2944 407 2986 multum
440 2945 608 2988 confert
638 2946 693 2988 ad
724 2946 982 2989 sententiam
1014 2948 1162 3001 (quam
1192 2948 1247 2990 ob
1281 2961 1454 2991 causam
1485 2949 1738 3003 plerumque
