1898 3292
740 223 975 249 opvscvnvm
994 224 1044 249 1v.
1567 215 1647 254 577

141 324 184 366 id
217 338 349 378 genus
377 338 648 379 prompsere,
680 328 908 378 praeterea
939 325 1144 377 pleraque
1176 324 1372 374 artificia,
1405 325 1491 365 sive
1522 338 1647 378 prae-

142 392 269 446 stigia
300 393 442 434 dicere
473 393 628 443 males,
661 406 882 434 accessere
916 406 965 433 ex
1001 392 1184 433 lectione
1216 391 1475 433 scholastica
1507 406 1647 433 exem-

140 461 274 514 plaris
306 461 540 511 Homerici,
582 461 624 501 in
666 474 750 514 quo
784 474 932 502 versus
970 459 1223 515 ἰσοψήφους
1252 464 1294 501 et
1324 460 1575 511 πολιτικοὺς
1607 465 1649 501 et

141 528 406 583 ῥοπαλικοὺς
437 533 479 570 et
511 528 613 582 quid
645 529 757 569 non?
791 542 1023 582 agnoscere
1054 527 1136 569 sibi
1166 528 1244 569 visi
1276 532 1374 569 sunt
1406 528 1532 569 docti.

254 597 535 639 Intenderunt
565 611 655 638 rem
678 597 858 638 Romani
889 600 1064 650 praeter
1089 596 1372 638 imitationem
1395 596 1647 637 Alexandri-

140 679 292 707 norum
325 666 453 706 etiam
475 666 679 719 incompti
701 665 867 706 decoris
891 664 1000 706 odio.
1051 665 1183 717 igitur
1205 664 1290 706 iam
1313 664 1429 718 apud
1451 665 1648 715 Ennium,

141 735 483 788 antiquissimum
530 738 751 775 auctorem
799 734 926 783 artis,
972 734 1151 774 inveniri
1196 733 1283 775 tale
1331 733 1518 774 studium
1566 746 1650 774 non

140 803 306 844 mirum.
357 803 568 856 reciproci
599 806 742 844 autem
770 816 918 843 versus
950 806 991 843 et
1023 802 1187 843 echoici
1219 815 1347 855 quam
1378 801 1538 842 fuerint
1566 801 1648 842 fre-

141 874 320 924 quentes
354 885 434 912 usu
464 871 603 924 primo
634 886 672 925 p.
703 870 798 912 Chr.
827 886 866 911 n.
900 870 1070 911 saeculo
1105 870 1298 911 declarat
1335 869 1547 911 Martialis
1579 869 1649 924 [IL

141 942 207 990 86,
240 942 256 980 1
292 939 414 993 sqq.].
477 942 606 992 atque
647 939 729 980 hac
768 939 952 993 primum
995 942 1137 980 aetate
1180 939 1316 992 magis
1347 938 1482 979 videri
1513 938 1649 979 incre-

139 1007 284 1049 buisse
317 1007 602 1049 ludibriorum
635 1008 740 1049 artis
774 1021 963 1049 amorem
995 1007 1019 1048 l.
1054 1007 1073 1048 I
1108 1007 1352 1048 memoravi.
1402 1019 1532 1060 porro
1565 1020 1649 1059 quo

139 1076 312 1129 gravior
351 1076 491 1118 evenit
522 1080 721 1130 vergente
764 1090 814 1117 ac
856 1080 1103 1117 senescente
1145 1076 1404 1129 antiquitate
1442 1075 1649 1116 materiae

139 1144 295 1198 inopia,
327 1159 377 1186 eo
408 1145 546 1199 magis
578 1145 763 1199 optinuit
794 1144 1049 1186 facetiarum
1083 1158 1133 1186 ac
1154 1145 1487 1198 praestigiorum
1510 1144 1649 1185 cuius-

139 1213 201 1254 vis
233 1213 349 1254 modi
381 1213 606 1268 cupiditas.

254 1281 466 1335 Pleraque
498 1286 639 1323 autem
665 1296 823 1332 eorum,
857 1295 966 1335 quae
988 1282 1073 1322 iam
1096 1281 1350 1331 referentur,
1383 1280 1512 1321 etiam
1535 1280 1650 1334 apud

145 1349 335 1391 Graecos
367 1351 409 1390 in
442 1350 701 1404 Anthologia
731 1351 1006 1391 inveniuntur
1036 1349 1102 1391 vel
1135 1349 1259 1400 alibi3
1301 1353 1343 1390 et
1382 1349 1435 1390 ab
1479 1348 1544 1390 his
1584 1362 1650 1389 re-

103 1466 106 1467 ⁷
140 1421 265 1471 perta
297 1418 447 1460 eadem
476 1418 756 1472 probabilest.

254 1486 386 1528 Medii
417 1501 517 1529 vero
560 1488 766 1541 temporis
807 1487 946 1541 poetis
980 1487 1143 1528 Latinis
1186 1491 1228 1528 et
1266 1486 1444 1528 Graecis
1488 1490 1649 1540 quanto

141 1568 269 1610 opere
300 1555 544 1609 placuerint
574 1555 640 1597 vel
670 1556 783 1598 idem
812 1556 932 1597 lusus
962 1555 1029 1596 vel
1069 1556 1247 1606 similes,
1289 1556 1429 1597 sciunt
1470 1556 1543 1609 qui
1579 1569 1650 1597 eos

140 1623 349 1677 legerunt.

255 1692 369 1746 Ergo
415 1693 601 1746 primum
647 1692 837 1734 notanda
883 1692 1137 1734 acrosticha.
1208 1706 1318 1746 quae
1363 1693 1449 1734 iam
1488 1692 1650 1734 Ennius

139 1760 202 1802 ita
231 1760 446 1812 adhibuit,
487 1764 535 1802 ut
564 1761 606 1802 in
640 1761 897 1815 quibusdam
939 1761 1200 1802 carminibus
1243 1761 1493 1803 decurreret
1523 1761 1647 1802 illud:

148 1833 191 1878 Q.
225 1832 383 1870 Ennius
420 1832 525 1881 fecit
569 1829 670 1884 [Cic.
702 1829 754 1871 de
783 1829 908 1871 divin.
940 1830 999 1880 II,
1033 1834 1103 1881 54,
1140 1830 1249 1884 111]
1312 1843 1410 1871 mox
1450 1829 1650 1870 Aurelius

142 1896 336 1952 opillius,
378 1899 683 1952 grammaticus
732 1899 934 1952 temporis
975 1898 1175 1949 Mariani,
1214 1897 1463 1952 prohoemio
1503 1897 1650 1947 libelli,

143 1966 216 2018 qui
246 1966 479 2020 inscriptus
513 1970 607 2008 erat
629 1966 775 2018 Pinax,
808 1967 900 2020 ipse
922 1966 1215 2021 parastichide
1238 1966 1475 2008 declaravit
1495 1979 1649 2007 nomen

141 2047 276 2075 suum.
327 2034 642 2089 inscriptiones,
673 2039 722 2076 ut
753 2035 880 2086 soleo,
910 2035 1220 2089 praetermitto.
1280 2039 1324 2076 at
1356 2035 1651 2089 dignissimum

143 2103 363 2154 memoria,
401 2103 516 2157 quod
546 2103 879 2145 Instructionum
912 2103 1047 2145 libros
1088 2104 1194 2145 duos
1237 2103 1385 2145 eodem
1416 2104 1650 2158 praestigio

140 2171 367 2213 adornavit
397 2176 511 2214 totos
542 2172 884 2225 Commodianus,
907 2173 1009 2215 Afer
1038 2173 1176 2224 homo,
1210 2187 1240 2214 s.
1267 2188 1306 2227 p.
1334 2173 1430 2215 Chr.
1457 2187 1495 2214 n.
1520 2173 1650 2222 tertii,

142 2253 324 2293 quorum
361 2241 512 2283 ultimo
550 2242 594 2282 in
634 2242 822 2284 carmine
865 2246 1014 2296 aptum
1051 2242 1273 2292 mentioni,
1317 2242 1432 2296 quod
1472 2241 1526 2283 ab
1565 2242 1650 2282 imo

140 2308 392 2351 hexametro
443 2313 584 2351 ortum
629 2325 798 2352 sursum
845 2311 1036 2352 escendit
1083 2310 1374 2362 acrostichon,
1420 2314 1651 2364 praeterea

144 2376 259 2430 quod
293 2391 438 2419 omnes
469 2392 617 2420 versus
647 2379 934 2421 terminantur
964 2379 1112 2420 littera
1141 2393 1175 2428 0,
1206 2379 1316 2420 sicut
1346 2379 1389 2419 in
1418 2379 1470 2430 II,
1504 2382 1526 2419 7
1559 2392 1591 2420 e.

256 2445 455 2488 Ceterum
494 2446 678 2488 artificia
717 2447 802 2488 ista
840 2447 953 2489 hanc
992 2447 1204 2501 praebent
1241 2447 1493 2498 utilitatem,
1536 2447 1651 2500 quod

141 2513 345 2556 docemur
377 2515 437 2556 eis
469 2520 584 2556 certo
617 2519 660 2556 et
691 2516 806 2557 clare
836 2516 1050 2569 quaedam
1073 2516 1127 2556 ad
1151 2515 1419 2570 orthoepiam
1442 2519 1482 2557 et
1507 2515 1651 2557 ortho-

142 2582 366 2636 graphiam
399 2583 653 2636 spectantia.
704 2584 836 2637 igitur
868 2584 1122 2626 confirmata
1152 2584 1447 2626 Commodiani
1478 2584 1650 2637 scriptis

142 2650 295 2704 collegi
330 2651 438 2693 haec
477 2665 587 2705 quae
631 2657 729 2693 sunt
769 2656 963 2694 absconso
1005 2654 1091 2708 [pg.
1127 2653 1248 2707 163],
1290 2655 1476 2694 Bacchus
1517 2652 1650 2707 [140]‚

141 2723 403 2760 catecuminis
442 2734 521 2773 pro
564 2724 861 2762 catechwnem's
908 2722 1050 2776 [167],
1098 2724 1359 2763 cottidianum
1400 2720 1540 2775 [180],
1589 2724 1651 2761 dis

140 2800 219 2840 pro
262 2791 348 2829 deis
388 2789 529 2842 [143],
575 2793 747 2829 duellum
793 2790 934 2844 [171],
985 2793 1242 2831 iuclaez'de‘anl
1279 2789 1421 2844 [159],
1464 2792 1651 2839 Iuppiter

144 2855 278 2910 [135]‚
309 2859 549 2898 marturimn
574 2857 708 2912 [180],
731 2861 1038 2908 paenitentibus
1059 2859 1193 2912 [169],
1225 2862 1428 2899 saeculum
1449 2858 1547 2912 [147
1565 2857 1650 2911 al.],

208 2936 448 2968 L.Mue11eri;
472 2937 516 2962 De
535 2945 556 2962 r.
575 2945 611 2962 m.
630 2945 658 2968 p.
678 2938 710 2961 L.
1335 2927 1378 2959 37
