1898 3292
763 222 1039 248 PROHOEMIVM.
1602 212 1654 250 47

263 328 416 380 Itaque
467 326 650 380 primum
705 325 950 366 felicissime
995 325 1134 365 evenit
1183 323 1306 371 illud,
1358 326 1406 364 ut
1447 323 1654 364 librorum

149 397 496 448 chartarumque,
529 394 683 448 quibus
716 394 813 435 olim
845 392 1096 434 adulescens
1131 392 1359 433 admodum
1393 392 1656 445 singulorum

147 469 371 519 poetarum
404 464 609 505 metricae
643 463 749 503 artis
781 462 1006 516 potissima
1038 474 1235 514 quaeque
1267 464 1529 509 notaveram,
1562 465 1659 513 post

149 537 213 574 tot
253 547 386 574 annos
430 535 580 585 totque
623 544 747 571 casus
784 530 909 583 longe
950 530 1088 570 maior
1125 530 1294 582 integra
1337 532 1505 570 extaret
1544 543 1657 582 pars.

149 616 234 655 qua
262 604 422 655 quanto
456 614 549 641 cum
581 599 804 640 commodo
834 599 911 640 sim
944 613 1058 649 usus,
1091 599 1215 651 siqua
1241 598 1283 638 in
1306 597 1449 651 priore
1472 597 1658 638 editione

149 670 213 711 vel
242 670 395 710 vitiosa
426 669 673 709 viderentur
704 668 770 709 vel
802 681 964 718 manca,
999 667 1125 708 facile
1155 666 1432 719 intellegitur.

264 738 348 779 Sed
387 738 550 778 scilicet
592 737 674 777 hoc
721 751 815 778 cum
867 750 971 777 cura
1012 736 1094 776 fuit
1135 736 1290 776 iterum
1334 734 1659 788 anquirendum,

149 821 275 860 quam
308 806 453 860 plena,
487 819 614 859 quam
649 810 767 846 certa
799 808 942 846 essent
974 805 1239 845 collectanea
1277 804 1360 844 illa.
1423 817 1509 856 qua
1540 804 1581 843 in
1615 818 1660 844 re

148 876 343 929 repetitis
376 875 529 916 studiis
552 874 812 926 cognitunist
845 887 869 914 a
897 873 1032 922 nobis,
1067 886 1328 925 quamquam
1353 876 1394 912 et
1425 885 1501 912 nos
1534 885 1657 924 quos-

149 945 245 985 dam
291 957 369 997 pro
408 943 706 984 imbecillitate
750 942 940 983 humana
983 941 1287 995 deprendimus
1333 943 1502 981 errores
1549 954 1660 980 com-

147 1013 299 1054 missos
347 1017 389 1053 et
432 1012 578 1065 plures
620 1011 699 1052 sibi
742 1012 813 1052 alii
857 1010 1122 1064 deprendere
1165 1014 1264 1051 sunt
1302 1010 1398 1060 visi,
1450 1023 1657 1050 summam

148 1086 290 1123 tamen
321 1085 488 1135 partem
522 1094 668 1122 eorum
701 1080 874 1133 egregia
908 1083 1105 1120 constare
1136 1078 1232 1120 fide.

265 1150 497 1191 Praeterea
530 1163 624 1190 cum
652 1152 717 1190 tot
747 1155 973 1202 poetarum
1005 1148 1104 1189 libri
1140 1161 1218 1201 per
1247 1161 1380 1188 annos
1405 1147 1502 1200 plus
1525 1146 1658 1197 XXX,

150 1219 306 1273 quibus
338 1218 446 1259 haec
479 1231 582 1259 cura
613 1218 850 1270 seiungitur
881 1230 907 1257 a
936 1217 1099 1270 priore,
1136 1230 1161 1256 a
1188 1215 1312 1257 nobis
1344 1216 1429 1256 sint
1460 1215 1582 1265 editi,
1615 1219 1662 1256 ut

149 1291 255 1341 puta
276 1287 413 1338 Ennii,
438 1286 601 1333 Lucilii,
625 1286 792 1336 Catulli,
815 1285 986 1335 Tibulli,
1011 1284 1236 1339 Propertii,
1260 1284 1440 1334 Horatii,
1466 1283 1663 1334 Phaedri,

151 1355 346 1411 Porfyrii,
379 1355 642 1405 Namatiani,
673 1368 802 1408 porro
835 1354 1079 1407 fragmenta
1111 1357 1332 1394 cantorum
1363 1352 1663 1406 Euphorionis,

150 1439 228 1466 nec
250 1439 333 1466 non
356 1424 626 1478 scriptorum,
660 1424 732 1477 qui
755 1437 865 1464 saec.
890 1422 928 1462 X
951 1437 988 1463 u.
1013 1436 1045 1462 c.
1069 1422 1255 1472 fuerunt,
1289 1421 1474 1474 denique
1502 1435 1662 1471 eorum,

151 1494 224 1547 qui
246 1493 372 1534 Nonii
395 1493 668 1533 continentur
690 1491 1003 1545 Compendiosa
1032 1491 1241 1541 doctrina,
1272 1494 1320 1530 ut
1342 1489 1427 1531 alia
1450 1489 1662 1543 quaedam

152 1564 364 1614 omittam,
405 1562 547 1602 nullus
579 1561 660 1602 fuit
699 1574 751 1602 ex
792 1560 875 1610 his,
920 1559 975 1601 ad
1017 1560 1137 1600 cuius
1181 1572 1270 1600 rem
1316 1559 1538 1600 metricam
1580 1571 1664 1599 non

151 1632 416 1673 redundaret
446 1630 609 1683 aliquid
640 1629 805 1670 fructus
838 1643 889 1670 ex
922 1628 1074 1670 studiis
1104 1628 1274 1669 nostris.

267 1700 375 1741 Illud
409 1702 551 1740 autem
580 1698 663 1740 fuit
683 1698 970 1748 utilissimum,
1004 1696 1119 1750 quod
1141 1697 1244 1737 itast
1266 1695 1477 1746 effectum,
1510 1698 1557 1735 ut
1578 1695 1662 1735 iam

153 1770 205 1810 de
235 1769 368 1810 initiis
400 1767 506 1809 artis
538 1766 776 1822 dactylicae
807 1766 975 1820 plenius
1017 1766 1238 1819 tutiusque
1283 1768 1431 1819 posset
1468 1763 1665 1804 iudicari.

268 1837 480 1879 Adiuvere
521 1840 563 1877 et
604 1849 693 1876 rem
735 1839 927 1876 nostram
968 1838 1174 1888 excerpta
1218 1848 1254 1875 a.
1299 1837 1406 1875 1878
1454 1846 1505 1873 ex
1544 1831 1666 1873 libris

154 1907 191 1948 d.
222 1921 254 1947 r.
286 1921 340 1947 m.
384 1909 427 1946 et
467 1905 509 1945 in
556 1904 771 1958 epitomen
810 1903 1007 1955 redacta,
1054 1903 1157 1944 item
1200 1902 1480 1944 summarium
1520 1900 1666 1941 ortho-

154 1974 360 2029 graphiae
384 1977 426 2015 et
446 1973 676 2027 prosodiae
700 1972 879 2014 Latinae
900 1972 1050 2026 paucis
1073 1971 1292 2013 mensibus
1322 1973 1421 2024 post
1453 1970 1665 2011 emissum.

155 2044 338 2096 denique
368 2056 406 2101 a.
442 2045 551 2084 1880
582 2044 720 2082 totam
750 2041 973 2082 metricam
1007 2041 1272 2082 Graecorum
1305 2043 1347 2081 et
1376 2039 1666 2080 Romanorum

155 2111 407 2166 compendio
438 2110 672 2151 iuventutis
700 2110 744 2150 in
775 2124 899 2151 usum
931 2110 1174 2163 conscripto
1206 2122 1352 2150 sumus
1385 2107 1607 2161 complexi.

269 2181 447 2221 Praeter
488 2178 596 2220 haec
637 2178 722 2219 alia
763 2178 976 2232 quaedam
1017 2178 1082 2219 vel
1123 2192 1175 2219 ex
1213 2181 1440 2232 poetarum
1483 2175 1668 2216 adsidua

154 2249 336 2290 lectione
368 2251 510 2290 tracta
541 2247 608 2289 vel
639 2261 716 2301 per
745 2248 877 2288 otium
902 2247 1046 2288 subita
1069 2247 1193 2300 quasi
1214 2245 1496 2300 inspiratione
1519 2244 1667 2286 oblata

158 2317 366 2359 extabant
395 2317 438 2358 in
470 2316 662 2369 margine
695 2308 894 2357 editionis
922 2315 1091 2369 prioris.

271 2386 360 2427 Nec
403 2385 542 2426 minus
583 2384 637 2425 ab
680 2384 775 2425 aliis
806 2385 849 2425 in
878 2385 1019 2438 poetis
1051 2384 1215 2424 Latinis
1247 2382 1383 2424 multa
1414 2381 1573 2422 rectius
1605 2381 1668 2421 in-

157 2456 310 2496 stituta
340 2468 469 2508 quam
499 2457 644 2504 antea,
675 2453 834 2507 partim
866 2452 987 2493 novis
1017 2452 1225 2493 librorum
1258 2449 1478 2501 subsidiis,
1509 2449 1668 2503 partim

158 2524 225 2564 via
247 2527 290 2564 et
311 2523 490 2573 ratione,
515 2535 625 2575 quae
648 2521 868 2562 codicibus
892 2519 1088 2562 omnibus
1111 2524 1210 2562 sunt
1230 2519 1432 2574 potiores.
1475 2517 1669 2570 adeoque

157 2605 268 2633 nova
289 2590 503 2645 quaedam
524 2604 603 2632 nec
627 2604 678 2631 ea
700 2589 941 2643 spernenda
963 2603 1014 2631 ex
1037 2588 1249 2630 oblivione
1274 2591 1316 2629 et
1337 2589 1421 2629 situ
1442 2588 1667 2640 protracta

157 2660 358 2714 prodiere
389 2660 592 2700 carmina.

273 2728 416 2769 Veluti
439 2731 562 2780 grato
586 2728 726 2768 animo
748 2726 1039 2777 memoranda,
1069 2739 1178 2779 quae
1201 2723 1459 2766 Columellae
1483 2722 1668 2762 Haeuss-

158 2811 304 2847 nerus,
342 2796 542 2837 Petronio
574 2795 882 2846 Buechelerus,
915 2794 1088 2835 Lucano
1121 2793 1295 2843 Hosius,
1330 2791 1500 2833 Valerio
1534 2789 1670 2840 Thilo,

159 2864 394 2906 Claudiano
426 2865 611 2918 Ieepius,
647 2863 860 2905 Martiano
892 2861 1274 2917 Eyssenhardtius,
1307 2860 1379 2901 alii
1419 2859 1514 2900 aliis
1545 2872 1670 2912 prae*

161 2934 363 2974 stiterunt
401 2933 553 2986 poetis.
613 2933 657 2972 in
697 2931 852 2984 quibus
898 2931 1035 2972 sicubi
1077 2933 1171 2971 erat
1211 2930 1330 2969 locus
1365 2926 1669 2978 dissentiendo,
