1898 3292
244 194 266 232 2
859 197 1136 224 PROHOEMJVM.

355 305 507 358 Itaque
539 307 586 345 ut
617 302 707 354 illa,
753 315 863 356 quae
901 302 980 342 viri
1012 301 1127 343 docti
1160 300 1211 342 de
1241 301 1421 342 metrica
1452 302 1607 343 Latina
1639 315 1752 342 00111-

242 374 421 416 mentati
454 375 594 423 erant,
634 386 728 413 011111
763 384 867 412 eura
899 370 1149 419 retractavi,
1192 370 1255 411 ita
1282 369 1408 424 longe
1440 370 1752 412 studiosissime

241 443 357 496 ipsos
398 441 532 483 libros
574 441 766 495 poeticos
800 440 1090 480 Romanorum
1130 452 1208 479 1100
1247 452 1348 479 vero
1392 439 1522 480 semel
1563 439 1752 492 singulos

241 511 416 565 perlegi.
464 510 561 551 dein
608 522 718 563 quae
766 512 842 549 aut
885 508 1052 562 priores
1098 508 1351 548 invenerant
1396 511 1472 549 aut
1516 508 1607 561 ipse
1649 507 1753 548 mihi

242 579 485 633 repperisse
516 577 695 619 videbar
725 576 969 631 perscripta
1012 579 1112 618 sunt
1153 576 1235 617 hoo
1276 576 1406 628 libro,
1455 576 1527 629 qui
1568 577 1751 630 primum

242 647 405 701 prodiit
435 661 471 688 a.
505 645 800 687 MDCCCLXI.

357 715 555 757 Editione
600 718 744 756 autem
785 714 924 754 altera
966 726 1050 754 non
1096 713 1233 766 magis
1278 727 1406 766 quam
1448 713 1548 754 olim
1591 713 1754 754 scaeni-

245 798 390 825 corum
434 783 832 837 antiquissimorum
865 784 1057 823 tractata
1091 785 1190 823 sunt
1220 785 1372 823 metra.
1416 782 1572 823 etenim
1605 795 1754 835 quam-

244 866 373 906 quam
406 852 631 893 Ritsohelii
665 852 801 892 secuti
835 850 1075 904 exemplum
1098 850 1272 904 plurimi
1294 849 1395 891 inde
1419 864 1443 891 a
1465 850 1607 891 media
1628 850 1755 891 huius

245 921 407 963 saeculi
438 924 562 975 parte
594 934 731 974 usque
773 919 828 960 ad
867 919 981 960 huno
1025 919 1136 960 diem
1180 933 1274 960 011111
1297 912 1422 960 ‘cura
1463 933 1543 960 neo
1580 919 1755 960 hercule

244 990 334 1032 sine
365 990 510 1032 fructu
540 989 700 1031 versati
731 991 831 1029 sunt
860 988 903 1029 in
936 988 1020 1029 illis
1049 992 1091 1029 et
1120 987 1205 1028 iam
1238 987 1326 1029 fere
1359 991 1528 1029 constat
1559 987 1611 1029 de
1645 989 1755 1042 opti-

245 1072 412 1100 morum
442 1059 585 1100 Plauti
624 1072 675 1099 ac
706 1057 894 1098 Terentii
934 1056 1141 1098 librorum
1185 1056 1436 1107 traditione,
1480 1060 1626 1098 tamen
1667 1061 1753 1098 tam

243 1129 379 1170 multa
406 1127 620 1181 hodieque
650 1126 693 1168 in
726 1129 819 1167 arte
853 1139 1000 1167 eorum
1029 1129 1128 1167 sunt
1159 1125 1363 1177 obseura,
1397 1139 1418 1166 e
1451 1125 1607 1179 quibus
1639 1125 1756 1167 haud

243 1211 384 1252 pauca
415 1209 567 1238 vereor
597 1199 646 1237 ut
677 1209 881 1248 umquam
913 1195 1018 1236 satis
1049 1195 1217 1248 possint
1248 1194 1456 1248 expediri,
1495 1198 1584 1235 tam
1616 1194 1757 1236 aliena

243 1267 451 1321 pleraque
497 1264 551 1306 ab
595 1264 720 1305 Ennii
765 1263 942 1316 eiusque
990 1266 1253 1305 sectatorum
1296 1277 1393 1314 usu,
1441 1263 1624 1316 denique
1665 1266 1754 1304 tam

243 1335 413 1376 diversa
439 1334 490 1375 de
521 1333 627 1374 10010
660 1333 805 1374 multis
840 1332 1064 1374 doctorum
1092 1332 1265 1383 iudicia,
1297 1335 1345 1373 ut
1373 1345 1479 1385 opus
1514 1331 1595 1373 1100
1626 1332 1755 1373 etiam

241 1417 355 1446 1111110
395 1402 676 1445 existimarim
715 1401 849 1442 isdem
892 1400 1048 1442 finibus
1093 1400 1414 1451 continendum,
1459 1399 1615 1454 quibus
1657 1404 1757 1442 ante

244 1486 378 1514 annos
408 1472 506 1526 plus
538 1470 660 1512 XXX
694 1474 788 1512 erat
820 1469 1084 1524 discriptum.

357 1540 507 1592 Quod
539 1554 652 1581 oum
682 1539 763 1580 ita
794 1539 884 1591 sit,
923 1539 975 1580 111
1007 1539 1182 1580 00111111
1214 1538 1589 1580 illustrantur
1617 1539 1755 1579 curis

242 1610 459 1651 nostris
502 1612 721 1662 poetae,
763 1607 854 1661 qui
897 1607 1078 1649 secuti
1110 1611 1235 1648 sunt
1262 1621 1452 1648 novam
1487 1608 1754 1648 metricae

244 1683 296 1720 et
341 1677 643 1733 prosodiae
688 1676 926 1718 Latinae
978 1680 1171 1727 artem,
1221 1689 1377 1730 quam
1427 1676 1753 1717 hexametro

243 1746 528 1801 dactylico
569 1745 898 1787 introducto
939 1745 1148 1800 primus
1179 1745 1440 1786 instituit
1470 1745 1516 1795 Q.
1549 1745 1756 1795 Ennius,

244 1820 294 1858 et
338 1815 555 1869 quidem
606 1814 733 1856 inde
777 1828 802 1855 a
844 1814 1232 1856 vetustissimo
1283 1818 1532 1867 tempore
1584 1828 1756 1867 usque

244 1885 309 1926 ad
351 1884 628 1926 defectum
675 1883 858 1924 cultus
901 1897 960 1924 ac
999 1883 1293 1924 doctrinae
1325 1883 1615 1934 Romanae,
1656 1883 1756 1924 hoo

244 1957 326 1995 est
359 1966 529 2006 usque
569 1952 634 1993 ad
667 1955 879 1994 sextum
910 1950 1312 2006 septimumque
1343 1966 1382 2006 p.
1413 1951 1527 1993 Chr.
1560 1965 1599 1992 n.
1633 1965 1756 1993 sae·

243 2020 434 2063 culum.

359 2089 460 2131 Sed
494 2093 804 2141 auctorum,
835 2089 891 2130 de
924 2089 1124 2143 quibus
1154 2089 1258 2130 iam
1292 2089 1609 2143 quaeritur,
1650 2103 1758 2131 eum

243 2159 491 2201 viderem
525 2158 626 2200 duo
659 2172 777 2200 0000
811 2171 1037 2212 genera,
1077 2158 1302 2199 diversa
1338 2157 1442 2199 illa
1474 2161 1525 2199 et
1556 2162 1676 2199 arte
1708 2162 1759 2199 et

244 2228 525 2279 doctrina,
589 2240 912 2280 quamquam
975 2226 1272 2280 aliquanto
1334 2226 1540 2268 minore
1594 2240 1758 2280 quam

242 2300 475 2351 putatur
505 2296 669 2350 vulgo
712 2296 928 2337 interse
969 2295 1249 2337 distantia
1289 2295 1620 2346 intervallo,
1661 2309 1757 2348 ego

244 2365 340 2406 diu
390 2364 731 2418 multumque
781 2363 1114 2415 meditatus,
1178 2377 1409 2417 quonam
1460 2364 1758 2417 aptissime

244 2447 334 2475 eos
383 2433 601 2474 nomine
649 2432 1090 2487 distinguerem,
1141 2432 1283 2473 nihil
1327 2432 1518 2473 inveni
1560 2432 1758 2473 melius

242 2501 606 2555 breviusque,
651 2515 807 2555 quam
838 2505 896 2543 ut
935 2501 1107 2543 alteri
1145 2500 1635 2551 CLASSICORVM,
1679 2500 1757 2541 al—

243 2570 354 2612 teri
382 2569 932 2612 CHRISTIANORVM
963 2567 1296 2611 vocabulum
1325 2568 1589 2610 inderem.
1640 2582 1757 2609 nam

243 2652 339 2680 nec
368 2638 714 2692 temporibus
757 2638 899 2680 satis
943 2638 1364 2691 disiunguntur,
1407 2640 1465 2678 ut
1504 2637 1595 2690 qui
1635 2636 1757 2690 plu—

242 2708 438 2748 rimum
480 2707 684 2760 spatii,
722 2707 763 2748 h.
796 2721 830 2748 e.
873 2706 937 2748 ab
973 2706 1142 2747 initio
1179 2705 1344 2747 tertii
1381 2720 1420 2759 p.
1454 2704 1536 2746 Ch.
1568 2719 1606 2746 n.
1638 2718 1756 2746 sae-

243 2776 356 2817 culi
387 2788 563 2828 usque
607 2775 671 2816 ad
712 2775 881 2817 finem
927 2775 1136 2829 quinti,
1177 2774 1341 2815 simul
1383 2773 1752 2827 optinuerint.

357 2844 526 2885 Etenim
559 2844 673 2896 quod
705 2844 964 2897 pestilentia,
997 2857 1083 2897 qua
1114 2843 1168 2885 M.
1198 2842 1371 2885 Aurelio
1400 2845 1608 2895 regnante
1640 2845 1756 2882 totus

244 2913 360 2954 orbis
393 2915 435 2953 et
468 2912 653 2953 maxime
687 2912 874 2954 011111111111
901 2912 1029 2954 Italia
1060 2915 1272 2962 vexatast‚
1309 2924 1407 2952 mox
1438 2910 1756 2963 insequentium
