1898 3292
746 217 984 243 opvscvnvm
1003 219 1024 244 1.
1558 211 1638 250 533

130 319 205 361 ubi
237 333 417 360 caesura
446 320 492 360 fit
526 324 623 373 post
661 320 774 360 arsin
820 323 1030 372 quartam.
1083 320 1155 360 sed
1187 324 1228 360 et
1259 321 1300 360 in
1323 335 1471 373 parem
1495 321 1639 362 sedem

129 388 409 429 iambicorum
433 388 497 429 vel
520 388 838 429 trochaicorum
865 388 1074 441 imparem
1097 388 1268 430 admitti
1290 389 1400 429 hanc
1421 389 1638 430 licentiam

131 456 363 509 aliquando
405 456 598 510 exemplo
643 456 906 498 scenicorum
948 470 1032 497 11011
1075 456 1156 497 0111
1186 456 1247 497 ita
1281 457 1445 497 mirum.
1508 461 1638 510 atque

129 524 192 565 ita
231 523 368 565 habes
410 524 525 578 apud
557 525 793 566 Varronem
830 525 872 565 in
911 525 1078 565 senario
1117 525 1422 578 octenarioque
1454 525 1638 567 iambico

131 596 417 646 anapaestum
449 592 635 634 secundo
665 592 759 634 loco
792 592 856 633 vel
888 596 1043 646 quarto
1076 593 1270 647 [Eumen.
1304 596 1378 644 453
1416 594 1504 648 19]:

289 666 353 700 sed
378 678 444 700 nos
469 667 575 700 simul
601 670 710 710 atque
733 667 769 700 in
796 678 973 701 summam
1000 667 1185 710 speculam
1210 666 1385 701 venimus.

292 726 330 756 tu
357 735 429 757 non
454 724 599 766 insanis,
627 735 737 767 quom
766 724 833 758 tibi
857 724 942 757 vino
970 735 1104 768 corpus
1131 724 1337 767 corrumpis
1363 726 1488 758 mero?

131 795 321 833 attamen
350 790 462 833 binis
494 791 635 832 verbis
667 791 853 845 discerpi
884 791 1024 832 thesin
1056 792 1154 845 (nisi
1185 792 1324 845 primo
1355 792 1635 833 iambicorum

127 859 240 914 loco)
275 874 374 901 raro
406 860 563 901 toleres
595 863 638 901 et
668 874 808 912 aegre.
869 860 1016 913 itaque
1047 860 1132 901 iam
1169 860 1269 901 011111
1301 874 1470 901 versum
1506 874 1637 913 quen·

129 928 226 969 dam
258 927 409 969 Lucilii
442 927 620 982 [XX1X‚
655 929 725 983 58]
758 928 817 969 sic
849 927 936 969 dixi
969 928 1104 969 videri
1135 928 1428 985 scribendum:

288 1001 454 1046 Hymnis,
482 1013 550 1046 ego
577 1002 629 1035 sic
656 1002 815 1036 animum
841 1001 985 1044 induco.
1013 1014 1084 1045 quo
1110 1006 1146 1036 te
1172 1003 1216 1037 ab
1243 1002 1369 1036 insano
1396 1003 1547 1036 auferas.

127 1085 225 1111 nam
268 1069 393 1123 vulgo
434 1070 571 1111 fertur
613 1073 796 1122 Hymnis,
833 1085 893 1122 ey.
926 1085 989 1111 me.
1022 1074 1081 1111 sic
1120 1095 1176 1101 —
1218 1078 1287 1111 {zia
1318 1074 1379 1112 ab.
1423 1095 1479 1101 —
1521 1071 1636 1124 apud

128 1138 308 1180 eundem
339 1138 495 1192 legitur
526 1138 739 1193 [XXVIIL
773 1139 866 1193 23]:

537 1224 622 1246 vasa
650 1224 691 1247 00
720 1212 912 1246 fenestreis
938 1212 974 1245 111
1003 1216 1115 1257 caput

287 1269 439 1304 deiciam
471 1270 531 1313 qui
557 1281 673 1313 prope
701 1269 745 1302 ad
771 1269 905 1303 ostium
932 1269 1184 1313 aspiraverint.

127 1341 172 1378 at
203 1337 328 1379 facile
360 1341 503 1391 potest
532 1338 681 1391 reponi
718 1352 852 1388 prope
885 1341 964 1388 qui.

245 1406 385 1447 Etiam
428 1406 665 1447 continuati
707 1406 931 1460 anapaesti
975 1406 1038 1446 vel
1085 1406 1244 1460 dactyli
1288 1406 1376 1448 bini
1418 1407 1635 1448 interdum

127 1478 370 1524 occurrunt,
401 1478 449 1516 ut
478 1474 577 1515 Luc.
612 1474 765 1525 XXIX,
802 1478 870 1525 113
903 1474 1054 1524 XXVI,
1088 1478 1151 1515 21.

242 1542 677 1584 Proceleusmaticum
720 1542 763 1582 in
804 1543 941 1596 primo
973 1542 1159 1584 trimetri
1191 1542 1298 1596 pede
1330 1543 1518 1584 Lucilius
1551 1557 1635 1584 non

126 1611 262 1664 magis
292 1611 452 1665 refugit
482 1625 610 1664 quam
634 1611 783 1658 Varro,
811 1610 944 1652 isdem
977 1610 1149 1664 quidem
1182 1610 1506 1652 condicionibus
1533 1626 1635 1653 usus

126 1683 256 1733 atque
286 1679 509 1721 Phaedrus
541 1679 714 1734 [XXIX‚
748 1683 821 1731 263
856 1679 1006 1720 devict.
1043 1680 1108 1733 5]:

285 1759 393 1801 agite,
420 1759 528 1803 agite,
557 1759 627 1792 furi
652 1759 820 1793 mendaci
845 1758 1076 1803 argutamini.

284 1815 376 1851 libet
398 1816 676 1860 epigrammatia
700 1816 821 1850 facere
849 1819 886 1850 et
913 1816 1085 1860 quoniam
1111 1817 1267 1850 nomina.

124 1899 223 1925 nam
254 1884 316 1925 ita
344 1888 386 1925 et
416 1885 459 1925 111
490 1887 658 1926 versust
688 1884 942 1937 graecanico
975 1884 1151 1939 [Sescul.
1190 1884 1280 1939 12]:

284 1958 345 1992 ubi
371 1958 476 1991 nitidi
502 1958 646 2002 ephebi⁷
672 1961 772 1992 veste
797 1958 895 2002 pulla
920 1957 1076 1992 candidi.

238 2026 286 2067 In
316 2025 533 2067 trochaeis
571 2027 956 2080 proceleusmatico
998 2041 1081 2067 non
1121 2026 1239 2067 locus
1283 2027 1363 2067 nisi
1405 2030 1452 2068 ut
1495 2027 1632 2068 diver-

125 2108 269 2135 sorum
300 2094 458 2148 pedum
491 2098 657 2136 constet
687 2095 797 2135 thesi
829 2098 871 2136 et
902 2095 1000 2145 arsi,
1033 2094 1172 2147 qualis
1203 2109 1380 2148 prorsus
1402 2095 1456 2136 ab
1479 2095 1633 2136 iambis

125 2162 248 2204 abest
279 2163 504 2215 copulatio.
569 2167 611 2204 et
644 2163 718 2204 illa
759 2163 899 2216 figura
938 2163 1053 2204 haud
1095 2163 1224 2205 dubie
1265 2163 1478 2204 invenitur
1517 2163 1632 2217 apud

124 2230 333 2272 Lucilium
366 2231 687 2285 Varronemque
716 2231 887 2286 [XXVL
919 2235 964 2283 ὃς
997 2231 1170 2272 Ε11111011.
1204 2232 1298 2286 48]:

284 2310 463 2344 voluimus
489 2320 614 2354 capere
640 2312 807 2344 (inimum
835 2310 991 2344 illorum.

285 2367 432 2401 Attices
453 2367 708 2411 philosophiae
735 2368 888 2401 alumna.

240 2435 397 2476 Verum
438 2450 648 2488 nusquam
690 2435 940 2476 tolerandus
979 2436 1390 2489 proceleusmaticus
1426 2450 1504 2489 pro
1544 2440 1632 2477 110-

126 2503 258 2544 chaeo
301 2504 478 2557 positus.
545 2518 643 2544 nam
683 2518 794 2557 quae
835 2504 934 2544 olim
977 2504 1092 2557 apud
1133 2504 1342 2546 Lucilium
1383 2503 1632 2546 ferebantur

125 2571 321 2625 exempla
352 2571 521 2613 diversa
551 2573 649 2626 [inc.
685 2575 785 2624 1383
818 2572 965 2623 XXVI,
1002 2573 1091 2627 18]:

285 2651 372 2695 quin
397 2651 627 2695 amplexetur
652 2652 713 2695 qui
736 2651 830 2685 velit.
879 2661 940 2695 eqo
966 2663 1037 2685 non
1063 2653 1179 2685 sinam
1205 2664 1262 2686 me
1291 2652 1516 2696 amplectier.

286 2711 323 2742 et
352 2707 450 2751 quod
476 2708 543 2742 tibi
572 2720 705 2752 magno
731 2719 844 2752 opere
871 2708 1020 2751 cordist,
1048 2709 1137 2742 mihi
1163 2709 1388 2743 vehementer
1413 2709 1594 2752 displicet.

127 2790 178 2816 ea
207 2775 373 2829 pridem
403 2780 637 2829 procurata
669 2790 694 2817 a
724 2776 860 2818 nobis.

240 2843 449 2884 Subtilius
481 2843 805 2897 expendendum
836 2844 917 2885 hoc
949 2844 1119 2898 [XXVL
1153 2845 1246 2899 34]:

286 2922 521 2956 domuitionis
548 2922 671 2967 cupidi
695 2923 891 2968 imperium
915 2924 1012 2968 regis
1038 2935 1153 2968 paene
1180 2924 1424 2958 imminuimus.
