1898 3292
738 200 857 225 LIBER
877 200 1056 232 QVINTVS.
1572 192 1648 231 391

148 303 301 344 monici
333 302 418 359 [31]
454 303 539 345 tale
585 302 769 343 ‘inducta
809 300 1022 353 prasnnl’,
1064 302 1199 344 habes
1232 302 1427 357 exempla
1459 303 1651 345 brevium

147 371 240 413 iure
271 371 495 425 positionis
524 371 834 426 productarum
867 375 1077 425 quotquot
1110 371 1384 413 inveniuntur
1407 371 1520 425 apud
1544 371 1652 413 clas-

147 439 276 490 sicos,
309 443 356 481 ut
386 444 508 494 puto,
541 440 695 481 onmia.
756 443 802 481 at
833 454 855 481 e
887 439 1133 481 christianis
1167 439 1240 493 qui
1271 440 1443 493 saepius
1474 443 1653 482 utuntur

146 508 322 549 licentia
345 508 506 559 eadem,
539 508 708 562 decepti
729 511 778 549 ut
798 507 1030 562 plurimum
1053 507 1250 549 doctrina
1272 509 1651 561 grammaticorum

146 575 198 616 de
231 576 526 618 communibus
557 575 733 631 syllabis
754 576 938 630 prolata.
989 576 1174 618 maxime
1197 579 1340 618 autem
1362 577 1525 630 placuit
1546 577 1651 618 Pru-

146 644 290 686 dentio
322 648 365 686 et
397 645 607 686 Venantio
639 644 836 686 modulus
866 645 947 686 iste
980 648 1179 686 extentae
1210 644 1369 695 brevis,
1410 659 1549 699 neque
1589 646 1651 686 in-

144 713 330 754 usitatus
367 712 448 754 fuit
485 712 598 754 idem
631 712 824 764 Sidonio,
856 712 1052 764 Paulino,
1085 713 1278 755 Iuvenco.
1341 714 1496 755 ceteris
1527 714 1652 767 longe

144 781 284 822 rarius
315 780 558 823 adhibetur.

258 849 349 890 Iam
371 849 426 891 ad
447 849 774 903 productionem
798 850 905 891 arsis
922 849 963 890 vi
986 848 1184 891 effect-am
1206 851 1499 903 progressuris
1522 851 1651 892 etiam

143 916 212 958 hic
242 917 478 959 notandum
510 917 678 959 finalem
715 917 887 960 brevem
920 922 962 959 et
991 918 1034 959 in
1065 931 1295 959 consonam
1327 923 1573 968 exeuntem,
1616 921 1651 961 si

142 986 336 1039 proxime
367 990 575 1039 sequatur
616 987 811 1040 spiritus,
854 1000 937 1028 non
975 986 1150 1028 licentia
1193 983 1401 1040 quadam,
1441 987 1516 1029 sed
1558 988 1651 1041 lege

142 1054 366 1107 positionis
395 1054 577 1108 produci
611 1054 726 1097 credi
755 1069 781 1096 a
813 1054 1070 1096 christianis.
1124 1068 1258 1108 quare
1293 1060 1334 1097 et
1356 1055 1652 1111 monosyllaba

143 1122 375 1164 extendere
407 1123 703 1164 sustinuerunt
732 1122 881 1164 addita
912 1127 950 1172 h,
984 1137 1095 1176 quae
1127 1123 1299 1177 quidem
1321 1125 1413 1166 iure
1435 1125 1544 1166 arsis
1567 1139 1651 1166 non

142 1190 276 1244 magis
314 1191 397 1244 ipsi
438 1204 566 1244 quam
613 1191 782 1233 classici
813 1205 1017 1245 umquam
1048 1191 1349 1245 producerent.
1411 1193 1558 1247 itaque
1590 1194 1650 1235 sic

146 1258 254 1300 dixit
284 1258 483 1301 Sedulius
516 1258 565 1315 [c.
597 1274 637 1313 p.
668 1259 740 1310 III,
775 1258 893 1316 296]:

450 1346 505 1378 vir
529 1345 676 1379 humilis
699 1352 839 1380 maesto
867 1345 1032 1380 deiectus
1056 1346 1193 1380 lumina
1221 1346 1323 1381 vultu

142 1433 279 1473 neque
311 1419 438 1461 aliter
469 1419 680 1474 Corippus
712 1419 839 1475 [laud.
872 1420 974 1462 Iust.
1005 1421 1035 1471 Ι,
1068 1420 1192 1476 268]:

448 1503 572 1548 dicite,
599 1506 678 1550 quis
704 1506 892 1540 hominum

141 1583 184 1622 et
215 1581 371 1622 Arator
404 1579 457 1637 [a.
488 1594 524 1622 a.
554 1580 606 1630 II,
639 1579 763 1637 973]:

447 1667 504 1701 bis
528 1666 704 1710 habitum,
732 1677 841 1710 quem
867 1667 974 1711 culpa
1000 1670 1111 1701 creat.

139 1741 201 1783 ita
245 1741 289 1782 in
333 1741 488 1795 hymno
522 1741 722 1783 Venantii
765 1740 1038 1782 scribendum
1081 1740 1250 1783 adiecta
1283 1741 1546 1795 aspiratione
1581 1742 1648 1798 [IL

141 1813 178 1861 2,
213 1809 279 1866 19]
325 1809 410 1851 ‘hic
451 1817 624 1859 acetum,
669 1814 747 1861 fel,
779 1813 988 1858 lew-undo,
1020 1818 1159 1860 sluaa,
1193 1812 1316 1858 clavi,
1349 1808 1534 1858 laucea’,
1575 1810 1648 1852 ubi

139 1891 242 1932 pars
272 1878 481 1920 librorum
511 1877 645 1920 habet
675 1882 848 1920 arundo.
911 1891 1009 1919 nam
1047 1882 1132 1929 fel,
1165 1878 1276 1920 sicut
1306 1882 1384 1919 mel
1415 1877 1550 1934 [Ovid.
1584 1892 1647 1933 ep.

140 1959 192 1988 ex
223 1947 267 1988 P.
298 1946 368 1997 IV,
401 1950 438 1997 2,
469 1951 515 1999 93
548 1946 702 2000 Appul.
734 1947 900 2000 apolog.
930 1960 963 1987 c.
999 1945 1055 2003 9]‚
1084 1960 1168 1988 non
1198 1949 1341 2000 potest
1371 1959 1455 1987 non
1487 1946 1648 1988 habere

142 2029 163 2056 e
205 2014 389 2056 brevem.
458 2016 597 2056 minus
642 2015 854 2068 probatur
904 2016 947 2056 in
998 2015 1109 2056 thesi
1154 2015 1482 2068 qualiscumque
1531 2014 1649 2056 verbi

139 2083 310 2124 finalem
342 2083 556 2137 positione
586 2083 671 2124 ista
701 2083 904 2137 produci,
947 2088 993 2124 ut
1035 2088 1178 2125 tamen
1223 2083 1381 2124 dixerit
1410 2083 1648 2124 Venantius

142 2151 188 2208 [1‚
212 2155 279 2203 21,
301 2150 341 2208 7]
387 2150 444 2193 ‘te
476 2156 687 2203 famulans
721 2155 859 2200 ἱηίναϊ,
900 2156 975 2193 sed
1004 2156 1110 2193 hemo
1142 2160 1211 2193 ma
1242 2165 1374 2203 remea
1405 2149 1642 2203 refrenant²

141 2219 207 2276 [cf.
240 2219 292 2262 de
323 2220 412 2262 vita
441 2220 617 2261 Martini
648 2220 679 2271 I,
711 2224 794 2262 430
817 2220 886 2276 al]
921 2225 963 2262 et
994 2221 1066 2274 qui
1088 2220 1225 2262 Didus
1257 2219 1487 2274 epistulam
1517 2220 1648 2262 hexa-

139 2289 288 2330 metris
317 2288 572 2342 conscripsit
602 2287 724 2344 [Mey.
758 2292 878 2340 1610,
909 2288 977 2345 98]
1023 2288 1170 2330 ‘corda
1203 2291 1343 2340 liyavz't
1372 2302 1496 2329 amor.
1559 2292 1648 2339 quis

140 2364 293 2398 tamum
323 2360 363 2398 iu
397 2360 553 2408 hospite
587 2356 722 2398 vellel'
769 2360 898 2410 atque
937 2358 1037 2400 item
1074 2356 1188 2413 [119]
1235 2357 1468 2408 ‘matutinam
1501 2361 1648 2399 damna

140 2429 235 2466 volo.
298 2429 360 2466 vel
386 2429 461 2466 hoc
491 2429 598 2473 milei,
646 2429 817 2475 perside,
850 2424 1020 2473 redde';
1069 2425 1194 2481 [132]
1239 2430 1313 2466 secl
1355 2429 1463 2476 quod
1501 2429 1646 2476 hospes

140 2506 247 2534 eras.
297 2496 487 2534 ceterum
518 2492 733 2534 modulum
767 2493 885 2534 illum
918 2494 1153 2534 communis
1186 2493 1376 2547 syllabae
1398 2494 1647 2547 frequenter

140 2560 378 2602 adhibuere
424 2560 623 2602 Sedulius
669 2566 711 2602 et
756 2562 891 2614 magis
938 2561 1222 2611 Fortunatus,
1270 2575 1369 2603 raro
1417 2561 1646 2602 admodum

140 2642 237 2670 cum
266 2628 444 2670 Paulino
477 2629 756 2680 Prudentius,
787 2631 964 2679 Arator,
999 2631 1232 2679 Ausonius,
1272 2629 1492 2679 Sidonius,
1525 2643 1644 2670 num-

141 2711 268 2750 quam
311 2697 481 2738 onmino
521 2697 826 2747 Terentianus,
869 2697 1096 2747 Boethius,
1138 2698 1404 2748 Priscianus,
1446 2697 1645 2748 Avianus,

138 2764 436 2806 Maximianus.

255 2832 388 2874 Porro
419 2833 649 2886 singularis
682 2834 893 2886 quaedam
916 2835 1130 2875 invenitur
1152 2834 1263 2874 ratio
1286 2833 1551 2886 producendi
1574 2846 1644 2875 en-

141 2900 327 2942 cliticam
361 2915 450 2952 que,
492 2901 607 2955 quod
638 2915 770 2955 genus
805 2903 1016 2952 licent-iae,
1061 2902 1325 2944 Graecorum
1357 2902 1645 2944 aemulatione
