1898 3292
239 231 260 267 3
267 231 290 268 8
853 236 1129 262 PROHOEMJVM.

236 342 513 394 interceptus.
567 353 663 380 mox
694 339 806 380 idem
829 339 997 392 Peiperi
1030 354 1080 380 ao
1110 339 1302 380 Richteri
1335 340 1519 381 editione
1551 341 1746 382 omnibus

235 410 390 463 patuit.
442 409 591 450 relic-ui
621 412 794 462 praeter
826 412 1030 462 excerpta
1061 407 1268 449 Thuanea
1300 408 1354 448 ad
1383 408 1498 449 aliud
1530 410 1747 462 pertinent

237 492 370 530 genus
402 478 532 531 idque
566 476 769 527 deterius,
801 476 875 517 sed
910 490 993 529 quo
1026 490 1175 517 carere
1205 491 1288 517 non
1320 477 1470 530 possis.

353 546 554 587 Carmina
576 546 773 587 bucolica
795 545 890 594 duo,
915 559 1024 598 quae
1047 559 1099 586 ex
1119 544 1231 586 libro
1255 545 1440 598 quodam
1465 546 1747 587 Einsidelensi

238 615 421 668 primum
454 614 571 655 edita
602 618 701 655 sunt
733 614 786 654 ab
819 613 1019 667 flagelio,
1062 613 1215 654 deinde
1256 617 1495 655 retractata
1536 629 1562 655 a
1590 615 1746 665 multis,

237 683 386 737 primis
432 682 615 723 Neronis
656 682 943 735 temporibus,
993 686 1042 723 ut
1088 682 1306 735 Calpurnii
1353 682 1544 736 eclogas,
1592 683 1746 736 quibus

238 751 361 793 metri
394 756 487 792 arte
521 755 619 792 sunt
657 751 892 800 simillima,
935 750 1222 792 adscribenda
1263 751 1391 791 otiam
1434 751 1539 791 mihi
1578 751 1747 792 videtur

237 819 474 873 probabile.
536 819 748 873 quaedam
791 823 935 860 tamen
978 819 1020 859 in
1063 820 1122 860 eis
1164 819 1317 860 relicta
1359 834 1468 872 quae
1501 824 1628 872 poeta
1660 820 1747 861 oul-

238 889 404 930 tissimo
427 888 554 942 plane
578 888 663 929 sint
682 888 869 940 indigna.
921 887 1053 928 veluti
1085 888 1179 941 quis
1212 887 1324 929 ferat
1352 891 1570 940 Glyceram
1601 903 1746 929 vooem

236 957 464 1012 hybridam
498 961 535 1007 2,
566 961 611 998 7:

489 1031 597 1065 altius
623 1034 689 1074 est,
716 1030 931 1075 Glycerane,
961 1030 1109 1074 aliquid,
1137 1042 1208 1064 non
1234 1030 1316 1073 hoe,
1344 1033 1460 1075 pater.
1500 1043 1610 1065 erras.

236 1094 310 1135 ubi
343 1094 473 1135 etiam
505 1094 628 1135 elisio
660 1108 685 1135 a
712 1094 840 1135 tertio
874 1093 981 1147 pede
1013 1093 1154 1135 aliena
1186 1094 1330 1146 arguit
1360 1094 1568 1135 fraudem.
1621 1109 1747 1148 porro

238 1167 502 1214 domifaclus,
545 1162 659 1216 quod
699 1163 856 1216 legitur
886 1178 921 1202 v.
957 1167 1021 1213 30,
1053 1166 1101 1203 ut
1131 1163 1386 1216 ineptumst,
1424 1163 1486 1204 ita
1526 1164 1746 1205 rusticum.

236 1231 348 1272 unde
381 1231 601 1272 commode
645 1246 694 1272 eo
736 1246 838 1272 usus
870 1231 1064 1284 aequalis
1095 1231 1262 1272 auctori
1292 1231 1518 1272 Petronius
1550 1247 1640 1286 cap.
1672 1238 1746 1275 99:

237 1307 299 1341 ast
332 1303 398 1341 ubi
443 1307 586 1341 aratro
630 1304 859 1352 domefacta
902 1304 1018 1341 tellus
1060 1303 1170 1342 nitet.
1234 1299 1507 1341 scribendum
1549 1306 1748 1352 tardoque

228 1383 340 1420 puer
372 1372 582 1410 comitalzcs
613 1377 756 1410 aratro
789 1369 877 1409 sive
910 1373 1152 1419 tardumque
1174 1383 1285 1420 puer
1317 1372 1526 1410 comitalem*
1549 1377 1746 1411 (malrum.

238 1438 347 1478 mira
376 1437 505 1478 etiam
538 1437 801 1490 inelegantia
832 1437 998 1478 initium
1023 1436 1218 1490 eclogae:
1252 1441 1351 1488 quid
1378 1442 1538 1487 tuellas,
1572 1442 1748 1490 Mystes?

236 1521 313 1559 pro
351 1509 451 1557 quid
481 1509 628 1547 tacitus
650 1509 784 1558 Mysten
816 1510 888 1547 es?
929 1506 953 1546 i.
978 1520 1011 1546 e.
1044 1509 1223 1558 Mysta’s.
1270 1507 1372 1548 item
1404 1522 1439 1547 v.
1465 1510 1515 1548 35
1539 1521 1747 1560 reponen-

238 1576 339 1616 dum
368 1589 467 1616 novo
491 1578 610 1625 parit
641 1577 766 1615 ubere
797 1588 873 1628 pro
905 1589 1037 1616 noros.
1099 1574 1283 1629 denique
1320 1579 1353 1626 1,
1385 1579 1437 1616 28
1469 1575 1510 1616 in
1543 1575 1649 1617 illis:

491 1648 622 1693 dignus
647 1651 805 1692 utroque
831 1649 935 1683 stetit
959 1652 1060 1684 ostro
1088 1649 1207 1683 clarus
1233 1652 1270 1684 et
1294 1661 1382 1684 auro

236 1713 435 1754 laounast
466 1716 565 1753 ante
595 1715 716 1758 stetit,
749 1726 831 1752 non
866 1716 977 1765 post.

352 1781 552 1822 Ceterum
596 1781 770 1834 saepius
813 1781 942 1822 etiam
985 1795 1113 1834 quam
1160 1795 1331 1822 sensere
1373 1781 1488 1822 docti
1519 1782 1626 1823 haee
1655 1797 1747 1823 oar-

237 1850 351 1890 mina
401 1864 497 1890 oum
549 1863 715 1890 summa
767 1849 943 1902 Vergilii
995 1849 1294 1891 observatione
1347 1851 1605 1904 composita,
1663 1866 1748 1904 qua

235 1918 451 1960 interdum
473 1918 610 1972 possis
632 1918 696 1959 uti
718 1918 772 1958 ad
802 1918 907 1959 vitia
928 1917 1130 1959 tollenda.
1181 1918 1297 1959 velut
1323 1923 1356 1969 1,
1376 1922 1427 1959 22
1452 1919 1746 1961 scribendum:

488 1992 646 2027 maxime
672 1992 839 2026 divorum
867 2004 1062 2036 rerumque
1091 1996 1240 2027 aeterna
1265 1997 1429 2037 potestas

236 2070 314 2109 pro
348 2058 585 2106 caeterique
621 2055 735 2108 quod
765 2055 899 2096 habet
929 2055 1064 2097 codex
1086 2055 1392 2097 Einsidelensis
1426 2056 1747 2099 demonstratur

236 2124 448 2165 Aeneidos
481 2124 532 2174 Χ,
568 2127 630 2165 18.

348 2193 439 2233 Iam
462 2192 614 2233 Aviani
645 2192 817 2233 fabulas
849 2192 964 2245 quod
986 2192 1286 2234 Lachmannus
1309 2193 1495 2234 seeundo
1528 2209 1564 2247 p.
1588 2194 1683 2236 Chr.
1708 2210 1745 2236 n.

235 2261 408 2302 saeculo
442 2260 653 2313 adsignat,
685 2261 788 2301 mihi
819 2261 991 2315 quidem
1023 2276 1106 2302 non
1138 2261 1357 2315 probatur.
1409 2263 1565 2303 etenim
1598 2277 1745 2316 quam-

236 2344 363 2382 quam
409 2329 582 2370 minime
622 2329 773 2382 ignoro
816 2331 1009 2371 carmina
1045 2330 1160 2372 illius
1198 2344 1274 2384 per
1304 2330 1490 2372 medium
1524 2345 1675 2372 aevum
1703 2332 1746 2372 in

236 2398 392 2439 scholis
423 2398 522 2438 dum
556 2402 814 2439 enarrantur
846 2399 1048 2452 gravibus
1081 2413 1172 2440 esse
1216 2399 1452 2452 depravata
1494 2400 1619 2450 vitiis,
1663 2390 1745 2441 non

235 2471 379 2507 tamen
421 2465 565 2520 placet
607 2466 755 2507 eadem
800 2481 885 2520 qua
926 2467 1040 2508 illest
1080 2482 1182 2509 usus
1215 2467 1398 2508 audacia
1427 2468 1582 2509 inverti
1614 2483 1639 2509 a
1670 2469 1743 2510 bo-

235 2549 387 2576 norum
420 2538 646 2587 poetarum
669 2549 749 2575 usu
771 2535 924 2577 aliena.
978 2536 1081 2589 quid
1103 2536 1217 2589 quod
1239 2536 1351 2577 idem
1373 2536 1601 2587 interdum,
1635 2552 1745 2590 quae

234 2602 483 2644 viderentur
512 2603 595 2656 ipsi
628 2602 738 2644 falsa
766 2607 814 2644 ut
854 2608 1050 2654 sanaret,
1095 2609 1214 2646 certa
1254 2604 1420 2645 addidit
1463 2605 1624 2646 Aviano
1666 2620 1745 2647 neo

235 2671 369 2712 dubia
411 2671 546 2711 vitia?
594 2671 721 2712 oredo
768 2675 913 2712 autem
959 2673 1143 2714 maxime
1190 2687 1241 2714 ea
1290 2673 1456 2714 ratione
1502 2678 1743 2727 permotum

236 2754 328 2780 esse
361 2754 479 2790 eum,
512 2739 698 2793 plurima
729 2740 771 2780 in
801 2741 1016 2793 opusculis
1044 2741 1127 2782 illis
1150 2745 1198 2782 ut
1220 2745 1418 2792 mutaret,
1450 2742 1564 2794 quod
1586 2743 1628 2782 in
1652 2757 1743 2783 ver-

235 2807 353 2848 sibus
382 2812 430 2849 ut
460 2808 666 2850 mendosa
699 2808 912 2861 quaedam
946 2813 988 2850 et
1019 2809 1255 2860 abnormia,
1287 2811 1348 2851 ita
1370 2824 1454 2851 non
1477 2810 1741 2863 spernendae

235 2876 340 2916 artis
374 2876 633 2929 elegantiam
667 2882 709 2918 et
742 2877 1025 2930 suptilitatem
1054 2878 1217 2931 pariter
1247 2879 1385 2919 inesse
1409 2882 1616 2919 oernere¹.
1668 2879 1741 2919 sed

235 2944 345 2985 enim
378 2945 536 2986 similia
566 2945 695 2986 etiam
729 2945 843 3000 apud
879 2945 985 2986 alios
1024 2946 1270 2988 ultimorum
1313 2951 1551 3002 temporum
1591 2951 1741 3001 poetas
