1898 3292
734 236 854 261 LIBER
872 236 1028 261 smx'rvs.
1547 232 1627 268 447

126 338 372 379 condicione
408 344 422 377 t
451 342 493 378 et
523 351 544 378 c
572 351 719 379 sonum
753 342 1039 379 mutaverunt.
1091 342 1278 379 ceterum
1314 340 1466 381 similia
1500 354 1629 393 quae-

125 407 223 448 dam
257 419 388 460 supra
423 406 465 446 in
497 406 774 447 classicorum
804 420 883 446 usu
912 407 1167 447 notavimus.
1199 432 1252 437 —
1294 422 1422 460 porro
1456 409 1583 449 etiam
1618 413 1630 448 i

126 489 221 516 cum
249 474 416 527 liquida
456 474 605 515 addita
648 473 879 527 aliquando
911 474 1133 515 breviatur
1164 475 1323 515 vocalis
1354 476 1628 528 praecedens.

124 544 187 584 ita
218 543 349 583 ducta
380 555 406 582 a
436 556 603 583 mamma
634 545 821 589 mamilla,
861 555 887 582 a
925 555 1028 592 paso
1061 546 1237 592 pusillus
1267 544 1447 596 primam
1481 548 1630 584 contra

127 611 263 664 legem
306 610 618 664 corripuerunt.
689 623 768 651 nec
814 609 952 650 minus
995 610 1164 650 variant
1203 610 1275 651 illa
1320 610 1486 657 ‘sert'ba
1529 615 1629 652 scri-

124 682 340 727 matarius,
372 681 653 725 consa—ibium
684 691 821 720 vacca,
855 675 1036 718 vacillo'.
1090 691 1140 718 ex
1164 678 1319 731 quibus
1341 682 1631 720 .s·erihililnrin.›·

124 748 338 788 invenitur
368 747 450 788 hoc
481 760 607 787 versu
638 746 803 787 Afranii
838 746 984 800 [lssl]:

412 818 559 864 ‘pistori
585 816 725 854 nubat’.
758 840 799 843 -—
836 817 920 853 ‘cur
946 831 1018 853 non
1045 817 1322 854 scribilitario?’

125 897 209 925 non
240 882 436 925 dissimili
468 883 635 924 ratione
677 883 838 930 evenit,
881 883 995 935 quod
1035 882 1288 923 breviantur
1328 887 1449 934 osella
1481 887 1520 923 et
1560 886 1630 923 (sn-

126 956 246 993 tillas.
305 953 368 992 ita
399 953 616 992 imbecillus
649 964 743 991 cum
781 964 805 990 a
836 950 1026 992 classicis
1067 950 1272 992 efferatur
1312 952 1436 1002 longa
1481 951 1631 994 altera.

126 1023 327 1073 correpta
371 1018 521 1060 eadem
566 1022 802 1072 usurpatur
848 1032 873 1059 a
912 1018 1145 1059 Prudentio
1194 1019 1346 1073 [praef.
1380 1019 1524 1072 apoth.
1558 1023 1632 1069 313

126 1087 237 1128 cath.
264 1091 326 1136 11,
350 1087 434 1142 99].
496 1101 521 1127 a
552 1086 707 1139 quibus
741 1090 839 1127 sunt
870 1087 1022 1136 aliena,
1055 1101 1165 1140 quae
1198 1087 1490 1140 infringuntur
1522 1087 1632 1128 deri-

125 1157 294 1198 vatione
329 1169 398 1206 ea,
440 1168 526 1208 qua
566 1154 819 1208 producitur
849 1155 1078 1208 insequens
1110 1154 1296 1210 syllaba,
1326 1155 1442 1196 velut
1473 1169 1499 1196 a
1528 1159 1633 1196 Sabo

125 1223 304 1265 oriundo
337 1226 491 1272 Sabini,
523 1223 669 1276 qualia
700 1222 849 1263 eadem
881 1223 974 1276 lege
995 1226 1166 1264 mutant
1186 1224 1380 1277 primam,
1412 1227 1460 1264 ut
1490 1231 1634 1264 notare

125 1292 190 1333 vel
219 1295 476 1333 mutoniatas.

241 1360 348 1402 Tum
379 1360 422 1402 in
452 1358 651 1413 partibus
683 1359 890 1401 orationis
922 1358 1186 1412 simplicibus
1209 1359 1244 1400 si
1265 1359 1455 1400 vocalem
1478 1363 1634 1400 natura

125 1428 299 1470 brevem
332 1429 549 1482 geminata
580 1428 775 1481 sequitur
807 1440 1013 1478 consona,
1051 1431 1276 1481 suptracta
1307 1427 1446 1469 altera
1476 1428 1633 1481 princi-

125 1496 266 1550 palem
308 1509 552 1538 mensuram
583 1510 731 1537 rursus
763 1496 958 1549 optinere
990 1500 1190 1537 verumst.
1252 1496 1367 1537 velut
1397 1499 1561 1536 hinnire
1591 1500 1634 1536 et

127 1568 277 1605 tinnire
314 1568 363 1605 ut
393 1564 525 1606 ceteri
556 1564 685 1618 longa
718 1564 876 1617 prima,
914 1565 976 1605 ita
1007 1563 1113 1605 illud
1147 1563 1330 1605 Laevius
1367 1563 1509 1618 [frgm.
1546 1565 1630 1618 10],

125 1632 206 1674 1100
235 1632 518 1674 Terentianus
547 1632 667 1687 [232]
699 1646 879 1699 posuer?
911 1632 1041 1674 brevi.
1094 1631 1247 1673 deinde
1280 1635 1527 1673 Porsennam
1561 1633 1634 1673 alii

125 1714 204 1754 pro
237 1700 532 1751 antibacchio,
575 1700 750 1754 quidam
792 1700 1082 1742 adhibuerunt
1123 1699 1345 1754 dactylice.
1407 1704 1633 1754 praeterea

127 1772 231 1810 Allia
262 1782 523 1822 quamquam
553 1783 722 1823 semper
753 1769 967 1810 invenitur
997 1769 1040 1809 in
1062 1782 1188 1809 versu
1219 1768 1358 1821 prima
1389 1768 1528 1822 longa,
1566 1772 1628 1809 ta-

127 1851 223 1879 men
254 1837 357 1891 quin
389 1837 620 1890 aliquando
648 1837 914 1878 tribrachum
937 1837 1129 1878 sonuerit
1150 1850 1231 1878 non
1255 1840 1399 1891 potest
1430 1836 1634 1885 dubitari,

127 1920 222 1947 cum
255 1905 373 1947 dicat
401 1905 573 1948 Servius
613 1905 688 1961 [ad
719 1919 809 1947 aen.
841 1905 930 1955 VII,
965 1905 1065 1959 717]
1105 1918 1130 1946 a
1161 1904 1347 1958 Vergilio
1379 1905 1422 1946 in
1454 1919 1505 1946 ea
1536 1919 1632 1959 pro-

126 1977 223 2028 pter
242 1977 428 2016 metrum
449 1974 657 2028 geminari
686 1978 711 2023 l,
744 1977 793 2015 ut
813 1974 855 2014 in
876 1973 949 2014 illo
984 1976 1196 2024 reliquiae.
1227 1999 1283 2003 —-
1314 1977 1359 2014 at
1381 1973 1433 2014 de
1456 1973 1634 2015 Graecis

126 2041 369 2084 nominibus
390 2055 502 2096 quae
533 2046 705 2084 corallia
733 2041 969 2084 Claudiano
1003 2042 1088 2096 [10,
1115 2041 1223 2096 169],
1257 2042 1410 2083 ceteris
1433 2041 1635 2082 dicuntur

127 2114 287 2152 caralia
329 2114 528 2164 correpta
568 2110 768 2152 secunda.
839 2114 929 2151 tuni
976 2123 1143 2163 semper
1189 2109 1441 2151 breviantur
1489 2123 1633 2151 neces-

126 2179 254 2220 sitate
293 2179 419 2220 metri
450 2192 561 2232 quae
591 2179 857 2221 descendunt
888 2178 943 2220 ab
974 2178 1046 2220 illo
1081 2177 1196 2232 ῥόος,
1225 2182 1274 2219 ut
1302 2182 1409 2232 puta
1446 2180 1633 2223 Calliroe,

133 2250 301 2299 Ocyroe,
319 2251 522 2290 Alexiroe.
568 2261 667 2288 nam
690 2251 732 2288 et
753 2247 903 2289 eadem
921 2260 1052 2288 causa
1074 2250 1401 2299 cliaerepliyllam
1424 2246 1633 2287 choriam-

126 2314 220 2356 bice
252 2314 429 2357 effertur
461 2329 486 2357 a
517 2315 751 2357 Columella
782 2316 917 2370 [110].
953 2341 1002 2344 —
1042 2314 1225 2368 denique
1255 2315 1298 2355 in
1329 2314 1528 2356 barbaris
1561 2328 1634 2355 no-

126 2383 312 2425 minibus
343 2387 657 2425 Alamannorum
681 2388 723 2425 et
744 2387 1127 2425 Marcomannorum
1148 2397 1226 2436 pro
1249 2383 1498 2424 diversitate
1519 2383 1634 2436 prin-

127 2451 235 2505 cipis
264 2451 455 2506 syllabae
486 2452 627 2493 variat
657 2452 790 2493 tertia
831 2451 997 2506 [Claud.
1031 2454 1096 2501 24,
1129 2454 1202 2502 173
1233 2450 1340 2492 Stat.
1373 2451 1462 2492 silv.
1495 2451 1568 2501 III,
1598 2454 1634 2500 3,

131 2519 241 2573 170].
303 2523 349 2560 at
388 2522 612 2561 Britannus
656 2523 698 2561 et
741 2523 981 2568 Britannia,
1025 2518 1235 2560 vocabula
1274 2532 1300 2560 a
1340 2522 1522 2560 Brittone
1563 2519 1634 2559 de—

128 2586 278 2638 ducta,
320 2601 552 2640 numquam
593 2592 766 2642 praeter
797 2602 929 2629 unum
959 2587 1148 2629 Lucretii
1179 2601 1347 2628 versum
1386 2587 1474 2641 [VI,
1508 2587 1634 2639 1104]

129 2657 348 2708 geminata
378 2663 391 2695 t
424 2660 467 2697 et
496 2656 626 2709 longa
655 2656 795 2710 prima
825 2654 1096 2696 adhibentur.

244 2724 335 2765 Iam
364 2727 562 2765 auctores
595 2723 817 2766 christiani
847 2723 914 2764 vel
943 2723 1056 2764 hanc
1081 2723 1328 2765 libertatem
1360 2723 1475 2764 ultra
1506 2735 1634 2774 quam

128 2792 312 2834 decebat
341 2805 437 2833 cum
469 2792 774 2843 intendissent,
819 2791 1011 2833 extulere
1052 2795 1252 2844 correpta
1283 2790 1419 2832 vocali
1456 2804 1524 2840 ea,
1567 2790 1635 2831 cui

129 2860 348 2914 duplicata
369 2860 495 2914 vulgo
528 2860 760 2901 adderetur
792 2873 990 2910 consona,
1018 2859 1144 2901 talia:
1175 2863 1324 2900 colloco
1356 2859 1484 2912 [auct.
1505 2871 1633 2899 carin.

127 2929 171 2969 in
202 2942 341 2982 genes.
376 2929 494 2982 328],
525 2936 776 2979 opportunus
808 2928 944 2981 [Paul.
983 2931 1048 2977 27,
1084 2928 1201 2980 503}
1234 2930 1455 2977 parricida
1487 2926 1634 2980 [Prud.
