<?xml version="1.0" encoding="UTF-8"?>
<!DOCTYPE html PUBLIC "-//W3C//DTD XHTML 1.0 Transitional//EN"
    "http://www.w3.org/TR/xhtml1/DTD/xhtml1-transitional.dtd">
<html xmlns="http://www.w3.org/1999/xhtml" xml:lang="en" lang="en">
 <head>
  <title>
</title>
<meta http-equiv="Content-Type" content="text/html;charset=utf-8" />
  <meta name='ocr-system' content='tesseract 3.04.00' />
  <meta name='ocr-capabilities' content='ocr_page ocr_carea ocr_par ocr_line ocrx_word'/>
</head>
<body>
  <div class='ocr_page' id='page_1' title='image "./deremetricapoeta00mluoft_0399.png"; bbox 0 0 1898 3292; ppageno 0'>
   <div class='ocr_carea' id='block_1_1' title="bbox 760 210 1673 247">
    <p class='ocr_par' dir='ltr' id='par_1_1' title="bbox 760 210 1673 247">
     <span class='ocr_line' id='line_1_1' title="bbox 760 210 1673 247; baseline 0.005 -6"><span class='ocrx_word' id='word_1_1' title='bbox 760 217 879 241; x_wconf 81' lang='lat' dir='ltr'>LIBER</span> <span class='ocrx_word' id='word_1_2' title='bbox 899 216 1088 247; x_wconf 74' lang='lat' dir='ltr'>QVARTVS.</span> <span class='ocrx_word' id='word_1_3' title='bbox 1595 210 1616 246; x_wconf 84' lang='lat'>3</span> <span class='ocrx_word' id='word_1_4' title='bbox 1624 210 1645 246; x_wconf 87' lang='lat'><strong>7</strong></span> <span class='ocrx_word' id='word_1_5' title='bbox 1652 210 1673 246; x_wconf 87' lang='lat'><strong>7</strong></span> 
     </span>
    </p>
   </div>
   <div class='ocr_carea' id='block_1_2' title="bbox 165 317 1722 717">
    <p class='ocr_par' dir='ltr' id='par_1_2' title="bbox 165 317 1722 717">
     <span class='ocr_line' id='line_1_2' title="bbox 168 317 1674 374; baseline -0.001 -12"><span class='ocrx_word' id='word_1_6' title='bbox 168 325 204 370; x_wconf 79' lang='lat'>5,</span> <span class='ocrx_word' id='word_1_7' title='bbox 228 320 299 374; x_wconf 83' lang='lat'>33]</span> <span class='ocrx_word' id='word_1_8' title='bbox 342 318 413 368; x_wconf 78' lang='lat' dir='ltr'>‘et‚</span> <span class='ocrx_word' id='word_1_9' title='bbox 446 328 595 360; x_wconf 69' lang='lat' dir='ltr'>{melum</span> <span class='ocrx_word' id='word_1_10' title='bbox 620 328 812 361; x_wconf 70' lang='lat' dir='ltr'>veneram</span> <span class='ocrx_word' id='word_1_11' title='bbox 836 324 975 361; x_wconf 67' lang='lat' dir='ltr'>virum.</span> <span class='ocrx_word' id='word_1_12' title='bbox 1001 323 1107 359; x_wconf 61' lang='lat' dir='ltr'>hemo</span> <span class='ocrx_word' id='word_1_13' title='bbox 1128 323 1273 360; x_wconf 63' lang='lat' dir='ltr'>sedula</span> <span class='ocrx_word' id='word_1_14' title='bbox 1305 317 1459 368; x_wconf 63' lang='grc' dir='ltr'>σιω-οῖ’,</span> <span class='ocrx_word' id='word_1_15' title='bbox 1492 320 1674 374; x_wconf 84' lang='lat' dir='ltr'>denique</span> 
     </span>
     <span class='ocr_line' id='line_1_3' title="bbox 167 387 1674 443; baseline 0.001 -14"><span class='ocrx_word' id='word_1_16' title='bbox 167 388 367 429; x_wconf 81' lang='lat' dir='ltr'>Manilius</span> <span class='ocrx_word' id='word_1_17' title='bbox 400 389 448 443; x_wconf 70' lang='lat'>[1.</span> <span class='ocrx_word' id='word_1_18' title='bbox 483 389 582 443; x_wconf 81' lang='lat'>795]</span> <span class='ocrx_word' id='word_1_19' title='bbox 625 387 834 429; x_wconf 70' lang='lat' dir='ltr'>‘emeritus</span> <span class='ocrx_word' id='word_1_20' title='bbox 867 393 1019 430; x_wconf 70' lang='lat' dir='ltr'>caelum</span> <span class='ocrx_word' id='word_1_21' title='bbox 1053 395 1090 429; x_wconf 76' lang='lat' dir='ltr'>el</span> <span class='ocrx_word' id='word_1_22' title='bbox 1128 390 1264 428; x_wconf 65' lang='lat' dir='ltr'>Clausi</span> <span class='ocrx_word' id='word_1_23' title='bbox 1293 402 1442 439; x_wconf 63' lang='lat' dir='ltr'>»layna</span> <span class='ocrx_word' id='word_1_24' title='bbox 1469 402 1674 441; x_wconf 66' lang='lat' dir='ltr'>propasso.</span> 
     </span>
     <span class='ocr_line' id='line_1_4' title="bbox 166 456 1675 510; baseline 0 -12"><span class='ocrx_word' id='word_1_25' title='bbox 166 482 221 486; x_wconf 86' lang='lat'>—-</span> <span class='ocrx_word' id='word_1_26' title='bbox 255 456 394 498; x_wconf 89' lang='lat' dir='ltr'>minus</span> <span class='ocrx_word' id='word_1_27' title='bbox 426 457 648 510; x_wconf 84' lang='lat' dir='ltr'>aliquanto</span> <span class='ocrx_word' id='word_1_28' title='bbox 680 461 799 498; x_wconf 83' lang='lat' dir='ltr'>certa</span> <span class='ocrx_word' id='word_1_29' title='bbox 830 457 1004 498; x_wconf 81' lang='lat' dir='ltr'>relicua.</span> <span class='ocrx_word' id='word_1_30' title='bbox 1065 470 1163 497; x_wconf 88' lang='lat' dir='ltr'>nam</span> <span class='ocrx_word' id='word_1_31' title='bbox 1198 456 1313 509; x_wconf 85' lang='lat' dir='ltr'>quod</span> <span class='ocrx_word' id='word_1_32' title='bbox 1344 457 1460 510; x_wconf 88' lang='lat' dir='ltr'>apud</span> <span class='ocrx_word' id='word_1_33' title='bbox 1491 457 1675 498; x_wconf 87' lang='lat' dir='ltr'>Ennium</span> 
     </span>
     <span class='ocr_line' id='line_1_5' title="bbox 166 525 1722 580; baseline 0.001 -14"><span class='ocrx_word' id='word_1_34' title='bbox 166 525 305 567; x_wconf 87' lang='lat' dir='ltr'>fertur</span> <span class='ocrx_word' id='word_1_35' title='bbox 337 526 457 580; x_wconf 82' lang='lat'>[279]</span> <span class='ocrx_word' id='word_1_36' title='bbox 499 529 666 567; x_wconf 72' lang='lat' dir='ltr'>miscent</span> <span class='ocrx_word' id='word_1_37' title='bbox 700 529 806 566; x_wconf 74' lang='lat' dir='ltr'>inter</span> <span class='ocrx_word' id='word_1_38' title='bbox 836 540 925 566; x_wconf 74' lang='lat' dir='ltr'>sese</span> <span class='ocrx_word' id='word_1_39' title='bbox 959 528 1210 566; x_wconf 68' lang='lat' dir='ltr'>inimiciciam</span> <span class='ocrx_word' id='word_1_40' title='bbox 1241 529 1470 576; x_wconf 69' lang='lat' dir='ltr'>(cyitmcles,</span> <span class='ocrx_word' id='word_1_41' title='bbox 1513 526 1557 566; x_wconf 90' lang='lat' dir='ltr'>in</span> <span class='ocrx_word' id='word_1_42' title='bbox 1589 526 1676 567; x_wconf 87' lang='lat' dir='ltr'>cdi·</span> <span class='ocrx_word' id='word_1_43' title='bbox 1721 564 1722 568; x_wconf 72' lang='grc'>,</span> 
     </span>
     <span class='ocr_line' id='line_1_6' title="bbox 165 593 1675 647; baseline 0.001 -13"><span class='ocrx_word' id='word_1_44' title='bbox 165 593 282 634; x_wconf 89' lang='lat' dir='ltr'>tione</span> <span class='ocrx_word' id='word_1_45' title='bbox 311 599 460 635; x_wconf 85' lang='lat' dir='ltr'>nostra</span> <span class='ocrx_word' id='word_1_46' title='bbox 500 594 731 647; x_wconf 85' lang='lat' dir='ltr'>positumst</span> <span class='ocrx_word' id='word_1_47' title='bbox 761 597 1017 643; x_wconf 73' lang='lat' dir='ltr'>mine&#39;lmztes;</span> <span class='ocrx_word' id='word_1_48' title='bbox 1058 593 1173 646; x_wconf 87' lang='lat' dir='ltr'>apud</span> <span class='ocrx_word' id='word_1_49' title='bbox 1205 593 1419 635; x_wconf 81' lang='lat' dir='ltr'>Catullum</span> <span class='ocrx_word' id='word_1_50' title='bbox 1455 594 1498 635; x_wconf 89' lang='lat' dir='ltr'>in</span> <span class='ocrx_word' id='word_1_51' title='bbox 1535 594 1675 635; x_wconf 85' lang='lat' dir='ltr'>medio</span> 
     </span>
     <span class='ocr_line' id='line_1_7' title="bbox 165 661 1112 717; baseline 0 -14"><span class='ocrx_word' id='word_1_52' title='bbox 165 666 437 715; x_wconf 85' lang='lat' dir='ltr'>pentametro</span> <span class='ocrx_word' id='word_1_53' title='bbox 469 661 662 716; x_wconf 83' lang='lat' dir='ltr'>plerique</span> <span class='ocrx_word' id='word_1_54' title='bbox 694 663 778 717; x_wconf 65' lang='lat'>[66.</span> <span class='ocrx_word' id='word_1_55' title='bbox 812 666 889 714; x_wconf 75' lang='lat'>483</span> <span class='ocrx_word' id='word_1_56' title='bbox 922 665 986 713; x_wconf 79' lang='grc'>67,</span> <span class='ocrx_word' id='word_1_57' title='bbox 1019 662 1112 716; x_wconf 83' lang='grc'>44];</span> 
     </span>
    </p>
   </div>
   <div class='ocr_carea' id='block_1_3' title="bbox 440 753 1362 855">
    <p class='ocr_par' dir='ltr' id='par_1_3' title="bbox 440 753 1362 855">
     <span class='ocr_line' id='line_1_8' title="bbox 441 753 1362 798; baseline 0 -11"><span class='ocrx_word' id='word_1_58' title='bbox 441 753 624 797; x_wconf 83' lang='lat' dir='ltr'>Iuppiter,</span> <span class='ocrx_word' id='word_1_59' title='bbox 652 757 693 788; x_wconf 85' lang='lat' dir='ltr'>ut</span> <span class='ocrx_word' id='word_1_60' title='bbox 721 753 923 798; x_wconf 83' lang='lat' dir='ltr'>Chalybum</span> <span class='ocrx_word' id='word_1_61' title='bbox 949 765 1056 788; x_wconf 87' lang='lat' dir='ltr'>omne</span> <span class='ocrx_word' id='word_1_62' title='bbox 1082 765 1198 798; x_wconf 78' lang='lat' dir='ltr'>genus</span> <span class='ocrx_word' id='word_1_63' title='bbox 1225 756 1362 797; x_wconf 79' lang='lat' dir='ltr'>pereat.</span> 
     </span>
     <span class='ocr_line' id='line_1_9' title="bbox 440 810 1280 855; baseline 0.001 -10"><span class='ocrx_word' id='word_1_64' title='bbox 440 814 567 855; x_wconf 85' lang='lat' dir='ltr'>speret</span> <span class='ocrx_word' id='word_1_65' title='bbox 591 822 658 845; x_wconf 87' lang='lat' dir='ltr'>nec</span> <span class='ocrx_word' id='word_1_66' title='bbox 684 811 845 855; x_wconf 79' lang='lat' dir='ltr'>linguam</span> <span class='ocrx_word' id='word_1_67' title='bbox 871 822 949 844; x_wconf 82' lang='lat' dir='ltr'>esse</span> <span class='ocrx_word' id='word_1_68' title='bbox 975 822 1043 844; x_wconf 85' lang='lat' dir='ltr'>nec</span> <span class='ocrx_word' id='word_1_69' title='bbox 1070 810 1280 846; x_wconf 79' lang='lat' dir='ltr'>auriculam.</span> 
     </span>
    </p>
   </div>
   <div class='ocr_carea' id='block_1_4' title="bbox 158 890 1678 2662">
    <p class='ocr_par' dir='ltr' id='par_1_4' title="bbox 158 890 1678 1906">
     <span class='ocr_line' id='line_1_10' title="bbox 165 890 1676 944; baseline 0 -12"><span class='ocrx_word' id='word_1_70' title='bbox 165 895 211 932; x_wconf 87' lang='lat' dir='ltr'>at</span> <span class='ocrx_word' id='word_1_71' title='bbox 249 890 309 932; x_wconf 87' lang='lat' dir='ltr'>ibi</span> <span class='ocrx_word' id='word_1_72' title='bbox 353 891 530 941; x_wconf 73' lang='lat' dir='ltr'>rectius,</span> <span class='ocrx_word' id='word_1_73' title='bbox 574 894 696 944; x_wconf 80' lang='lat' dir='ltr'>puto,</span> <span class='ocrx_word' id='word_1_74' title='bbox 739 891 811 932; x_wconf 88' lang='lat' dir='ltr'>alii</span> <span class='ocrx_word' id='word_1_75' title='bbox 850 894 1049 943; x_wconf 70' lang='lat' dir='ltr'>Chalybon</span> <span class='ocrx_word' id='word_1_76' title='bbox 1083 895 1125 931; x_wconf 90' lang='lat' dir='ltr'>et</span> <span class='ocrx_word' id='word_1_77' title='bbox 1156 899 1372 941; x_wconf 51' lang='lat' dir='ltr'>sperarem</span> <span class='ocrx_word' id='word_1_78' title='bbox 1415 891 1540 932; x_wconf 84' lang='lat' dir='ltr'>sicuti</span> <span class='ocrx_word' id='word_1_79' title='bbox 1573 891 1676 933; x_wconf 88' lang='lat' dir='ltr'>alibi</span> 
     </span>
     <span class='ocr_line' id='line_1_11' title="bbox 167 959 1678 1014; baseline 0 -13"><span class='ocrx_word' id='word_1_80' title='bbox 167 960 259 1014; x_wconf 77' lang='lat'><strong>[97,</strong></span> <span class='ocrx_word' id='word_1_81' title='bbox 306 960 347 1014; x_wconf 80' lang='lat'>2]</span> <span class='ocrx_word' id='word_1_82' title='bbox 395 959 450 1000; x_wconf 88' lang='lat' dir='ltr'>ad</span> <span class='ocrx_word' id='word_1_83' title='bbox 497 959 674 1000; x_wconf 85' lang='lat' dir='ltr'>eandem</span> <span class='ocrx_word' id='word_1_84' title='bbox 721 959 942 1000; x_wconf 80' lang='lat' dir='ltr'>licentiam</span> <span class='ocrx_word' id='word_1_85' title='bbox 987 959 1221 1001; x_wconf 84' lang='lat' dir='ltr'>tollendam</span> <span class='ocrx_word' id='word_1_86' title='bbox 1266 974 1344 1013; x_wconf 88' lang='lat' dir='ltr'>pro</span> <span class='ocrx_word' id='word_1_87' title='bbox 1393 967 1523 1001; x_wconf 66' lang='lat' dir='ltr'>ulrum</span> <span class='ocrx_word' id='word_1_88' title='bbox 1570 960 1678 1001; x_wconf 86' lang='lat' dir='ltr'>illud</span> 
     </span>
     <span class='ocr_line' id='line_1_12' title="bbox 165 1028 1677 1082; baseline -0.001 -13"><span class='ocrx_word' id='word_1_89' title='bbox 165 1036 364 1069; x_wconf 73' lang='lat' dir='ltr'>ulrumne.</span> <span class='ocrx_word' id='word_1_90' title='bbox 426 1041 505 1068; x_wconf 92' lang='lat' dir='ltr'>nec</span> <span class='ocrx_word' id='word_1_91' title='bbox 547 1028 656 1069; x_wconf 88' lang='lat' dir='ltr'>enim</span> <span class='ocrx_word' id='word_1_92' title='bbox 699 1028 815 1069; x_wconf 87' lang='lat' dir='ltr'>aliud</span> <span class='ocrx_word' id='word_1_93' title='bbox 860 1028 1101 1082; x_wconf 84' lang='lat' dir='ltr'>exemplum</span> <span class='ocrx_word' id='word_1_94' title='bbox 1134 1028 1250 1082; x_wconf 87' lang='lat' dir='ltr'>apud</span> <span class='ocrx_word' id='word_1_95' title='bbox 1283 1028 1484 1070; x_wconf 73' lang='lat' dir='ltr'>classicos</span> <span class='ocrx_word' id='word_1_96' title='bbox 1517 1028 1677 1070; x_wconf 88' lang='lat' dir='ltr'>inveni-</span> 
     </span>
     <span class='ocr_line' id='line_1_13' title="bbox 164 1096 1676 1152; baseline 0.001 -16"><span class='ocrx_word' id='word_1_97' title='bbox 164 1101 247 1137; x_wconf 88' lang='lat' dir='ltr'>tur.</span> <span class='ocrx_word' id='word_1_98' title='bbox 309 1099 424 1137; x_wconf 83' lang='lat' dir='ltr'>certe</span> <span class='ocrx_word' id='word_1_99' title='bbox 457 1096 571 1149; x_wconf 83' lang='lat' dir='ltr'>quod</span> <span class='ocrx_word' id='word_1_100' title='bbox 603 1096 793 1138; x_wconf 72' lang='lat' dir='ltr'>Martiali</span> <span class='ocrx_word' id='word_1_101' title='bbox 826 1097 1033 1138; x_wconf 76' lang='lat' dir='ltr'>tribuitur</span> <span class='ocrx_word' id='word_1_102' title='bbox 1069 1098 1161 1152; x_wconf 79' lang='lat' dir='ltr'>[HL</span> <span class='ocrx_word' id='word_1_103' title='bbox 1196 1102 1232 1147; x_wconf 80' lang='lat'>3,</span> <span class='ocrx_word' id='word_1_104' title='bbox 1268 1098 1312 1152; x_wconf 80' lang='lat'>4]</span> <span class='ocrx_word' id='word_1_105' title='bbox 1351 1104 1421 1139; x_wconf 75' lang='lat' dir='ltr'>aul</span> <span class='ocrx_word' id='word_1_106' title='bbox 1453 1101 1572 1148; x_wconf 73' lang='lat' dir='ltr'>aperi</span> <span class='ocrx_word' id='word_1_107' title='bbox 1609 1105 1676 1149; x_wconf 73' lang='lat' dir='ltr'>sa-</span> 
     </span>
     <span class='ocr_line' id='line_1_14' title="bbox 166 1163 1677 1219; baseline 0 -13"><span class='ocrx_word' id='word_1_108' title='bbox 166 1169 264 1206; x_wconf 77' lang='lat' dir='ltr'>eiem</span> <span class='ocrx_word' id='word_1_109' title='bbox 287 1172 357 1205; x_wconf 71' lang='lat' dir='ltr'>aut</span> <span class='ocrx_word' id='word_1_110' title='bbox 380 1168 563 1206; x_wconf 70' lang='lat' dir='ltr'>tunicata</span> <span class='ocrx_word' id='word_1_111' title='bbox 585 1163 716 1214; x_wconf 60' lang='lat' dir='ltr'>lamss,</span> <span class='ocrx_word' id='word_1_112' title='bbox 750 1166 920 1207; x_wconf 86' lang='grc'>0111111110</span> <span class='ocrx_word' id='word_1_113' title='bbox 944 1166 1178 1207; x_wconf 85' lang='lat' dir='ltr'>cultissimo</span> <span class='ocrx_word' id='word_1_114' title='bbox 1203 1170 1378 1207; x_wconf 78' lang='lat' dir='ltr'>auctore</span> <span class='ocrx_word' id='word_1_115' title='bbox 1400 1166 1677 1219; x_wconf 70' lang='lat' dir='ltr'>indignumst,</span> 
     </span>
     <span class='ocr_line' id='line_1_15' title="bbox 167 1233 1677 1289; baseline 0.001 -16"><span class='ocrx_word' id='word_1_116' title='bbox 167 1234 239 1286; x_wconf 88' lang='lat' dir='ltr'>qui</span> <span class='ocrx_word' id='word_1_117' title='bbox 270 1248 323 1274; x_wconf 85' lang='lat' dir='ltr'>ne</span> <span class='ocrx_word' id='word_1_118' title='bbox 354 1233 397 1274; x_wconf 87' lang='lat' dir='ltr'>in</span> <span class='ocrx_word' id='word_1_119' title='bbox 424 1233 677 1274; x_wconf 77' lang='lat' dir='ltr'>hexametro</span> <span class='ocrx_word' id='word_1_120' title='bbox 708 1234 879 1287; x_wconf 86' lang='lat' dir='ltr'>quidem</span> <span class='ocrx_word' id='word_1_121' title='bbox 921 1238 963 1275; x_wconf 88' lang='lat' dir='ltr'>et</span> <span class='ocrx_word' id='word_1_122' title='bbox 1004 1234 1133 1287; x_wconf 82' lang='lat' dir='ltr'>longa</span> <span class='ocrx_word' id='word_1_123' title='bbox 1162 1234 1328 1289; x_wconf 71' lang='lat' dir='ltr'>syllaba</span> <span class='ocrx_word' id='word_1_124' title='bbox 1359 1234 1583 1276; x_wconf 79' lang='lat' dir='ltr'>admiserit</span> <span class='ocrx_word' id='word_1_125' title='bbox 1615 1235 1677 1274; x_wconf 86' lang='lat' dir='ltr'>di-</span> 
     </span>
     <span class='ocr_line' id='line_1_16' title="bbox 164 1302 1677 1357; baseline 0.001 -15"><span class='ocrx_word' id='word_1_126' title='bbox 164 1302 376 1352; x_wconf 84' lang='lat' dir='ltr'>haeresin‚</span> <span class='ocrx_word' id='word_1_127' title='bbox 408 1305 456 1343; x_wconf 87' lang='lat' dir='ltr'>ut</span> <span class='ocrx_word' id='word_1_128' title='bbox 489 1303 702 1343; x_wconf 85' lang='lat' dir='ltr'>assentiar</span> <span class='ocrx_word' id='word_1_129' title='bbox 725 1303 1049 1344; x_wconf 76' lang='lat' dir='ltr'>Schneidewino</span> <span class='ocrx_word' id='word_1_130' title='bbox 1073 1303 1349 1357; x_wconf 79' lang='lat' dir='ltr'>epigramma,</span> <span class='ocrx_word' id='word_1_131' title='bbox 1378 1303 1422 1344; x_wconf 89' lang='grc'>111</span> <span class='ocrx_word' id='word_1_132' title='bbox 1454 1317 1538 1356; x_wconf 88' lang='lat' dir='ltr'>quo</span> <span class='ocrx_word' id='word_1_133' title='bbox 1570 1304 1677 1343; x_wconf 83' lang='lat' dir='ltr'>situs</span> 
     </span>
     <span class='ocr_line' id='line_1_17' title="bbox 166 1370 1677 1425; baseline 0.001 -14"><span class='ocrx_word' id='word_1_134' title='bbox 166 1376 231 1412; x_wconf 91' lang='lat' dir='ltr'>est</span> <span class='ocrx_word' id='word_1_135' title='bbox 259 1383 426 1421; x_wconf 76' lang='lat' dir='ltr'>versus,</span> <span class='ocrx_word' id='word_1_136' title='bbox 465 1370 650 1412; x_wconf 78' lang='lat' dir='ltr'>alienum</span> <span class='ocrx_word' id='word_1_137' title='bbox 684 1385 776 1413; x_wconf 86' lang='lat' dir='ltr'>esse</span> <span class='ocrx_word' id='word_1_138' title='bbox 811 1386 837 1412; x_wconf 87' lang='lat' dir='ltr'>a</span> <span class='ocrx_word' id='word_1_139' title='bbox 868 1371 1070 1413; x_wconf 86' lang='lat' dir='ltr'>Martiali.</span> <span class='ocrx_word' id='word_1_140' title='bbox 1131 1386 1228 1412; x_wconf 87' lang='lat' dir='ltr'>nam</span> <span class='ocrx_word' id='word_1_141' title='bbox 1263 1376 1305 1413; x_wconf 86' lang='lat' dir='ltr'>et</span> <span class='ocrx_word' id='word_1_142' title='bbox 1337 1372 1460 1413; x_wconf 85' lang='lat' dir='ltr'>abest</span> <span class='ocrx_word' id='word_1_143' title='bbox 1491 1385 1516 1413; x_wconf 86' lang='lat' dir='ltr'>a</span> <span class='ocrx_word' id='word_1_144' title='bbox 1553 1377 1677 1425; x_wconf 82' lang='lat' dir='ltr'>parte</span> 
     </span>
     <span class='ocr_line' id='line_1_18' title="bbox 164 1439 1678 1494; baseline 0.001 -14"><span class='ocrx_word' id='word_1_145' title='bbox 164 1439 385 1481; x_wconf 87' lang='lat' dir='ltr'>librorum.</span> <span class='ocrx_word' id='word_1_146' title='bbox 447 1444 493 1480; x_wconf 85' lang='lat' dir='ltr'>at</span> <span class='ocrx_word' id='word_1_147' title='bbox 525 1440 842 1481; x_wconf 72' lang='lat' dir='ltr'>Sammonicum</span> <span class='ocrx_word' id='word_1_148' title='bbox 881 1441 924 1481; x_wconf 91' lang='lat' dir='ltr'>in</span> <span class='ocrx_word' id='word_1_149' title='bbox 956 1440 1169 1490; x_wconf 68' lang='lat' dir='ltr'>versibus.</span> <span class='ocrx_word' id='word_1_150' title='bbox 1211 1441 1283 1494; x_wconf 90' lang='lat' dir='ltr'>qui</span> <span class='ocrx_word' id='word_1_151' title='bbox 1314 1440 1439 1494; x_wconf 84' lang='lat' dir='ltr'>vulgo</span> <span class='ocrx_word' id='word_1_152' title='bbox 1480 1440 1678 1481; x_wconf 86' lang='lat' dir='ltr'>feruntur</span> 
     </span>
     <span class='ocr_line' id='line_1_19' title="bbox 167 1506 1672 1563; baseline 0 -13"><span class='ocrx_word' id='word_1_153' title='bbox 167 1509 274 1550; x_wconf 86' lang='lat' dir='ltr'>tales</span> <span class='ocrx_word' id='word_1_154' title='bbox 302 1509 426 1563; x_wconf 72' lang='lat'>[2833</span> <span class='ocrx_word' id='word_1_155' title='bbox 460 1509 560 1563; x_wconf 85' lang='lat'>787]</span> <span class='ocrx_word' id='word_1_156' title='bbox 605 1507 735 1559; x_wconf 73' lang='lat' dir='ltr'>‘quod</span> <span class='ocrx_word' id='word_1_157' title='bbox 763 1514 894 1560; x_wconf 78' lang='lat' dir='ltr'>refert</span> <span class='ocrx_word' id='word_1_158' title='bbox 926 1515 1064 1550; x_wconf 73' lang='lat' dir='ltr'>clauso</span> <span class='ocrx_word' id='word_1_159' title='bbox 1097 1523 1253 1550; x_wconf 68' lang='lat' dir='ltr'>versum</span> <span class='ocrx_word' id='word_1_160' title='bbox 1289 1513 1452 1560; x_wconf 56' lang='lat' dir='ltr'>aquare</span> <span class='ocrx_word' id='word_1_161' title='bbox 1483 1506 1672 1560; x_wconf 74' lang='lat' dir='ltr'>prolalo’</span> 
     </span>
     <span class='ocr_line' id='line_1_20' title="bbox 158 1575 1677 1631; baseline -0.001 -13"><span class='ocrx_word' id='word_1_162' title='bbox 158 1576 308 1628; x_wconf 73' lang='lat' dir='ltr'>‘parva</span> <span class='ocrx_word' id='word_1_163' title='bbox 338 1580 513 1618; x_wconf 72' lang='lat' dir='ltr'>sabucus</span> <span class='ocrx_word' id='word_1_164' title='bbox 553 1581 643 1617; x_wconf 72' lang='lat' dir='ltr'>ilem</span> <span class='ocrx_word' id='word_1_165' title='bbox 675 1581 833 1619; x_wconf 71' lang='lat' dir='ltr'>hircino</span> <span class='ocrx_word' id='word_1_166' title='bbox 865 1581 1001 1619; x_wconf 76' lang='lat' dir='ltr'>collita</span> <span class='ocrx_word' id='word_1_167' title='bbox 1037 1575 1179 1629; x_wconf 75' lang='lat' dir='ltr'>fuco’,</span> <span class='ocrx_word' id='word_1_168' title='bbox 1220 1578 1442 1631; x_wconf 81' lang='lat' dir='ltr'>scripsisse</span> <span class='ocrx_word' id='word_1_169' title='bbox 1474 1585 1677 1619; x_wconf 70' lang='lat' dir='ltr'>versalum</span> 
     </span>
     <span class='ocr_line' id='line_1_21' title="bbox 165 1645 1676 1700; baseline -0.001 -13"><span class='ocrx_word' id='word_1_170' title='bbox 165 1649 295 1699; x_wconf 89' lang='lat' dir='ltr'>atque</span> <span class='ocrx_word' id='word_1_171' title='bbox 342 1650 472 1686; x_wconf 69' lang='lat' dir='ltr'>itemst</span> <span class='ocrx_word' id='word_1_172' title='bbox 519 1645 768 1687; x_wconf 84' lang='lat' dir='ltr'>declaratur</span> <span class='ocrx_word' id='word_1_173' title='bbox 813 1646 924 1687; x_wconf 87' lang='lat' dir='ltr'>libro</span> <span class='ocrx_word' id='word_1_174' title='bbox 971 1647 1204 1688; x_wconf 73' lang='lat' dir='ltr'>Turioensi.</span> <span class='ocrx_word' id='word_1_175' title='bbox 1275 1646 1390 1700; x_wconf 88' lang='lat' dir='ltr'>apud</span> <span class='ocrx_word' id='word_1_176' title='bbox 1432 1646 1676 1688; x_wconf 78' lang='lat' dir='ltr'>Iuvenalem</span> 
     </span>
     <span class='ocr_line' id='line_1_22' title="bbox 164 1714 1676 1769; baseline 0 -14"><span class='ocrx_word' id='word_1_177' title='bbox 164 1714 278 1768; x_wconf 87' lang='lat' dir='ltr'>quod</span> <span class='ocrx_word' id='word_1_178' title='bbox 307 1714 465 1767; x_wconf 85' lang='lat' dir='ltr'>legitur</span> <span class='ocrx_word' id='word_1_179' title='bbox 497 1715 553 1768; x_wconf 79' lang='lat'>[8‚</span> <span class='ocrx_word' id='word_1_180' title='bbox 588 1716 688 1769; x_wconf 81' lang='lat'>241]</span> <span class='ocrx_word' id='word_1_181' title='bbox 728 1719 899 1756; x_wconf 52' lang='lat' dir='ltr'>nonanis</span> <span class='ocrx_word' id='word_1_182' title='bbox 934 1730 984 1756; x_wconf 77' lang='lat' dir='ltr'>ac</span> <span class='ocrx_word' id='word_1_183' title='bbox 1017 1719 1143 1762; x_wconf 67' lang='lat' dir='ltr'>tituli,</span> <span class='ocrx_word' id='word_1_184' title='bbox 1177 1723 1367 1766; x_wconf 73' lang='lat' dir='ltr'>quantum</span> <span class='ocrx_word' id='word_1_185' title='bbox 1400 1719 1438 1756; x_wconf 72' lang='lat' dir='ltr'>in</span> <span class='ocrx_word' id='word_1_186' title='bbox 1473 1718 1676 1763; x_wconf 71' lang='lat' dir='ltr'>Leucade,</span> 
     </span>
     <span class='ocr_line' id='line_1_23' title="bbox 165 1779 917 1834; baseline 0.001 -10"><span class='ocrx_word' id='word_1_187' title='bbox 165 1779 397 1834; x_wconf 76' lang='lat' dir='ltr'>quanlzmz&#39;,</span> <span class='ocrx_word' id='word_1_188' title='bbox 430 1783 600 1824; x_wconf 89' lang='grc'>0111111110</span> <span class='ocrx_word' id='word_1_189' title='bbox 630 1783 831 1825; x_wconf 81' lang='lat' dir='ltr'>falsumst</span> <span class='ocrx_word' id='word_1_190' title='bbox 864 1787 917 1825; x_wconf 73' lang='lat' dir='ltr'>in.</span> 
     </span>
     <span class='ocr_line' id='line_1_24' title="bbox 279 1851 1677 1906; baseline 0.001 -14"><span class='ocrx_word' id='word_1_191' title='bbox 279 1851 363 1892; x_wconf 83' lang='lat' dir='ltr'>Sed</span> <span class='ocrx_word' id='word_1_192' title='bbox 380 1851 594 1904; x_wconf 83' lang='lat' dir='ltr'>Vergilius</span> <span class='ocrx_word' id='word_1_193' title='bbox 623 1852 667 1892; x_wconf 90' lang='grc'>111</span> <span class='ocrx_word' id='word_1_194' title='bbox 689 1852 775 1893; x_wconf 88' lang='lat' dir='ltr'>arsi</span> <span class='ocrx_word' id='word_1_195' title='bbox 798 1852 1062 1893; x_wconf 84' lang='lat' dir='ltr'>accidentem</span> <span class='ocrx_word' id='word_1_196' title='bbox 1086 1853 1253 1894; x_wconf 88' lang='lat' dir='ltr'>hiatum</span> <span class='ocrx_word' id='word_1_197' title='bbox 1276 1853 1481 1906; x_wconf 84' lang='lat' dir='ltr'>exemplis</span> <span class='ocrx_word' id='word_1_198' title='bbox 1504 1852 1677 1893; x_wconf 86' lang='lat' dir='ltr'>circiter</span> 
     </span>
    </p>

    <p class='ocr_par' dir='ltr' id='par_1_5' title="bbox 162 1919 1677 2180">
     <span class='ocr_line' id='line_1_25' title="bbox 164 1919 1677 1976; baseline 0.001 -16"><span class='ocrx_word' id='word_1_199' title='bbox 164 1919 238 1960; x_wconf 89' lang='lat' dir='ltr'>XL</span> <span class='ocrx_word' id='word_1_200' title='bbox 271 1919 462 1970; x_wconf 80' lang='lat' dir='ltr'>admisit,</span> <span class='ocrx_word' id='word_1_201' title='bbox 495 1934 547 1961; x_wconf 84' lang='lat' dir='ltr'>ex</span> <span class='ocrx_word' id='word_1_202' title='bbox 580 1920 735 1973; x_wconf 86' lang='lat' dir='ltr'>quibus</span> <span class='ocrx_word' id='word_1_203' title='bbox 766 1935 877 1974; x_wconf 87' lang='lat' dir='ltr'>quae</span> <span class='ocrx_word' id='word_1_204' title='bbox 911 1921 1138 1962; x_wconf 85' lang='lat' dir='ltr'>cumulatis</span> <span class='ocrx_word' id='word_1_205' title='bbox 1170 1921 1345 1976; x_wconf 79' lang='lat' dir='ltr'>syllabis</span> <span class='ocrx_word' id='word_1_206' title='bbox 1376 1921 1578 1962; x_wconf 87' lang='lat' dir='ltr'>brevibus</span> <span class='ocrx_word' id='word_1_207' title='bbox 1611 1920 1677 1961; x_wconf 87' lang='lat' dir='ltr'>vel</span> 
     </span>
     <span class='ocr_line' id='line_1_26' title="bbox 165 1988 1675 2042; baseline 0 -13"><span class='ocrx_word' id='word_1_208' title='bbox 165 2002 313 2030; x_wconf 87' lang='lat' dir='ltr'>sensus</span> <span class='ocrx_word' id='word_1_209' title='bbox 343 1988 574 2029; x_wconf 85' lang='lat' dir='ltr'>interstitio</span> <span class='ocrx_word' id='word_1_210' title='bbox 597 1989 662 2029; x_wconf 89' lang='lat' dir='ltr'>vel</span> <span class='ocrx_word' id='word_1_211' title='bbox 689 1993 872 2042; x_wconf 83' lang='lat' dir='ltr'>utroque</span> <span class='ocrx_word' id='word_1_212' title='bbox 905 1994 1166 2031; x_wconf 80' lang='lat' dir='ltr'>excusantur</span> <span class='ocrx_word' id='word_1_213' title='bbox 1188 1989 1361 2033; x_wconf 81' lang='lat' dir='ltr'>notabo,</span> <span class='ocrx_word' id='word_1_214' title='bbox 1411 1993 1510 2031; x_wconf 88' lang='lat' dir='ltr'>sunt</span> <span class='ocrx_word' id='word_1_215' title='bbox 1532 1992 1675 2030; x_wconf 87' lang='lat' dir='ltr'>autem</span> 
     </span>
     <span class='ocr_line' id='line_1_27' title="bbox 162 2056 1674 2112; baseline 0.001 -15"><span class='ocrx_word' id='word_1_216' title='bbox 162 2057 272 2098; x_wconf 87' lang='lat' dir='ltr'>haec</span> <span class='ocrx_word' id='word_1_217' title='bbox 310 2056 424 2111; x_wconf 88' lang='lat' dir='ltr'>[buc.</span> <span class='ocrx_word' id='word_1_218' title='bbox 461 2060 497 2107; x_wconf 84' lang='lat'>7,</span> <span class='ocrx_word' id='word_1_219' title='bbox 532 2060 607 2109; x_wconf 78' lang='lat'>533</span> <span class='ocrx_word' id='word_1_220' title='bbox 650 2071 741 2098; x_wconf 88' lang='lat' dir='ltr'>aen.</span> <span class='ocrx_word' id='word_1_221' title='bbox 774 2058 844 2108; x_wconf 80' lang='lat' dir='ltr'>IV,</span> <span class='ocrx_word' id='word_1_222' title='bbox 883 2061 984 2110; x_wconf 75' lang='lat'>6673</span> <span class='ocrx_word' id='word_1_223' title='bbox 1030 2058 1109 2110; x_wconf 74' lang='lat' dir='ltr'>IX,</span> <span class='ocrx_word' id='word_1_224' title='bbox 1142 2062 1247 2110; x_wconf 76' lang='lat'><strong>4773</strong></span> <span class='ocrx_word' id='word_1_225' title='bbox 1289 2072 1431 2112; x_wconf 81' lang='lat' dir='ltr'>georg.</span> <span class='ocrx_word' id='word_1_226' title='bbox 1464 2058 1534 2109; x_wconf 86' lang='lat' dir='ltr'>IV,</span> <span class='ocrx_word' id='word_1_227' title='bbox 1572 2061 1674 2109; x_wconf 79' lang='lat'><strong>3433</strong></span> 
     </span>
     <span class='ocr_line' id='line_1_28' title="bbox 163 2125 798 2180; baseline 0.002 -14"><span class='ocrx_word' id='word_1_228' title='bbox 163 2128 268 2177; x_wconf 81' lang='lat'>4633</span> <span class='ocrx_word' id='word_1_229' title='bbox 301 2126 332 2176; x_wconf 86' lang='lat' dir='ltr'>I,</span> <span class='ocrx_word' id='word_1_230' title='bbox 367 2129 412 2176; x_wconf 81' lang='lat'>33</span> <span class='ocrx_word' id='word_1_231' title='bbox 444 2138 535 2166; x_wconf 86' lang='lat' dir='ltr'>aen.</span> <span class='ocrx_word' id='word_1_232' title='bbox 567 2125 640 2176; x_wconf 88' lang='lat' dir='ltr'>III,</span> <span class='ocrx_word' id='word_1_233' title='bbox 674 2127 798 2180; x_wconf 82' lang='lat'>606]:</span> 
     </span>
    </p>

    <p class='ocr_par' dir='ltr' id='par_1_6' title="bbox 437 2217 1263 2261">
     <span class='ocr_line' id='line_1_29' title="bbox 437 2217 1263 2261; baseline 0.005 -12"><span class='ocrx_word' id='word_1_234' title='bbox 437 2219 535 2250; x_wconf 86' lang='lat' dir='ltr'>stant</span> <span class='ocrx_word' id='word_1_235' title='bbox 561 2220 598 2251; x_wconf 90' lang='lat' dir='ltr'>et</span> <span class='ocrx_word' id='word_1_236' title='bbox 623 2217 781 2261; x_wconf 86' lang='lat' dir='ltr'>iuniperi</span> <span class='ocrx_word' id='word_1_237' title='bbox 807 2221 844 2252; x_wconf 89' lang='lat' dir='ltr'>et</span> <span class='ocrx_word' id='word_1_238' title='bbox 869 2222 1065 2253; x_wconf 70' lang='lat' dir='ltr'>castaneae</span> <span class='ocrx_word' id='word_1_239' title='bbox 1089 2219 1263 2253; x_wconf 80' lang='lat' dir='ltr'>hirsutae.</span> 
     </span>
    </p>

    <p class='ocr_par' dir='ltr' id='par_1_7' title="bbox 436 2273 1265 2319">
     <span class='ocr_line' id='line_1_30' title="bbox 436 2273 1265 2319; baseline 0.005 -13"><span class='ocrx_word' id='word_1_240' title='bbox 436 2273 604 2307; x_wconf 83' lang='lat' dir='ltr'>lamentis</span> <span class='ocrx_word' id='word_1_241' title='bbox 631 2275 844 2319; x_wconf 77' lang='lat' dir='ltr'>gemituque</span> <span class='ocrx_word' id='word_1_242' title='bbox 872 2280 909 2310; x_wconf 88' lang='lat' dir='ltr'>et</span> <span class='ocrx_word' id='word_1_243' title='bbox 934 2276 1087 2318; x_wconf 64' lang='lat' dir='ltr'>feim&#39;neo</span> <span class='ocrx_word' id='word_1_244' title='bbox 1114 2277 1265 2311; x_wconf 83' lang='lat' dir='ltr'>ululatu.</span> 
     </span>
    </p>

    <p class='ocr_par' dir='ltr' id='par_1_8' title="bbox 437 2331 1129 2374">
     <span class='ocr_line' id='line_1_31' title="bbox 437 2331 1129 2374; baseline 0.004 -11"><span class='ocrx_word' id='word_1_245' title='bbox 437 2331 560 2364; x_wconf 78' lang='lat' dir='ltr'>evolat</span> <span class='ocrx_word' id='word_1_246' title='bbox 583 2331 709 2365; x_wconf 82' lang='lat' dir='ltr'>infelix</span> <span class='ocrx_word' id='word_1_247' title='bbox 736 2334 773 2365; x_wconf 83' lang='lat' dir='ltr'>et</span> <span class='ocrx_word' id='word_1_248' title='bbox 798 2332 953 2374; x_wconf 77' lang='lat' dir='ltr'>femineo</span> <span class='ocrx_word' id='word_1_249' title='bbox 979 2333 1129 2367; x_wconf 85' lang='lat' dir='ltr'>ululatu.</span> 
     </span>
    </p>

    <p class='ocr_par' dir='ltr' id='par_1_9' title="bbox 437 2387 1365 2435">
     <span class='ocr_line' id='line_1_32' title="bbox 437 2387 1365 2435; baseline 0.004 -15"><span class='ocrx_word' id='word_1_250' title='bbox 437 2391 547 2431; x_wconf 83' lang='lat' dir='ltr'>atque</span> <span class='ocrx_word' id='word_1_251' title='bbox 575 2387 728 2432; x_wconf 72' lang='lat' dir='ltr'>Ephyre</span> <span class='ocrx_word' id='word_1_252' title='bbox 753 2391 863 2432; x_wconf 82' lang='lat' dir='ltr'>atque</span> <span class='ocrx_word' id='word_1_253' title='bbox 889 2389 979 2433; x_wconf 84' lang='lat' dir='ltr'>Opis</span> <span class='ocrx_word' id='word_1_254' title='bbox 1009 2394 1046 2424; x_wconf 79' lang='lat' dir='ltr'>et</span> <span class='ocrx_word' id='word_1_255' title='bbox 1070 2390 1160 2424; x_wconf 84' lang='lat' dir='ltr'>Asia</span> <span class='ocrx_word' id='word_1_256' title='bbox 1187 2389 1365 2435; x_wconf 79' lang='lat' dir='ltr'>Deiopea.</span> 
     </span>
    </p>

    <p class='ocr_par' dir='ltr' id='par_1_10' title="bbox 437 2444 1427 2493">
     <span class='ocr_line' id='line_1_33' title="bbox 437 2444 1427 2493; baseline 0.005 -17"><span class='ocrx_word' id='word_1_257' title='bbox 437 2447 547 2487; x_wconf 74' lang='lat' dir='ltr'>atque</span> <span class='ocrx_word' id='word_1_258' title='bbox 581 2444 693 2478; x_wconf 77' lang='lat' dir='ltr'>Getae</span> <span class='ocrx_word' id='word_1_259' title='bbox 718 2450 827 2489; x_wconf 84' lang='lat' dir='ltr'>atque</span> <span class='ocrx_word' id='word_1_260' title='bbox 853 2446 1003 2481; x_wconf 86' lang='lat' dir='ltr'>Hebrus</span> <span class='ocrx_word' id='word_1_261' title='bbox 1030 2451 1067 2481; x_wconf 87' lang='lat' dir='ltr'>et</span> <span class='ocrx_word' id='word_1_262' title='bbox 1092 2447 1221 2481; x_wconf 84' lang='lat' dir='ltr'>Actias</span> <span class='ocrx_word' id='word_1_263' title='bbox 1250 2448 1427 2493; x_wconf 77' lang='lat' dir='ltr'>Orithyia.</span> 
     </span>
    </p>

    <p class='ocr_par' dir='ltr' id='par_1_11' title="bbox 436 2503 1218 2546">
     <span class='ocr_line' id='line_1_34' title="bbox 436 2503 1218 2546; baseline 0.005 -12"><span class='ocrx_word' id='word_1_264' title='bbox 436 2528 466 2534; x_wconf 87' lang='lat'>..</span> <span class='ocrx_word' id='word_1_265' title='bbox 483 2520 529 2536; x_wconf 69' lang='lat' dir='ltr'>oo</span> <span class='ocrx_word' id='word_1_266' title='bbox 546 2529 574 2534; x_wconf 85' lang='grc'>.-</span> <span class='ocrx_word' id='word_1_267' title='bbox 590 2520 682 2536; x_wconf 71' lang='lat' dir='ltr'>uu-</span> <span class='ocrx_word' id='word_1_268' title='bbox 698 2521 789 2537; x_wconf 77' lang='grc' dir='ltr'>υυ-</span> <span class='ocrx_word' id='word_1_269' title='bbox 817 2503 879 2546; x_wconf 73' lang='lat' dir='ltr'>qui</span> <span class='ocrx_word' id='word_1_270' title='bbox 905 2504 1024 2537; x_wconf 85' lang='lat' dir='ltr'>cultus</span> <span class='ocrx_word' id='word_1_271' title='bbox 1049 2504 1218 2538; x_wconf 86' lang='lat' dir='ltr'>habendo</span> 
     </span>
    </p>

    <p class='ocr_par' dir='ltr' id='par_1_12' title="bbox 437 2559 1374 2606">
     <span class='ocr_line' id='line_1_35' title="bbox 437 2559 1374 2606; baseline 0.003 -14"><span class='ocrx_word' id='word_1_272' title='bbox 437 2559 484 2593; x_wconf 90' lang='lat' dir='ltr'>sit</span> <span class='ocrx_word' id='word_1_273' title='bbox 503 2560 640 2602; x_wconf 72' lang='lat' dir='ltr'>pecori,</span> <span class='ocrx_word' id='word_1_274' title='bbox 667 2560 802 2603; x_wconf 65' lang='lat' dir='ltr'>apibus</span> <span class='ocrx_word' id='word_1_275' title='bbox 829 2564 965 2604; x_wconf 82' lang='lat' dir='ltr'>quanta</span> <span class='ocrx_word' id='word_1_276' title='bbox 990 2562 1218 2606; x_wconf 77' lang='lat' dir='ltr'>experientia</span> <span class='ocrx_word' id='word_1_277' title='bbox 1244 2563 1374 2606; x_wconf 82' lang='lat' dir='ltr'>parcis.</span> 
     </span>
    </p>

    <p class='ocr_par' dir='ltr' id='par_1_13' title="bbox 436 2616 1364 2662">
     <span class='ocr_line' id='line_1_36' title="bbox 436 2616 1364 2662; baseline 0.004 -13"><span class='ocrx_word' id='word_1_278' title='bbox 436 2617 465 2649; x_wconf 87' lang='lat' dir='ltr'>si</span> <span class='ocrx_word' id='word_1_279' title='bbox 485 2626 607 2660; x_wconf 72' lang='lat' dir='ltr'>pereo,</span> <span class='ocrx_word' id='word_1_280' title='bbox 633 2616 817 2650; x_wconf 77' lang='lat' dir='ltr'>hominum</span> <span class='ocrx_word' id='word_1_281' title='bbox 842 2618 1010 2652; x_wconf 76' lang='lat' dir='ltr'>manibus</span> <span class='ocrx_word' id='word_1_282' title='bbox 1035 2619 1188 2662; x_wconf 84' lang='lat' dir='ltr'>periisse</span> <span class='ocrx_word' id='word_1_283' title='bbox 1212 2619 1364 2653; x_wconf 84' lang='lat' dir='ltr'>iuvabit.</span> 
     </span>
    </p>
   </div>
   <div class='ocr_carea' id='block_1_5' title="bbox 162 2695 1110 2754">
    <p class='ocr_par' dir='ltr' id='par_1_14' title="bbox 162 2695 1110 2754">
     <span class='ocr_line' id='line_1_37' title="bbox 162 2695 1110 2754; baseline 0.004 -19"><span class='ocrx_word' id='word_1_284' title='bbox 162 2709 292 2748; x_wconf 85' lang='lat' dir='ltr'>porro</span> <span class='ocrx_word' id='word_1_285' title='bbox 326 2696 388 2736; x_wconf 86' lang='lat' dir='ltr'>ita</span> <span class='ocrx_word' id='word_1_286' title='bbox 420 2695 528 2737; x_wconf 80' lang='lat' dir='ltr'>dixit</span> <span class='ocrx_word' id='word_1_287' title='bbox 559 2697 712 2738; x_wconf 86' lang='lat' dir='ltr'>Accius</span> <span class='ocrx_word' id='word_1_288' title='bbox 746 2696 900 2753; x_wconf 84' lang='lat' dir='ltr'>[annal.</span> <span class='ocrx_word' id='word_1_289' title='bbox 933 2698 1013 2739; x_wconf 88' lang='lat' dir='ltr'>inc.</span> <span class='ocrx_word' id='word_1_290' title='bbox 1049 2697 1110 2754; x_wconf 88' lang='lat'>1]:</span> 
     </span>
    </p>
   </div>
   <div class='ocr_carea' id='block_1_6' title="bbox 436 2788 1419 2889">
    <p class='ocr_par' dir='ltr' id='par_1_15' title="bbox 436 2788 1419 2889">
     <span class='ocr_line' id='line_1_38' title="bbox 641 2788 1025 2823; baseline 0.005 -2"><span class='ocrx_word' id='word_1_291' title='bbox 641 2799 719 2822; x_wconf 87' lang='grc'>11103</span> <span class='ocrx_word' id='word_1_292' title='bbox 744 2788 901 2822; x_wconf 83' lang='lat' dir='ltr'>traditus</span> <span class='ocrx_word' id='word_1_293' title='bbox 925 2789 1025 2823; x_wconf 85' lang='lat' dir='ltr'>illinc</span> 
     </span>
     <span class='ocr_line' id='line_1_39' title="bbox 436 2844 1419 2889; baseline 0.002 -12"><span class='ocrx_word' id='word_1_294' title='bbox 436 2844 514 2887; x_wconf 78' lang='lat' dir='ltr'>iste7</span> <span class='ocrx_word' id='word_1_295' title='bbox 542 2848 583 2878; x_wconf 89' lang='lat' dir='ltr'>ut</span> <span class='ocrx_word' id='word_1_296' title='bbox 608 2855 692 2878; x_wconf 90' lang='lat' dir='ltr'>cum</span> <span class='ocrx_word' id='word_1_297' title='bbox 717 2845 873 2879; x_wconf 84' lang='lat' dir='ltr'>dominis</span> <span class='ocrx_word' id='word_1_298' title='bbox 896 2846 1031 2888; x_wconf 63' lang='lat' dir='ltr'>farmuli</span> <span class='ocrx_word' id='word_1_299' title='bbox 1056 2846 1249 2889; x_wconf 74' lang='lat' dir='ltr'>epulentur</span> <span class='ocrx_word' id='word_1_300' title='bbox 1272 2846 1419 2880; x_wconf 85' lang='lat' dir='ltr'>ibidem.</span> 
     </span>
    </p>
   </div>
   <div class='ocr_carea' id='block_1_7' title="bbox 163 2923 1672 2976">
    <p class='ocr_par' dir='ltr' id='par_1_16' title="bbox 163 2923 1672 2976">
     <span class='ocr_line' id='line_1_40' title="bbox 163 2923 1672 2976; baseline 0.003 -13"><span class='ocrx_word' id='word_1_301' title='bbox 163 2926 314 2965; x_wconf 83' lang='lat' dir='ltr'>contra</span> <span class='ocrx_word' id='word_1_302' title='bbox 342 2923 434 2965; x_wconf 88' lang='lat' dir='ltr'>iure</span> <span class='ocrx_word' id='word_1_303' title='bbox 468 2924 713 2976; x_wconf 82' lang='lat' dir='ltr'>dubitatur,</span> <span class='ocrx_word' id='word_1_304' title='bbox 753 2940 853 2968; x_wconf 88' lang='lat' dir='ltr'>num</span> <span class='ocrx_word' id='word_1_305' title='bbox 897 2926 1046 2967; x_wconf 87' lang='lat' dir='ltr'>eadem</span> <span class='ocrx_word' id='word_1_306' title='bbox 1088 2940 1190 2972; x_wconf 87' lang='lat' dir='ltr'>usus</span> <span class='ocrx_word' id='word_1_307' title='bbox 1229 2926 1433 2968; x_wconf 84' lang='lat' dir='ltr'>libertate</span> <span class='ocrx_word' id='word_1_308' title='bbox 1464 2926 1672 2969; x_wconf 82' lang='lat' dir='ltr'>Horatius</span> 
     </span>
    </p>
   </div>
  </div>
 </body>
</html>
