1898 3292
249 215 327 253 ⁴302
911 223 1036 247 INDEX
1058 224 1079 247 1,

247 330 516 379 contemptus
562 329 659 379 post
710 325 889 378 Augusti
936 330 1103 378 tempus
1152 328 1249 375 124,
1286 330 1307 365 5
1355 323 1606 378 (synaphiae
1653 339 1754 365 usus

247 395 442 437 sublatus
490 399 580 436 124.
652 394 840 435 Senecae
888 393 1112 447 anapaesti
1165 392 1373 448 synaphia
1417 396 1612 434 carentes
1665 397 1753 435 124.

247 464 426 518 epodica
446 467 545 517 post
567 462 795 503 Horatium
822 464 930 516 125).
983 476 1117 503 novae
1150 465 1429 516 systematum
1462 460 1625 515 species
1656 462 1754 503 inde

246 547 271 574 a
303 532 466 573 Seneca
498 536 588 574 125.
650 531 904 585 hymnorum
937 534 1172 585 systemata
1207 534 1297 571 126.

361 600 588 641 Cantica
620 599 883 653 quaedam
917 599 1113 653 Oedipi
1144 603 1195 640 et
1226 599 1643 651 Agamemnonis
1674 600 1755 640 Se-

245 683 409 710 necae
448 672 680 710 126-*13122

360 737 621 791 Compositio
664 751 811 778 eorum
856 739 1090 778 126-129,
1151 736 1246 790 ipsa
1284 737 1397 791 typis
1439 751 1642 790 expressa
1675 741 1752 779 129

242 810 395 847 -136.

361 874 566 928 Epilogus
604 878 694 924 136,
727 878 763 915 7.

966 1023 1037 1063 III.

679 1110 906 1157 LIBER,
942 1110 1317 1159 SECVNDVS.

629 1204 701 1241 DE
733 1204 927 1242 PEDVM
957 1204 1379 1243 osssERVANTIA.

902 1280 1104 1316 138—193.

362 1356 422 1396 I)e
454 1355 547 1408 lege
580 1358 622 1395 et
652 1354 828 1395 licentia
859 1369 1058 1395 versuum
1091 1355 1341 1396 Latinorum
1379 1359 1467 1397 137.

360 1423 754 1477 Exceptionum
787 1424 876 1464 VII
910 1437 1110 1476 genera
1149 1427 1380 1465 138—146..

357 1493 501 1533 Prima
532 1496 627 1533 orta
667 1492 721 1533 ab
762 1492 857 1546 ipsa
894 1493 1062 1533 ratione
1105 1496 1339 1534 metrorum
1383 1496 1425 1534 et
1465 1498 1631 1534 secreta
1672 1494 1753 1535 ele·

242 1562 415 1614 gantiae
446 1562 539 1614 lege
577 1565 667 1612 139,
692 1565 756 1603 40.
809 1561 946 1602 altera
979 1576 1003 1602 a
1034 1561 1354 1610 vocabulorum,
1388 1561 1544 1614 quibus
1575 1566 1754 1603 utuntur

241 1634 408 1683 poetae,
442 1629 690 1670 condicione
728 1633 819 1679 140,
851 1634 899 1670 41
950 1630 1152 1672 (maxime
1184 1644 1209 1670 a
1240 1631 1533 1683 propriorum,
1567 1631 1753 1672 Graeco-

242 1713 348 1748 rum,
370 1698 678 1748 technicorum,
703 1698 886 1751 denique
910 1698 1025 1752 apud
1048 1698 1305 1739 christianos
1328 1700 1580 1745 sacrorum).
1624 1699 1754 1740 tertia

242 1767 296 1808 ab
327 1767 518 1808 oratoria
550 1767 758 1808 sermonis
793 1767 1092 1817 concitatione,
1123 1781 1232 1820 quae
1265 1767 1493 1808 verborum
1516 1767 1581 1808 vel
1609 1782 1753 1809 cumu-

240 1835 402 1877 latione
425 1835 489 1877 vel
516 1836 745 1877 iteratione
769 1836 834 1877 vel
865 1836 1134 1890 oppositione
1167 1836 1383 1877 indicatur
1416 1840 1505 1887 141,
1529 1840 1564 1877 2.
1598 1840 1753 1890 quarta

241 1918 266 1945 a
287 1918 519 1958 progressu
542 1905 649 1946 artis
682 1919 756 1946 seu
788 1904 959 1946 defectu
992 1909 1084 1955 142,
1118 1908 1153 1946 3.
1205 1905 1355 1958 quinta
1387 1919 1412 1945 a
1443 1906 1632 1946 novitate
1668 1920 1752 1946 me-

240 1977 405 2014 trorum
438 1973 502 2014 vel
531 1973 792 2027 antiquitate
828 1977 919 2014 143.
982 1978 1105 2015 sexta
1137 1974 1191 2015 ab
1225 1973 1536 2027 exemplorum,
1571 1988 1752 2027 quorum

240 2042 462 2094 praevalet
494 2042 753 2092 auctoritas,
799 2042 1042 2083 differentia
1078 2046 1283 2084 143—45.
1346 2043 1527 2096 septima
1559 2056 1584 2083 a
1615 2042 1753 2083 diver-

240 2110 369 2150 sitate
391 2111 598 2151 materiae
622 2114 663 2151 et
686 2111 890 2152 circuitus
914 2111 1149 2152 carminum
1178 2115 1266 2152 145.
1324 2111 1579 2164 epimetrum
1605 2114 1697 2161 145,
1717 2116 1752 2152 6.

353 2178 551 2220 Pedum
583 2178 791 2220 formae
826 2179 1114 2232 legitimae
1148 2183 1382 2222 146-149.

355 2248 474 2288 Arsis
507 2247 666 2302 dactyli
692 2252 898 2290 146—48.
949 2248 1083 2289 thesis
1119 2252 1210 2289 148.
1263 2249 1371 2290 arsis
1405 2251 1752 2301 anapaestorum,

238 2315 499 2367 iamborum,
547 2316 874 2366 trochaeorum,
925 2317 1270 2358 choriamborum
1316 2321 1406 2358 148.
1475 2316 1609 2357 thesis
1647 2317 1752 2357 iam-

239 2384 391 2425 borum
440 2398 490 2425 ac
535 2384 841 2426 trochaeorum
887 2389 979 2427 149.
1048 2385 1143 2426 finis
1184 2399 1332 2426 versus
1379 2389 1467 2426 tres
1514 2385 1752 2439 semipedes

238 2453 389 2494 ultimi.
453 2457 646 2494 extrema
689 2453 855 2508 syllaba
886 2467 1033 2494 versus
1074 2468 1156 2495 non
1197 2468 1275 2507 per
1315 2454 1565 2508 synaphiam
1600 2453 1750 2494 decur-

238 2522 373 2562 rentis
414 2535 572 2574 anceps
610 2521 676 2562 vel
718 2522 861 2575 potius
901 2522 1043 2563 brevis
1085 2523 1128 2562 in
1171 2537 1221 2563 ea
1262 2526 1474 2576 porrecta.
1535 2522 1679 2564 hiatus
1708 2523 1750 2563 in

239 2589 389 2630 eadem
419 2590 653 2643 permissus
688 2593 778 2632 149.
827 2591 877 2631 cf.
911 2595 952 2631 et
988 2594 1078 2631 124.

352 2658 646 2699 Metrorum
681 2672 883 2711 genera
916 2659 1113 2712 quibus
1141 2659 1332 2714 pedum
1365 2660 1579 2701 vicibus
1614 2664 1748 2702 tem-

238 2730 504 2780 perentur
540 2730 775 2769 149——184.

353 2795 643 2849 Dactylica
678 2800 882 2837 149—57.

352 2863 613 2905 Hexameter
649 2868 841 2906 149-56
875 2864 1161 2918 (dactylorum
1194 2868 1236 2905 et
1258 2865 1544 2918 spondeorum
1567 2866 1746 2908 miscen-

238 2931 388 2981 dorum
422 2933 532 2973 ratio
568 2937 658 2974 149.
724 2933 934 2985 Vergilius
980 2933 1022 2973 in
1064 2932 1146 2975 hac
1186 2935 1370 2975 maxime
1411 2937 1535 2987 parte
1572 2935 1749 2988 insignis
