1898 3292
787 219 903 243 LIBER
923 218 1078 243 snxrvs.
1599 209 1676 246 4531

290 321 522 362 Praeterea
552 325 661 361 laser
688 321 897 361 incertum
931 333 1015 373 qua
1045 319 1302 360 auctoritate
1332 319 1373 359 in
1399 319 1547 359 lexicis
1570 319 1680 360 fera-

176 393 246 430 tur
276 389 419 443 priore
452 389 581 430 brevi.
643 393 686 429 et
715 389 757 429 in
793 401 841 429 eo
875 387 1063 441 quidem,
1098 387 1213 440 quod
1244 390 1309 428 est
1341 391 1625 437 la.s²erpieiemz‚
1657 402 1681 427 a

175 457 429 510 producitur
458 457 574 498 haud
607 456 734 498 dubie
765 469 791 497 a
822 455 988 506 Plauto,
1020 459 1067 496 ut
1097 455 1305 496 Rudentis
1328 469 1364 495 v.
1387 459 1478 496 630.
1533 460 1680 496 contra

175 525 281 566 nihil
312 525 497 566 efficitur
527 524 682 566 Catulli
713 524 807 565 loco
839 524 921 565 hoc
954 523 1008 579 [7,
1040 523 1105 579 4]:

450 615 709 660 laserpiciferis
735 615 832 649 iacet
858 615 1019 659 Cyrenis.

176 710 274 737 nam
314 697 356 737 in
397 696 491 738 basi
532 695 742 749 phalaecii
773 694 950 748 perinde
980 694 1123 735 iambo
1154 694 1273 735 locus
1307 698 1369 735 est
1403 698 1442 734 et
1477 695 1677 748 spondeo.

176 790 229 795 ——
261 768 488 817 praeterea
523 778 606 805 non
637 764 742 805 satis
775 767 955 813 certum,
986 777 1086 803 num
1114 776 1139 803 a
1171 767 1305 804 lasere
1335 762 1568 803 descendat
1600 778 1680 804 vox

175 833 260 873 illa.
303 830 431 874 'laser
474 836 617 874 autem
661 832 704 872 in
746 831 868 873 libris
911 831 1033 873 bonis
1075 831 1219 884 legere
1262 845 1327 871 me
1374 845 1457 871 uon
1499 832 1682 872 memini.

176 905 327 941 contra
348 900 463 954 apud
488 901 755 951 Eucheriam,
787 900 943 941 aetatis
970 900 1173 950 incertae,
1205 899 1280 940 sed
1303 913 1425 940 serae
1448 903 1681 945 auctorem,

177 969 310 1010 habes
344 968 428 1025 [23]
474 973 611 1011 laser-a
648 973 820 1010 extenta
862 983 886 1007 a
923 967 1014 1022 (ubi
1046 967 1213 1009 codices
1245 968 1442 1021 {mmet-a),
1483 971 1528 1008 at
1569 967 1682 1021 apud

178 1037 492 1088 Marcellinum,
537 1038 727 1079 eiusdem
759 1037 848 1078 fere
877 1036 1083 1090 temporis
1116 1036 1392 1089 eiusdemque
1424 1040 1552 1077 notae
1584 1037 1687 1077 scri-

176 1110 344 1159 ptorem
377 1105 462 1162 [54]
497 1111 606 1147 laser
638 1106 781 1159 explet
811 1105 1087 1160 pyrrichium.

293 1185 452 1236 Quodsi
485 1185 667 1227 alterum
700 1199 752 1226 ex
785 1186 851 1227 his
883 1185 985 1226 vitio
1022 1184 1182 1226 saeculi
1210 1184 1377 1237 lapsum
1412 1198 1612 1238 peccasse
1643 1185 1683 1225 in

180 1254 424 1307 quantitate
459 1253 746 1308 probabilest,
786 1254 828 1295 id
861 1268 910 1295 eo
942 1253 1078 1306 magis
1112 1251 1443 1301 condonabitur,
1485 1253 1685 1305 quoniam

180 1324 286 1364 satis
318 1326 487 1364 constat
508 1322 573 1363 vel
596 1322 861 1363 Fridericum
886 1321 1180 1364 Ritschelium,
1212 1321 1347 1361 virum
1380 1320 1686 1371 doctissimum,

179 1392 390 1445 aliosque,
432 1392 504 1444 qui
536 1405 648 1432 nunc
677 1391 970 1431 scaenicorum
1008 1389 1130 1430 libris
1172 1388 1363 1438 student,
1408 1389 1459 1429 de
1500 1403 1685 1442 quorun-

180 1460 276 1501 dam
310 1460 538 1501 verborum
575 1459 817 1512 quantitate
850 1459 989 1499 minus
1018 1461 1136 1498 recto
1169 1457 1230 1498 uti
1260 1457 1430 1497 iudicio.
1493 1461 1689 1498 statuunt

180 1529 338 1582 quippe
360 1529 402 1569 in
431 1527 525 1578 illis,
558 1541 669 1580 quae
701 1531 800 1568 sunt
832 1530 995 1575 (literius,
1026 1529 1259 1570 (lintisse'me‚
1294 1528 1486 1569 diutinus.
1518 1525 1687 1579 longam

180 1610 271 1637 esse
304 1596 535 1637 secundam
568 1596 788 1650 syllabam,
821 1608 931 1648 quae
960 1594 1131 1648 quidem
1160 1594 1412 1647 plerumque
1435 1607 1529 1634 cum
1562 1608 1687 1647 prae-

181 1664 358 1706 cedente
388 1677 466 1718 per
497 1664 718 1719 synizesim
751 1663 976 1705 coalescat.
1038 1662 1153 1716 quod
1184 1662 1397 1715 quomodo
1430 1661 1688 1703 defendatur

179 1746 263 1774 non
285 1732 419 1773 video.
470 1746 568 1773 nam
598 1732 770 1774 brevem
801 1745 892 1773 esse
922 1746 949 1772 u
980 1731 1164 1785 primum
1196 1730 1443 1771 declaratur
1475 1744 1537 1781 eo,
1571 1731 1685 1783 quod

180 1801 223 1842 in
247 1805 439 1842 diuturno
466 1827 519 1831 —
545 1801 704 1855 passim
737 1802 781 1842 id
802 1800 1056 1842 vocabulum
1079 1799 1193 1853 apud
1217 1798 1452 1853 dactylicos
1475 1800 1690 1852 reperitur

182 1873 381 1910 auctores
430 1868 494 1925 [ut
530 1869 602 1910 Ov.
635 1870 745 1910 trist.
774 1869 851 1919 ΙΙΙ,
885 1872 921 1918 3,
955 1872 1027 1919 78;
1070 1867 1139 1917 IV,
1172 1870 1208 1918 6,
1242 1870 1316 1918 503
1359 1866 1499 1908 Germ.
1541 1881 1689 1921 progn.

182 1938 233 1987 ΙΙ,
258 1937 325 1993 54]
358 1963 411 1968 -
444 1937 594 1978 eadem
625 1951 793 1991 semper
826 1936 1068 1990 corripitur.
1122 1935 1275 1976 deinde
1306 1935 1418 1976 idem
1445 1935 1691 1977 declaratur

182 2019 265 2047 non
297 2006 470 2059 quidem
492 2020 573 2047 usu
593 2005 822 2059 frequenti,
856 2004 930 2046 sed
960 2004 1128 2045 silentio
1152 2017 1253 2044 sane
1277 2007 1431 2056 arguto
1454 2008 1690 2057 poetarum,

183 2075 255 2127 qui
287 2074 457 2115 omnino
489 2077 613 2115 extra
642 2078 782 2115 metra
810 2073 998 2114 iambica
1035 2071 1283 2114 abstinuere
1326 2072 1422 2123 illis,
1452 2086 1562 2125 quae
1593 2077 1691 2113 sunt

186 2146 352 2190 clintum,
385 2145 580 2184 diutinus.
633 2142 707 2184 sed
742 2142 844 2195 quid
876 2142 1041 2183 multa‘?
1084 2155 1185 2182 vera
1216 2154 1285 2182 res
1316 2145 1466 2194 aperte
1498 2155 1690 2194 compro-

184 2211 315 2252 batur
348 2210 554 2264 exemplis
585 2210 770 2252 Phaedri
802 2211 920 2252 hisce
955 2209 1000 2265 [L
1032 2213 1068 2260 2,
1105 2213 1177 2261 163
1209 2210 1269 2251 III
1301 2209 1398 2262 epil.
1433 2210 1520 2265 14j:

459 2301 511 2335 sic
539 2313 699 2336 mersum
725 2302 811 2335 limo
842 2313 925 2335 cum
949 2301 1083 2335 lateret
1111 2300 1257 2334 diutius.

429 2395 432 2398 Δ
457 2359 556 2392 fruar
582 2359 728 2402 diutius,
755 2360 785 2392 si
811 2359 965 2393 celerius
991 2369 1162 2402 coepero.

186 2452 320 2491 quare
352 2438 466 2491 quod
499 2438 646 2479 dixere
676 2439 806 2492 longa
843 2438 1032 2480 secunda
1064 2442 1260 2479 diutinum
1292 2437 1552 2479 Prudentius
1586 2437 1693 2492 [peri

185 2510 234 2547 st.
269 2509 306 2557 2,
330 2510 434 2558 3973
469 2509 534 2557 10,
572 2505 720 2562 1116],
753 2510 904 2547 diutius
936 2506 1141 2548 Paulinus
1174 2505 1255 2562 [16,
1292 2505 1410 2562 115],
1440 2505 1555 2546 haud
1591 2519 1692 2546 sane

184 2574 228 2614 id
256 2574 490 2627 prudentes
520 2587 664 2615 rerum
695 2575 852 2616 nostris
874 2578 1137 2627 anteponent
1158 2574 1410 2615 rationibus.
1457 2587 1567 2626 quae
1597 2588 1691 2614 cum

184 2643 247 2682 ita
278 2643 386 2693 sint,
427 2641 609 2683 Bentleii
638 2642 782 2696 potius
820 2643 956 2684 secuti
997 2643 1252 2683 sententiam
1294 2667 1349 2672 —
1393 2642 1464 2694 qui
1505 2641 1692 2682 breviari

186 2710 417 2751 secundam
449 2710 492 2750 in
525 2709 678 2761 verbis,
711 2710 762 2751 de
797 2710 955 2763 quibus
977 2711 1212 2763 quaeritur.
1246 2711 1398 2751 statuit
1456 2736 1478 2739 «v
1517 2711 1692 2750 damna-

187 2777 327 2819 bimus
359 2779 443 2819 iam
475 2778 590 2831 quod
620 2778 776 2831 legitur
807 2779 849 2819 in
884 2778 1019 2820 Milite
1052 2778 1194 2819 Plauti
1227 2777 1363 2834 [502]:

461 2869 529 2902 nisi
554 2869 642 2902 mihi
668 2870 889 2913 supplicium
914 2870 1099 2913 virgarum
1127 2869 1172 2903 (le
1196 2872 1232 2902 te
1259 2868 1367 2902 datur

460 2926 610 2970 longum
636 2926 887 2970 diutinumque
915 2938 934 2959 a
960 2938 1063 2961 mane
1089 2926 1134 2959 ad
1159 2937 1362 2969 vesperum.
