1898 3292
288 281 310 317 4
318 280 371 317 60
898 289 938 314 LI
945 291 962 313 n
969 290 988 314 s
996 290 1016 313 R
1037 290 1192 316 sExrvs.

288 394 330 431 et
364 391 537 444 quidem
578 396 743 432 tantum
788 406 870 432 non
912 406 1079 445 semper
1121 391 1343 433 adhibitae
1382 392 1639 447 disyllabae,
1684 408 1795 446 quae

286 460 556 513 potissimum
588 464 853 514 usurpantur
884 464 932 502 ut
964 460 1186 511 adverbia,
1224 461 1409 502 maxime
1441 465 1611 511 circum,
1654 466 1702 503 ut
1732 466 1796 504 est

287 528 400 582 apud
434 528 661 570 Horatium
696 530 778 584 [ep.
812 530 869 580 ΙΙ,
905 533 939 580 2,
976 531 1074 584 93];

802 611 938 653 quanto
965 608 1150 643 molimine
1177 608 1316 642 circum

539 669 749 710 spectemus
774 678 926 700 vacuam
951 665 1126 700 Romanis
1151 666 1294 700 vatibus
1319 665 1457 700 aedem.

403 734 562 776 Contra
595 734 818 776 christiani
857 738 1011 788 poetae
1051 734 1180 776 etiam
1221 734 1264 775 in
1295 734 1377 776 hac
1408 737 1533 787 parte
1563 734 1794 788 aliquando

284 803 669 844 vetustissimorum
711 803 923 857 repetiere
963 803 1192 844 licentiam.
1253 803 1315 844 ita
1356 803 1466 844 enim
1508 802 1617 844 dixit
1651 804 1792 845 Pauli-

284 886 364 913 nus
397 872 481 926 [35‚
511 872 638 926 40ss]:

539 958 739 990 procurare
765 947 872 981 bonis
899 958 1059 991 praeque
1086 957 1215 980 cavero
1240 947 1365 988 bonis3

285 1017 328 1055 et
359 1014 431 1068 qui
463 1014 515 1056 de
546 1014 694 1068 figuris
726 1014 791 1056 vel
837 1014 1129 1056 schematibus
1172 1028 1343 1056 carmen
1377 1014 1618 1068 composuit
1650 1015 1794 1070 [139]:

536 1097 591 1128 est
617 1095 815 1129 conductio
843 1106 985 1139 conque
1011 1095 1191 1139 gregatio,
1219 1106 1302 1128 cum
1329 1094 1523 1128 adcumulo
1551 1106 1619 1128 res.

287 1162 401 1216 apud
425 1162 605 1203 eundem
629 1163 758 1217 digna
780 1164 985 1206 memoria
1006 1164 1281 1205 inveniuntur
1301 1163 1409 1204 haec
1443 1163 1567 1217 [1813
1596 1163 1686 1217 lO]:
1717 1162 1795 1204 ‘est

285 1238 416 1272 (molem
446 1235 598 1272 circum
630 1235 699 1273 illa
731 1230 918 1282 loczcle'0’‚·
961 1231 1191 1281 ‘ely-cuitus,
1226 1235 1321 1283 peri
1346 1246 1464 1282 quam
1488 1235 1627 1273 (liceant
1649 1230 1793 1274 odon’.

401 1299 592 1341 Alterum
630 1301 778 1342 tmesis
819 1315 952 1354 genus
992 1301 1046 1342 ad
1089 1315 1216 1342 aures
1258 1300 1394 1342 solum
1436 1300 1634 1354 pertinet.
1696 1316 1794 1342 nam

284 1367 412 1409 nullis
455 1368 693 1410 interiectis
736 1369 956 1411 vocabulis
1001 1369 1095 1423 lege
1143 1369 1308 1410 numeri
1352 1369 1528 1410 verbum
1578 1368 1795 1411 diducitur

285 1437 582 1490 compositum.
645 1452 694 1479 00
729 1438 884 1479 Graeci
913 1438 978 1479 usi
1011 1441 1110 1479 sunt
1142 1437 1387 1491 aliquando,
1422 1437 1495 1479 sed
1531 1438 1639 1479 citra
1670 1452 1793 1492 prae-

283 1506 530 1559 positiones.
590 1510 717 1547 notus
750 1510 815 1548 est
846 1520 993 1548 versus
1028 1505 1278 1547 Simonidis:

539 1589 558 1641 ἧ
584 1593 659 1640 μέγ’
690 1593 918 1640 Ἀθηναίοισι
947 1592 1050 1641 φόως
1076 1593 1208 1641 γένεθ’,
1240 1593 1328 1641 ἡνίκ’
1359 1593 1506 1640 Ἀριστο-

536 1655 665 1697 γείτων
691 1649 898 1698 Ἵππαρχον
922 1657 1037 1689 κτεῖνε
1062 1654 1122 1689 καὶ
1147 1651 1346 1698 Ἁρμόδιος.

281 1735 383 1776 item
416 1734 688 1794 Callimachi:

537 1812 599 1856 ἱρὰ
626 1816 693 1848 νῦν
718 1812 755 1848 &z
783 1816 1055 1858 Διοσκουρίδεω
1081 1810 1192 1859 γενεή.

400 1890 456 1930 Α1
478 1889 659 1931 Romani
680 1889 792 1931 idem
816 1903 898 1930 11011
922 1889 1188 1930 admiserunt
1219 1889 1298 1930 nisi
1328 1890 1371 1930 in
1402 1889 1794 1943 praepositionibus

283 1958 588 2012 monosyllabis
632 1962 706 1999 aut
746 1959 789 1999 in
823 1958 1021 2011 negativo
1066 1961 1120 2007 ἰη,
1164 1962 1206 1999 01
1242 1957 1414 2011 (1111(10111
1445 1957 1715 2011 potissimum
1746 1962 1794 1999 ut

284 2026 516 2068 satisfieret
547 2040 766 2068 caesurae.
828 2027 914 2067 alia
946 2030 1089 2068 autem
1122 2027 1332 2068 vocabula
1370 2030 1532 2080 quanto
1567 2040 1696 2080 opere
1728 2042 1793 2068 re-

284 2093 473 2147 fugerint
513 2095 716 2136 diducere
757 2095 952 2148 exemplo
994 2094 1223 2136 Simonidis
1263 2098 1450 2136 testatur
1482 2094 1676 2146 Ovidius,
1720 2095 1793 2136 ubi

284 2162 335 2203 de
372 2166 559 2204 Tuticani
590 2164 771 2214 nomine,
804 2163 919 2216 quod
951 2163 1143 2217 ineptum
1176 2167 1270 2205 erat
1300 2166 1438 2205 metro
1471 2162 1701 2217 dactylico,
1733 2163 1794 2204 ita

284 2230 389 2276 dicit
420 2232 504 2286 [ep.
537 2246 589 2273 ex
618 2232 662 2273 P.
693 2233 763 2282 IV,
798 2235 861 2283 12,
896 2233 961 2287 7]:

536 2323 620 2345 nam
646 2312 761 2356 pudet
785 2312 820 2345 in
847 2312 1012 2356 geminos
1041 2312 1092 2346 ita
1118 2323 1249 2345 nomen
1275 2311 1414 2345 findere
1438 2322 1573 2354 versus,

537 2368 681 2403 desinat
704 2372 745 2403 ut
770 2370 871 2413 prior
894 2369 965 2403 hoc
990 2369 1217 2413 incipiatque
1243 2368 1371 2402 minor.

398 2437 557 2479 Verum
590 2441 633 2478 et
673 2451 767 2479 eam
807 2437 1012 2491 figuram,
1053 2450 1164 2490 quae
1202 2436 1594 2491 praepositionibus
1636 2440 1679 2478 et
1719 2436 1793 2477 ad-

284 2505 430 2547 verbio
462 2506 661 2559 negativo
694 2506 956 2555 continetur,
998 2505 1255 2558 ignorarunt
1288 2505 1554 2558 grammatici
1587 2505 1792 2558 plerique.

284 2574 396 2615 unde
443 2574 727 2616 Terentianus
774 2589 808 2615 v.
852 2577 957 2616 1705
990 2588 1082 2627 sqq.
1153 2573 1374 2614 contendit
1420 2587 1600 2614 caesura
1646 2587 1794 2615 carere

283 2642 473 2684 Maronis
504 2657 673 2684 versum
704 2642 823 2684 illum
858 2643 968 2697 [aen.
1002 2642 1096 2692 XII,
1135 2642 1254 2696 144]:

535 2723 756 2767 magnanimi
784 2722 884 2756 Iovis
910 2723 1094 2766 ingratum
1119 2721 1318 2756 ascendere
1344 2721 1475 2755 cubile.

398 2791 482 2832 Sed
514 2791 622 2832 alios
654 2790 823 2841 vidisse⁷
854 2790 956 2843 quid
986 2791 1049 2832 rei
1082 2793 1212 2841 esset,
1243 2789 1347 2831 satis
1382 2789 1577 2831 declarat
1608 2789 1792 2839 Servius,

283 2860 356 2912 qui
409 2859 641 2913 adscripsit
685 2859 740 2900 ad
784 2858 965 2900 eundem
1005 2858 1169 2900 locum:
1218 2861 1621 2899 an{madum-tendam
1662 2864 1793 2898 autem

284 2942 441 2968 versum.
472 2932 580 2969 hunc
618 2931 706 2968 sine
748 2940 924 2968 caesura
965 2940 1076 2975 esse;
1119 2940 1212 2967 nam
1251 2929 1632 2977 Izestlzlheme'meres,
1676 2939 1793 2976 quam

283 2999 435 3038 habere
465 2999 664 3046 creditur,
696 2999 737 3038 έη
767 2998 1056 3047 synaloepham
1084 2998 1206 3037 cadit.
