1898 3292
320 172 336 210 1
350 172 401 210 14
925 177 1045 204 LIBER
1062 177 1220 203 PRIMVS.

570 282 640 315 hoc
668 281 899 314 mimiambos
924 279 1077 314 Mattius
1104 279 1205 314 dedit
1230 282 1360 313 metro.

570 350 654 372 nam
678 341 799 373 vatem
825 337 981 372 eundem
1007 338 1075 372 iste
1101 338 1230 372 Attico
1256 337 1381 381 thymo
1407 336 1564 370 tinctum

570 396 650 440 pari
673 396 838 440 leporest
863 398 1083 429 consecutus
1113 398 1150 429 et
1174 397 1304 428 metro.

321 472 479 526 quippe
511 471 684 512 minime
716 470 867 511 solitus
896 469 967 510 ille
991 469 1170 510 scabrae
1192 468 1401 510 iactantia
1424 467 1676 509 eruditionis
1699 467 1829 520 prisci

319 554 422 581 usus
455 553 694 581 memorare
732 538 929 592 exempla
966 538 1009 578 in
1051 538 1201 579 metris
1244 538 1320 587 eis,
1363 550 1473 590 quae
1514 537 1649 590 ipsius
1687 536 1829 589 place-

321 612 417 650 rent
449 607 716 661 aequalibus.
768 607 901 660 igitur
933 620 1017 648 non
1048 607 1202 647 mirum
1234 606 1348 659 quod
1372 609 1414 647 et
1436 605 1649 646 Ausonius
1677 605 1829 659 [epigr.

324 678 424 732 128]
457 680 499 718 et
528 676 734 718 Boethius
763 676 833 730 [IL
860 680 903 727 13
934 675 1007 726 ΙΙΙ,
1034 675 1103 729 11]
1135 679 1182 716 ut
1214 675 1387 716 sublata
1408 674 1574 728 pridem
1597 674 1830 714 traditione

323 746 513 788 scholica
541 745 737 786 duriores
769 744 973 785 exhibent
1004 756 1218 786 numeros.

437 815 527 855 Iam
557 814 609 855 de
642 813 786 854 mixtis
821 816 863 854 et
895 812 1142 866 compositis
1173 811 1362 853 numeris
1395 811 1553 852 dicturi
1587 811 1832 852 omittemus

322 883 494 937 quidem
537 885 854 937 pentametrum
902 880 1177 934 sapphicum,
1229 880 1350 921 cuius
1397 879 1504 921 haec
1555 883 1619 921 est
1669 880 1833 933 species

324 950 497 1008 Ιἡράμοιν
527 952 607 1007 μὲν
640 951 723 1006 ἔγω
756 950 890 993 σέθεν
917 947 1035 992 Ἄτθι
1065 948 1198 992 πάλαι
1228 947 1361 1001 πότοι,
1402 962 1532 1002 porro
1564 963 1733 990 versum
1765 962 1832 989 ar-

324 1021 586 1072 chebulium,
620 1020 694 1073 qui
726 1023 896 1060 constat
927 1019 1175 1072 anapaestis
1205 1018 1345 1059 tribus
1379 1022 1421 1059 et
1450 1018 1688 1073 pyrrichio,
1730 1018 1833 1058 item

324 1090 586 1140 ditrochaeo,
620 1092 668 1130 ut
698 1088 885 1143 [Terent.
925 1088 1077 1142 1919]:

574 1169 699 1214 generi
725 1168 833 1202 datur
859 1170 989 1202 auctor
1014 1167 1098 1201 huic
1123 1170 1228 1202 vetus
1255 1166 1501 1210 Archebulus,

323 1248 366 1286 et
383 1258 491 1295 eum,
515 1243 588 1298 qui
610 1243 665 1285 ab
684 1242 943 1284 Archilocho
966 1242 1106 1284 dictus
1128 1246 1227 1296 post
1248 1242 1477 1283 anacrusin
1493 1241 1626 1283 habet
1642 1242 1836 1297 dactylos

323 1317 430 1364 tres,
462 1312 537 1354 sed
567 1312 765 1354 ultimum
797 1311 1115 1362 catalecticum,
1146 1314 1237 1352 tum
1268 1315 1357 1352 tres
1390 1310 1640 1352 trochaeos:

574 1394 818 1441 Ἐρασμονίδη
844 1398 1017 1440 Χαρίλαε,
1043 1395 1163 1441 χρῆμά
1188 1409 1243 1430 τοι
1270 1399 1422 1440 γελοῖον.

325 1487 424 1515 nam
454 1473 499 1514 hi
530 1473 762 1527 plurimum
795 1471 967 1526 quidem
1001 1471 1116 1525 apud
1139 1471 1444 1525 grammaticos
1467 1471 1654 1523 Latinos,
1687 1475 1732 1513 at
1753 1485 1835 1513 non

324 1542 506 1596 perinde
550 1541 745 1596 optinent
787 1541 902 1594 apud
942 1544 1105 1594 poetas.
1167 1555 1306 1594 neque
1348 1555 1448 1582 vero
1488 1540 1726 1582 enchiridia
1764 1544 1839 1582 aut

329 1611 604 1652 centimetros
632 1623 866 1664 puerorum
897 1610 941 1650 in
972 1624 1096 1651 usum
1128 1609 1453 1663 perscribimus,
1497 1610 1571 1651 sed
1608 1609 1744 1651 libero
1775 1610 1837 1650 in-

326 1694 487 1733 gressu,
519 1682 568 1720 ut
598 1692 795 1732 quaeque
829 1678 956 1732 digna
986 1679 1194 1719 memoria
1225 1682 1268 1719 et
1297 1678 1541 1732 frequentia
1569 1682 1663 1719 arte
1685 1678 1839 1718 Latina

326 1762 527 1799 evenere,
571 1748 835 1802 exponimus.
898 1751 1088 1789 ceterum
1134 1761 1185 1789 ex
1227 1748 1415 1789 numeris
1456 1747 1540 1789 illis
1578 1748 1703 1800 longe
1741 1750 1840 1788 sunt

327 1816 691 1867 iniucundissimi,
744 1816 899 1870 quibus
952 1816 1141 1857 sociatur
1189 1830 1284 1857 cum
1328 1816 1534 1858 trochaeo
1585 1817 1650 1857 vel
1695 1815 1839 1857 iambo

328 1890 601 1940 anapaestus,
635 1886 707 1940 qui
738 1886 1006 1940 proprietate
1039 1889 1221 1926 naturae
1252 1899 1305 1926 ne
1337 1899 1432 1926 cum
1465 1885 1635 1939 dactylo
1668 1885 1839 1938 quidem

327 1958 443 1996 amet
472 1954 678 2008 copulari.
739 1955 800 1995 ita
839 1955 1160 2008 paroemiacum
1192 1957 1376 1995 metrum
1411 1954 1605 2008 corrupit
1637 1954 1841 1995 Platenus

326 2023 560 2064 identidem
606 2023 829 2065 imminuto
871 2023 981 2077 pede
1024 2023 1289 2076 paenultimo
1326 2023 1369 2063 in
1401 2023 1565 2077 Oedipo
1602 2023 1840 2064 romantico

330 2091 536 2146 exemplis
567 2091 727 2133 talibus
759 2092 848 2146 [1V,
880 2107 920 2146 p.
952 2095 1053 2144 1013
1089 2094 1191 2144 1023
1227 2092 1348 2146 182}

719 2183 764 2205 an
789 2168 848 2206 die
875 2171 1041 2216 duftigen
1068 2171 1159 2206 zehn
1185 2171 1250 2205 des
1276 2171 1449 2207 dichters.

720 2228 784 2263 des
811 2228 1020 2263 erhabenen
1046 2228 1199 2273 spielers
1224 2232 1361 2263 anmut.

720 2286 784 2320 auf
803 2285 891 2330 jede
918 2286 1054 2330 geburt
1079 2286 1143 2320 des
1170 2286 1383 2331 fruehlings.

723 2343 780 2378 ein
806 2344 1018 2388 poetischer
1043 2344 1291 2389 regenbogen.

445 2417 529 2458 Sed
570 2417 711 2459 missis
750 2417 816 2459 his
857 2417 913 2459 ad
955 2432 1103 2460 versus
1144 2417 1418 2472 logaoedicos
1457 2417 1574 2459 velut
1604 2419 1842 2472 glyconeos,

333 2483 718 2541 hendecasyllabos
749 2485 997 2539 phalaecios
1036 2487 1352 2541 sapphicosque
1385 2490 1428 2528 et
1458 2487 1644 2527 alcaicos
1689 2490 1731 2527 et
1771 2487 1843 2540 qui

332 2554 386 2595 ab
409 2554 476 2595 his
499 2555 707 2608 originem
739 2558 969 2596 traxerunt
998 2559 1282 2597 transeamus.
1335 2569 1480 2596 eorum
1503 2555 1697 2609 plerique
1720 2555 1843 2596 valde

330 2623 504 2676 probati
536 2637 562 2664 a
594 2622 768 2676 Sappho
802 2623 1047 2677 Alcaeoque
1079 2627 1122 2665 et
1154 2625 1443 2674 Anacreonte,
1486 2624 1561 2665 sed
1591 2638 1675 2665 non
1705 2624 1844 2665 minus

331 2705 356 2731 a
390 2692 528 2745 poetis
557 2690 871 2732 Alexandrinis.

447 2760 688 2815 Glyconeus
735 2773 830 2801 cum
876 2759 1160 2814 pherecrateo
1210 2774 1306 2802 cum
1357 2760 1537 2803 multum
1584 2761 1845 2802 Anacreonti

330 2828 562 2881 placuerit,
604 2828 705 2881 quin
750 2828 836 2868 iam
869 2841 894 2868 a
926 2828 1099 2882 Sappho
1130 2832 1173 2869 et
1205 2830 1361 2870 Alcaeo
1394 2830 1449 2870 sit
1488 2833 1722 2884 usurpatus
1761 2843 1844 2869 non

330 2900 475 2949 potest
517 2897 719 2937 dubitari.
783 2901 826 2937 et
868 2897 1092 2950 utriusque
1137 2899 1303 2938 numeri
1348 2898 1460 2952 apud
1495 2912 1566 2939 eos
1595 2902 1845 2952 comparent
