1898 3292
90 2949 107 2967 G

225 241 271 278 17
279 242 300 278 2
798 247 918 272 LIBER
937 247 1146 272 SECVNDVS.

218 352 301 393 fine
331 365 479 392 versus
510 351 631 405 [667]
675 349 815 399 ‘filiole
845 349 940 390 ctll'.
993 350 1140 402 itaque
1164 348 1294 389 semel
1317 349 1515 398 Avienus,
1548 347 1730 387 511110(10

219 423 410 461 verumst
440 419 582 474 [182]:

493 499 530 532 in
557 499 718 543 quinque
744 498 838 532 50165
865 500 921 531 est
946 498 1025 531 iter.
1074 501 1152 531 tum
1180 496 1428 540 Cepresicum.

220 582 298 609 1166
330 572 486 618 tamen,
514 567 597 608 hoc
629 570 676 607 ut
708 569 824 607 recte
855 565 1028 616 habeat,
1061 579 1200 618 aequo
1223 565 1365 605 animo
1388 564 1585 614 feremus,
1616 563 1730 616 quod

220 636 323 678 alibi
364 636 565 689 vulgatur
607 635 722 688 apud
764 634 945 675 eundem
988 635 1109 689 [313]
1150 633 1226 675 ‘ad
1255 637 1523 674 continentem
1555 635 1733 682 quinque

214 719 294 756 per
334 708 470 745 stadia
511 701 665 745 modo’.
727 716 912 756 namque
959 703 1064 743 illud
1106 703 1276 743 nomine
1321 701 1497 755 proprio
1540 700 1732 741 elevatur

220 773 482 826 exemplum,
526 772 608 813 1106
642 772 771 813 etiam
801 786 851 812 ea
882 785 928 812 re
962 775 1185 824 gravatur,
1219 770 1333 823 quod
1361 768 1569 810 tribrevia
1600 768 1732 809 verba

220 857 303 883 non
334 842 416 882 nisi
447 841 585 895 primo
617 840 726 894 pede
756 840 800 880 in
831 840 1017 881 mediam
1040 839 1250 894 syllabam
1273 839 1470 896 accipere
1491 838 1621 878 ictum
1652 852 1732 878 usu

221 910 368 951 Avieni
402 923 532 963 supra
565 909 754 962 exposui.
807 923 941 961 quare
964 908 1238 949 scribendum
1261 907 1455 948 existimo
1481 904 1575 957 ‘per
1596 909 1732 946 stadia

220 975 484 1019 ammodum'.
540 1004 590 1008 --
641 981 685 1018 at
727 977 842 1030 quod
884 977 987 1018 alibi
1030 976 1167 1018 fertur
1207 976 1328 1031 [335]
1372 974 1499 1016 ‘locos
1540 981 1733 1024 utrosque

221 1050 416 1098 interfluit
448 1053 567 1087 tenue
600 1043 796 1097 frenans,
843 1054 961 1086 tenue
1002 1046 1094 1086 iure
1127 1045 1351 1099 positionis
1381 1043 1430 1084 fit
1459 1046 1731 1096 anapaestus.

336 1115 546 1168 Coiugata
587 1128 687 1155 vero
730 1114 956 1168 anapaesti
1000 1128 1095 1154 611111
1134 1114 1274 1154 soluta
1317 1112 1403 1153 arsi
1443 1111 1616 1152 licentia
1657 1124 1732 1163 pes

225 1184 418 1225 exoritur
450 1183 879 1236 proceleusmaticus,
911 1196 1037 1235 quem
1071 1182 1179 1222 falso
1212 1181 1388 1234 quidam
1419 1184 1611 1221 veterum
1643 1192 1732 1219 cre—

222 1253 424 1294 diderunt
456 1251 677 1293 exclusum
710 1265 802 1293 esse
834 1265 859 1292 a
891 1254 1028 1292 metro
1059 1250 1244 1291 iambico
1277 1249 1393 1304 [Atii.
1427 1248 1568 1302 2692]
1630 1261 1732 1287 sane

223 1336 248 1362 a
279 1319 496 1362 trochaeis
536 1320 606 1361 hic
645 1334 720 1374 pes
764 1319 928 1361 alienus
976 1344 1015 1347 --
1062 1332 1161 1359 nam
1202 1317 1449 1359 Terentiani
1491 1316 1733 1358 tetramet1i

224 1390 446 1431 cuiusdam
479 1389 600 1444 [649]
630 1388 754 1429 initio
786 1387 1075 1442 ponendumst
1117 1386 1270 1428 ‘Aeolis
1303 1382 1520 1427 dialectos'
1571 1399 1650 1438 pro
1684 1398 1732 1425 eo

221 1459 337 1512 quod
365 1458 466 1499 libri
498 1457 660 1498 habent
690 1460 853 1498 Aeolica
884 1481 950 1507 —,
983 1469 1121 1509 neque
1150 1469 1175 1496 a
1208 1455 1398 1497 classicis
1418 1456 1594 1509 praeter
1616 1467 1730 1494 scae-

220 1528 338 1568 nicos
389 1541 536 1568 versus
580 1525 792 1567 admissus
838 1524 951 1566 idem
997 1525 1040 1565 in
1085 1523 1263 1565 iambos.
1336 1527 1381 1564 at
1423 1523 1612 1564 Senecae
1658 1521 1731 1562 tri-

221 1599 455 1637 metrorum
496 1595 540 1636 in
581 1595 721 1649 prima
762 1593 862 1636 sede
901 1607 985 1634 non
1016 1607 1108 1634 esse
1139 1592 1457 1633 sollicitandum
1490 1606 1585 1633 eum
1618 1595 1733 1632 recte

221 1665 306 1705 iam
337 1664 559 1718 perspexit
591 1663 832 1704 Gronovius
864 1662 939 1717 [ad
961 1662 1131 1716 Thyest.
1156 1662 1269 1716 289]
1322 1661 1481 1715 quippe
1514 1660 1660 1701 decem
1693 1663 1735 1700 et

223 1736 409 1786 septem,
457 1746 541 1773 non
581 1732 739 1782 minus,
785 1730 982 1784 exempla
1023 1745 1048 1770 a
1090 1744 1156 1771 me
1196 1733 1296 1770 sunt
1337 1733 1488 1770 notata
1533 1729 1733 1770 licentiae

221 1801 320 1843 talis
352 1800 468 1854 apud
498 1800 612 1842 hunc
643 1803 686 1841 et
717 1799 922 1841 Octaviae
952 1802 1188 1849 auctorem,
1231 1812 1359 1852 quain
1400 1801 1442 1838 et
1473 1798 1516 1838 in
1548 1797 1734 1838 Phaedri

226 1869 419 1923 aequalis
458 1869 616 1910 fabulis
661 1872 704 1910 et
743 1868 788 1909 in
817 1867 912 1922 Syri
943 1867 1167 1908 sententiis
1200 1867 1315 1908 eirca
1345 1866 1458 1907 idem
1490 1870 1658 1919 tempus
1690 1865 1733 1906 in

223 1952 378 1992 corpus
409 1938 597 1979 redactis
628 1937 878 1978 invenimus.
926 1935 1003 1977 tali
1036 1940 1180 1976 autem
1210 1935 1255 1975 in
1287 1939 1423 1976 metro
1454 1948 1622 1988 semper
1645 1934 1734 1974 fere

221 2021 369 2048 versus
401 2006 629 2047 incohatur
670 2004 941 2060 pyrrichiaco
981 2003 1112 2045 verbo
1156 2007 1361 2057 sequente
1402 2003 1643 2054 tribracho,
1685 2006 1733 2044 ut

224 2075 462 2130 [Phoeniss.
492 2075 586 2130 44]:

487 2166 556 2199 ego
580 2154 699 2188 video.
725 2153 874 2187 tandem
899 2153 1069 2197 spiritum
1095 2153 1283 2186 inimicum
1311 2163 1441 2196 expue.

222 2233 352 2283 atque
381 2229 443 2270 ita
473 2229 515 2269 in
547 2228 737 2270 eiusdem
769 2228 957 2269 Senecae
989 2227 1347 2281 Apocolocyntosi
1384 2226 1540 2279 legitur
1581 2227 1635 2280 [6.
1669 2226 1733 2280 7];

487 2315 550 2349 ubi
571 2313 774 2348 Rhodanus
799 2314 928 2358 ingens
954 2325 1059 2347 amne
1087 2313 1308 2357 praerapido
1335 2312 1427 2346 fluit.

223 2404 307 2430 non
339 2389 521 2431 multum
554 2388 758 2430 differunt
788 2389 863 2429 illa
892 2387 1064 2442 [Troad.
1089 2391 1193 2439 9453
1226 2387 1396 2440 Hippol.
1424 2387 1570 2440 1275]:

498 2474 580 2508 vide
606 2477 648 2508 ut
672 2475 812 2508 animus
838 2474 966 2518 ingens
991 2473 1109 2507 laetus
1134 2473 1292 2507 audierit
1321 2483 1460 2506 necem.

498 2531 697 2576 patefacite
723 2531 856 2565 acerba
882 2528 995 2564 caede
1022 2530 1203 2564 funestam
1227 2529 1387 2564 domum.

228 2621 326 2648 mox
359 2606 643 2648 Terentianus
674 2606 838 2646 minore
874 2604 1089 2657 elegantia
1119 2603 1296 2645 rescidit
1326 2604 1441 2645 arsin
1472 2603 1534 2644 ita
1565 2604 1734 2658 [2357]:

224 2679 258 2716 is
301 2678 379 2715 erit
422 2681 684 2725 anapaeslm.
758 2673 862 2715 alibi
908 2673 1020 2713 hanc
1060 2672 1243 2713 formam
1288 2671 1410 2726 pedis
1455 2671 1628 2712 iambici
1672 2672 1735 2712 in-

223 2743 357 2784 veniri
389 2757 473 2784 non
504 2742 688 2784 memini.

338 2811 428 2851 Iam
461 2810 798 2864 dignissimumst
829 2809 1036 2851 memoria
1066 2809 1184 2859 illud,
1217 2807 1429 2849 communi
1461 2807 1736 2849 observantia

224 2879 418 2919 timuisse
449 2879 624 2920 Latinos
657 2892 803 2919 eorum
834 2878 949 2918 arsin
983 2877 1146 2918 solvere
1178 2890 1388 2927 versuum,
1422 2890 1446 2916 a
1477 2875 1632 2929 quibus
1664 2889 1732 2916 ex-

227 2947 453 2991 clusissent
493 2947 717 3003 spondeos.
779 2946 894 3000 quod
939 2945 1094 3000 quibus
1139 2959 1164 2986 a
1204 2945 1344 2999 poetis
1384 2948 1426 2986 et
1463 2943 1662 2999 qualibus
1692 2944 1735 2984 in
