1898 3292
259 219 340 259 464
869 227 987 252 LIBRI}
1007 228 1162 253 sux'rvsv

259 329 534 385 [700—702]
579 328 702 369 illata
747 328 822 369 illa
874 327 956 369 ‘ter
989 334 1157 369 commas
1192 326 1268 369 ihi'
1313 331 1355 369 et
1397 342 1507 381 quae
1549 332 1764 369 secuntur.

259 402 448 439 ceterum
491 397 688 439 similiter
733 396 846 450 apud
893 396 1127 449 Vergilium
1169 396 1432 438 Graecorum
1478 397 1521 437 in
1568 397 1764 449 catalogo

256 466 401 508 Iliadis
433 468 531 519 post
560 479 622 516 ea,
660 478 770 518 quae
802 467 901 506 sunt
935 465 1013 518 [IL
1046 466 1172 519 867]:

490 540 641 588 Νάστης
667 538 714 578 αὖ
744 547 881 587 Καρῶν
909 539 1070 588 ἡγήσατο
1097 540 1417 589 βαρβαροφώνων,

488 600 524 635 οἳ
551 602 720 645 Μίλητον
747 600 829 645 ἔχον
857 602 1029 644 Θθειρῶν
1054 597 1082 634 τ’
1110 596 1200 644 ὅρος
1226 596 1494 645 ἀκριτόφυλλον

488 653 713 701 Μαιάνδρου
738 671 775 692 τε
801 655 892 701 ῥοάς
919 653 1096 701 Μυκάλης
1121 654 1149 691 τ’
1177 656 1324 691 αἰπεινά
1349 653 1503 701 κάρηνα,

256 728 364 769 falso
398 727 498 768 addi
527 727 861 781 interpolatione
893 729 989 767 orta
1020 726 1149 768 haec:

486 809 559 840 τῶν
583 804 648 849 μὲν
676 802 732 849 ἄρ’
757 804 975 849 Ἀμφίμαχος
999 806 1061 840 καὶ
1089 804 1238 849 Νάστης
1267 801 1491 850 ἡγησάσθην.

488 859 638 906 Νάστης
662 858 880 906 Ἀμφίμαχός
906 875 955 896 τε.
985 863 1176 906 Νομίονος
1202 859 1320 906 ἀγλαὰ
1343 863 1461 897 τέκνα.

256 932 542 975 ratiocinandi
574 932 779 973 firmitate
813 934 856 973 et
887 931 1146 973 scholiorum
1177 932 1423 985 testimonio
1445 932 1560 973 haud
1583 931 1767 972 obscuro

256 1002 360 1043 alibi
393 1000 766 1055 comprobavimus
797 1000 960 1055 [philol.
995 1000 1068 1051 XI,
1100 1001 1207 1055 1723}

372 1070 480 1111 Sunt
500 1072 645 1110 tamen
667 1069 740 1121 qui
763 1069 1007 1109 existiment
1030 1072 1072 1109 et
1102 1069 1359 1122 particulam
1382 1076 1503 1119 alque
1523 1072 1566 1109 et
1587 1082 1767 1122 praepo-

257 1139 433 1179 sitiones
460 1151 617 1188 01111103,
649 1151 831 1191 quarum
861 1138 980 1190 prior
1001 1151 1101 1190 pars
1126 1140 1255 1178 aucta
1277 1141 1389 1179 esset
1409 1137 1505 1187 illis,
1538 1151 1648 1191 quae
1671 1140 1770 1178 sunt

257 1214 331 1256 ter,
364 1214 443 1256 tra,
469 1211 557 1257 fra,
589 1209 637 1246 ut
672 1213 860 1256 praeter,
890 1210 1013 1253 ultra„
1047 1209 1173 1257 infra,
1206 1206 1249 1246 in
1280 1206 1545 1259 paenultima
1565 1205 1768 1247 habuisse

259 1289 444 1330 gravem,
476 1288 559 1315 non
590 1278 777 1315 acutum.
829 1277 875 1315 at
905 1273 987 1315 hoc
1018 1274 1053 1315 si
1085 1275 1301 1325 statueris⁷
1332 1288 1415 1315 non
1445 1274 1550 1316 satis
1573 1276 1767 1327 apparet,

258 1342 472 1397 quomodo
501 1342 576 1383 illa
612 1356 685 1391 me,
718 1349 767 1389 te,
796 1355 840 1382 se
878 1346 1043 1384 mutato
1086 1346 1267 1384 accentu
1308 1343 1526 1396 potuerint
1570 1343 1684 1383 coire
1726 1343 1768 1382 in

258 1426 389 1453 unum
421 1425 516 1452 cum
548 1411 620 1461 eis,
650 1424 761 1464 quae
794 1414 893 1452 sunt
923 1415 1043 1457 inser,
1075 1415 1198 1460 intra,
1231 1411 1452 1453 similibus.
1504 1425 1602 1453 nam
1625 1424 1769 1452 mono-

260 1479 427 1535 syllaba
456 1479 703 1520 inclinanda
726 1480 919 1532 quamvis
941 1479 1067 1521 facile
1089 1480 1322 1534 iungantur
1345 1494 1441 1521 cum
1465 1479 1768 1534 monosyllabis

257 1549 408 1603 longis,
440 1561 523 1589 non
555 1547 733 1602 perinde
766 1562 861 1589 cum
893 1548 1117 1603 disyllabis
1151 1548 1395 1602 spondiacis
1427 1548 1697 1603 copulantur.

374 1619 464 1658 Iam
497 1616 613 1670 quod
644 1616 687 1657 111
719 1616 855 1658 altero
884 1617 1030 1659 tmesis
1061 1631 1215 1671 genere
1237 1617 1452 1658 interdum
1474 1620 1642 1658 mutata
1671 1630 1769 1670 pro-

258 1689 449 1728 meretur
480 1685 619 1727 forma
649 1686 982 1739 praepositionis
1014 1686 1079 1727 vel
1108 1689 1148 1726 in
1181 1686 1419 1740 negativae,
1451 1689 1498 1727 ut
1528 1687 1571 1726 in
1602 1685 1697 1726 illo:

491 1776 557 1799 cur
583 1776 651 1810 ego
679 1766 708 1799 si
733 1777 875 1810 nequeo
897 1765 1111 1810 ilgnoroque
1137 1769 1248 1810 poeta
1274 1766 1422 1809 salutm,

260 1849 343 1876 non
365 1835 502 1889 magis
524 1834 606 1876 fuit
627 1834 851 1876 offensioni
874 1848 1003 1888 quam
1031 1835 1146 1889 quod
1168 1835 1500 1877 admitterentur
1521 1834 1564 1875 in
1586 1838 1770 1887 utroque

261 1904 468 1945 orationis
499 1907 643 1958 partes
674 1903 998 1958 inseparabiles.

376 1972 603 2014 Contraria
633 1976 778 2014 autem
809 1976 909 2014 sunt
938 1972 1061 2014 tmesi
1091 1971 1261 2013 enclisis
1282 1972 1347 2013 vel
1378 1971 1586 2025 proclisis,
1615 1971 1771 2025 quibus

261 2055 345 2084 uno
386 2042 509 2095 quasi
539 2040 670 2083 verbo
708 2041 1074 2095 comprenduntur
1104 2054 1230 2082 voces
1274 2040 1490 2094 scriptura
1520 2040 1771 2094 plerumque

262 2111 494 2162 seiunctae,
526 2113 569 2152 et
599 2110 642 2150 in
673 2109 757 2151 hac
790 2113 905 2151 certe
935 2110 1097 2151 maiore
1118 2109 1264 2163 paullo
1287 2122 1415 2162 quam
1438 2109 1771 2162 compositorum

261 2183 408 2233 partes
430 2179 545 2221 vocis
566 2178 799 2220 interstitio
828 2178 1079 2232 diremptae.
1134 2192 1245 2231 quae
1276 2191 1538 2231 quamquam
1568 2191 1652 2218 non
1674 2177 1772 2219 sub-

262 2249 412 2289 stitere
442 2247 598 2301 quibus
620 2247 746 2300 vulgo
779 2246 969 2289 creditur
999 2246 1167 2297 finibus,
1198 2250 1343 2288 tamen
1363 2246 1479 2288 haud
1500 2246 1562 2287 ita
1583 2246 1771 2299 amplum

262 2316 481 2357 hominum
520 2315 784 2357 urbanorum
827 2315 1152 2369 liberaliterque
1193 2315 1462 2357 excultorum
1503 2316 1545 2356 in
1578 2328 1773 2356 sermone

263 2385 487 2438 optinuere
516 2384 669 2425 locum.

380 2453 494 2494 Nota
523 2466 593 2494 res
625 2451 677 2493 de
707 2451 791 2493 illis
824 2465 918 2502 que,
949 2465 1014 2500 ve,
1041 2465 1105 2500 ne,
1137 2451 1293 2505 quibus
1325 2465 1454 2505 quam
1483 2454 1600 2493 recte
1632 2465 1771 2505 grain-

265 2521 411 2562 matici
443 2524 609 2562 veteres
648 2520 865 2562 interdum
906 2520 1192 2574 praecedente
1228 2519 1348 2561 brevi
1390 2523 1643 2562 accentuum
1686 2534 1773 2560 1110-

266 2590 389 2631 dulos
411 2603 437 2630 a
459 2590 613 2631 ceteris
634 2589 998 2643 pronuntiationis
1021 2588 1200 2630 Latinae
1224 2588 1392 2642 legibus
1415 2589 1576 2630 alienos
1598 2588 1774 2629 effectos

266 2658 553 2700 existimarint
572 2672 685 2699 nunc
706 2671 791 2700 non
823 2671 994 2711 quaero.
1047 2657 1154 2698 nihil
1185 2657 1295 2698 enim
1327 2660 1529 2699 accentus
1561 2670 1774 2710 gramma-

265 2728 373 2768 ticos
404 2726 459 2768 ad
490 2726 712 2767 metricam
745 2726 943 2768 Latinam
980 2726 1194 2780 pertinere
1232 2726 1258 2767 1.
1288 2726 1351 2767 III
1393 2725 1773 2779 comprobatumst.

382 2795 492 2836 Illud
520 2798 664 2836 tamen
696 2795 934 2849 praeterire
968 2807 1155 2847 nequeo,
1188 2808 1272 2835 non
1300 2797 1466 2835 rectum
1493 2793 1596 2834 mihi
1627 2793 1774 2843 videri,

266 2863 379 2917 quod
414 2863 651 2905 Gulielmus
684 2863 868 2905 Meierus
907 2863 949 2904 in
991 2863 1102 2904 libro
1143 2863 1195 2904 de
1232 2863 1483 2904 hexametro
1524 2862 1690 2903 Graeco
1732 2863 1775 2901 et

266 2931 420 2972 Latino
452 2933 537 2987 [pg.
565 2933 690 2986 1045]
721 2932 874 2973 statuit
903 2932 945 2971 in
976 2931 1170 2972 versibus
1201 2931 1509 2985 dactylicorum
1533 2930 1773 2970 encliticam
