1898 3292
249 239 328 276 168
824 244 944 268 mmm
963 243 1171 268 SECVNDVS.

245 353 362 389 recte
395 347 595 388 Bothius:
631 350 813 398 feminea
842 349 908 387 cui
939 348 1132 396 nequicia.
1193 345 1236 385 in
1269 344 1454 385 Hercule
1487 344 1648 385 Oetaeo
1677 358 1755 397 per

244 416 622 470 interpolationem
655 415 793 456 fertur
821 414 971 469 [1794]
1003 413 1105 454 hoc:

521 495 652 540 paelex
677 506 879 539 supersum,
909 493 1091 537 supplicia
1115 492 1159 526 de
1185 504 1255 536 qua
1281 495 1451 536 expetat3

246 564 321 605 ubi
352 563 463 605 liber
499 563 707 617 optimus:
750 576 792 613 p.
825 578 856 603 s.
889 577 914 603 α
945 576 1026 613 qua
1055 564 1260 612 supplicia
1294 567 1477 611 expetet,-
1520 575 1571 601 ex
1603 559 1757 601 Ceteris

246 633 441 686 plerique
472 647 517 683 p.
550 648 581 672 s.
617 636 667 673 de
698 646 778 682 qua
808 634 1012 681 supplicia
1044 633 1197 681 eate'qat.
1248 633 1365 670 recte
1387 629 1556 670 videtur
1577 628 1756 669 habere:

242 705 395 753 paelex
416 715 643 751 supersum.
699 703 826 751 difflua
857 699 937 752 (ita
958 698 1157 751 Bothius)
1180 700 1385 748 supplicia
1407 704 1579 748 expetet.
1621 700 1758 738 restat

247 784 379 812 unum
411 773 596 810 metrum
624 768 753 823 [Med.
786 768 911 821 447]:

523 848 692 893 fugimus⁷
719 847 840 891 Iason,
869 847 1038 892 fugimus.
1085 846 1156 880 hoc
1182 857 1254 879 non
1282 848 1338 879 est
1363 857 1507 879 novum.

248 919 320 960 ubi
361 918 505 959 nescio
548 931 601 958 an
643 917 699 958 sit
740 915 1034 958 scribendum:
1083 918 1338 966 fugle‘musne,
1371 917 1513 963 Iason,
1546 917 1760 966 fche'nms?

248 987 433 1041 pessime
455 987 613 1040 quippe
632 985 736 1026 alibi
754 984 958 1026 Gronovii
981 984 1216 1037 repositum
1241 983 1488 1024 coniectura
1511 983 1638 1037 [Med.
1659 984 1761 1037 924]

249 1057 399 1104 anime,
434 1059 712 1106 parandumst
741 1067 819 1107 pro
852 1057 995 1094 animo.
1059 1052 1127 1092 vix
1159 1055 1302 1092 autem
1336 1052 1592 1092 monendum
1623 1052 1664 1092 in
1697 1055 1759 1092 ta-

250 1124 381 1173 libus,
424 1123 571 1177 qualia
603 1126 702 1164 sunt
736 1125 859 1173 petiit
890 1125 938 1163 ab
974 1125 1098 1172 ipsis;
1130 1124 1254 1161 redii!
1285 1124 1459 1161 Achilles
1501 1120 1644 1175 [Herc.
1680 1119 1759 1161 fur.

250 1197 354 1244 2443
387 1192 542 1233 Troad.
574 1192 698 1246 806],
738 1205 822 1232 non
859 1190 1126 1231 tribrachum
1156 1189 1250 1229 loco
1282 1189 1420 1242 primo
1450 1189 1655 1242 positum,
1687 1189 1761 1230 sed

250 1265 545 1315 anapaestum.
583 1287 626 1290 —r
664 1264 709 1302 at
741 1259 1000 1301 Prudentius
1031 1258 1074 1299 in
1107 1257 1261 1312 epyllio
1284 1257 1415 1299 semel
1437 1258 1603 1299 remisit
1625 1261 1760 1298 artem

248 1331 311 1372 ita
341 1330 485 1386 [675]:

524 1386 658 1431 yenbra
684 1386 838 1420 deorum
865 1384 980 1419 multa
1005 1395 1073 1418 nec
1100 1384 1205 1428 pueri
1230 1385 1373 1427 putant.

252 1468 448 1509 similiter
480 1467 666 1508 Avienus
706 1467 846 1520 prima
884 1465 984 1507 sede
1028 1464 1260 1518 aliquando
1300 1464 1465 1518 recepit
1511 1463 1643 1505 verba
1688 1464 1761 1504 tri-

250 1537 399 1578 brevia
430 1537 555 1591 [3683
589 1538 694 1587 5533
727 1536 840 1589 602]
901 1548 979 1575 nec
1010 1548 1095 1575 non
1137 1533 1316 1574 eandem
1354 1533 1593 1586 probavere
1634 1533 1762 1573 licen-

251 1605 355 1645 tiam
386 1605 493 1646 locis
516 1604 683 1657 aliquot
712 1604 755 1644 in
785 1603 998 1657 principio
1028 1602 1298 1655 potissimum
1328 1602 1456 1642 metri
1487 1601 1763 1642 admittentes

252 1673 535 1714 Terentianus
581 1675 623 1713 et
667 1671 918 1713 Martianus.
980 1670 1111 1712 veluti
1156 1669 1271 1711 illius
1316 1674 1415 1711 sunt
1459 1669 1566 1711 haec
1608 1671 1760 1724 [22433

253 1744 356 1794 6683
389 1745 492 1793 7413
529 1740 579 1782 cf.
613 1741 768 1795 2366}

528 1808 797 1852 Aristophanis
822 1808 951 1852 ingens
976 1807 1090 1841 micat
1115 1807 1288 1841 sollertia.

528 1878 611 1899 nam
638 1864 758 1899 media
784 1868 869 1910 post
895 1867 1160 1899 consonantem
1188 1876 1271 1898 cum
1297 1864 1404 1898 datur
1428 1863 1566 1897 vocalis
1591 1863 1612 1896 i.

528 1927 566 1958 et
593 1923 719 1957 mer-ito
744 1926 832 1957 tunc
862 1935 884 1966 q
910 1922 1074 1956 locamus
1100 1922 1270 1965 exigente
1296 1921 1444 1966 syllaba.

367 1993 457 2033 Iam
488 1991 603 2045 quod
634 1991 894 2033 Ritschelius
934 2004 1128 2032 normam
1168 1989 1295 2031 modo
1326 1989 1592 2043 propositam
1624 2003 1764 2042 gram—

255 2060 401 2101 matici
425 2064 627 2102 accentus
649 2060 690 2101 vi
718 2060 908 2102 evenisse
940 2059 1044 2100 dicit
1073 2059 1197 2113 [prol.
1220 2058 1252 2100 T
1257 2059 1333 2099 rin.
1355 2072 1423 2112 pg.
1447 2058 1652 2100 CCXXIV
1671 2058 1764 2112 sq.]‚

254 2129 357 2169 mihi
402 2128 574 2182 quidem
614 2128 658 2169 id
702 2128 768 2170 vel
807 2128 919 2169 hanc
962 2127 1015 2168 ob
1056 2141 1231 2169 causam
1271 2126 1441 2168 videtur
1472 2140 1564 2168 esse
1596 2126 1764 2177 falsum,

254 2197 368 2251 quod
399 2210 483 2238 non
513 2196 693 2250 perinde
723 2197 961 2238 timuerunt
991 2199 1145 2249 poetae
1177 2209 1328 2237 vocum
1361 2194 1531 2250 dactylo
1565 2198 1764 2236 constan-

253 2266 360 2307 tium
388 2265 499 2306 binis
529 2265 731 2306 brevibus
764 2264 982 2306 continere
1013 2264 1199 2305 solutam
1231 2264 1369 2314 arsin⁷
1415 2277 1500 2317 qua
1541 2278 1587 2305 re
1627 2264 1764 2317 magis

255 2334 385 2376 etiam
417 2333 606 2375 laeditur
637 2333 838 2387 vulgatae
869 2332 1234 2386 pronuntiationis
1267 2332 1493 2385 elegantia.
1555 2346 1653 2373 nam
1685 2346 1764 2385 pro

255 2403 444 2456 antiquis
476 2405 732 2443 accentuum
763 2401 948 2442 modulis
989 2400 1282 2442 vehementius
1324 2400 1506 2453 deprimi
1548 2404 1650 2442 tono
1683 2414 1763 2453 par

256 2474 349 2512 erat
380 2470 591 2525 syllabam
623 2469 924 2512 succedentem
953 2472 1129 2520 acutae,
1175 2469 1210 2510 si
1251 2468 1359 2510 haec
1399 2468 1529 2522 longa
1571 2482 1700 2521 quam
1731 2468 1766 2509 si

253 2539 396 2580 brevis
428 2542 552 2580 esset.

371 2606 495 2657 Quod
527 2620 623 2648 cum
650 2607 712 2648 ita
743 2607 809 2658 sit,
842 2619 921 2659 age
957 2605 1274 2656 consideretur,
1304 2619 1359 2646 an
1386 2605 1564 2659 propior
1594 2604 1709 2646 absit
1740 2618 1766 2645 a

255 2690 355 2717 vero
389 2689 500 2729 quae
534 2689 559 2716 a
590 2689 657 2716 me
689 2675 775 2716 iam
807 2678 1073 2728 proponetur
1102 2675 1227 2715 ratio.

371 2744 545 2785 Scilicet
574 2743 693 2785 nulla
724 2744 894 2784 omnino
939 2746 1134 2793 causast,
1186 2756 1261 2783 cur
1302 2741 1528 2782 credamus
1567 2740 1765 2782 vetustis-

256 2813 385 2853 simos
413 2812 664 2853 Latinorum
695 2825 780 2852 non
817 2811 1191 2861 animadvertisse,
1232 2810 1347 2863 quod
1377 2810 1421 2850 in
1450 2808 1647 2850 iambicis
1678 2812 1765 2849 tro-

257 2881 469 2921 chaicisve
511 2880 699 2921 numeris
741 2880 907 2920 solutae
948 2879 1101 2932 longae
1142 2879 1336 2928 licentia,
1384 2878 1462 2919 nisi
1510 2877 1764 2918 necessitate

257 2949 444 3005 quadam
475 2950 747 3003 mitigaretur
775 2952 952 3003 propter
986 2948 1214 2989 verborum
1239 2947 1476 2997 circuitum,
1510 2945 1626 2986 haud
1659 2944 1765 2986 satis
