1898 3292
831 209 957 233 INDEX
976 210 996 233 1.
1583 192 1663 233 (305

273 312 414 355 Ceteri
444 326 592 354 versus
623 310 824 365 dactylici
856 313 949 352 228.

272 381 766 435 Anapaesticorum
799 382 893 420 228.

271 449 631 491 Iambicorum
663 450 871 489 228-31,

272 518 483 559 Trimeter
515 520 706 559 228——31
743 515 970 569 (Prisciani
1003 517 1096 557 230.
1131 514 1213 567 31).
1275 512 1406 553 ceteri
1439 516 1532 552 231.

273 586 700 627 Trochaicorum
733 587 827 625 231.

274 654 585 696 lonicorum
616 656 709 695 231.

275 723 743 776 Logaoedicorum
776 723 985 762 231m33.

274 791 540 833 Phalaecius.
613 789 909 843 asclepiadeus
950 792 1132 840 uterque
1181 789 1281 836 231,
1330 789 1365 826 2.
1436 785 1667 839 sapphicus

160 859 547 913 hendecasyllabus
580 862 673 900 232.
736 871 786 898 ex
817 857 976 898 maiore
1009 860 1051 897 et
1078 856 1240 896 minore
1273 854 1478 908 sapphico
1511 855 1668 895 mixtus

161 931 255 975 232,
288 931 324 968 3.
385 928 573 969 alcaicus
603 925 988 979 hendecasyllabus
1020 928 1113 966 233.
1400 977 1402 979 ‚

277 996 448 1049 Leges
478 996 780 1051 rythmicae
815 994 1068 1036 carminis
1100 993 1281 1033 Latini
1314 994 1552 1033 233—240.

276 1066 488 1106 Accentus
530 1065 799 1118 grammatici
831 1077 931 1104 num
974 1062 1084 1103 ratio
1126 1062 1181 1102 sit
1221 1061 1372 1102 habita
1401 1060 1444 1100 in
1474 1059 1669 1100 versibus

161 1133 349 1186 antiquis
387 1137 480 1175 233.
552 1148 698 1175 versus
744 1132 980 1174 referentes
1021 1135 1167 1171 tonum
1198 1129 1442 1183 pedestrem
1484 1131 1587 1177 233,
1630 1132 1667 1168 4.

160 1201 396 1255 rythmicus
413 1205 616 1243 accentus
632 1215 832 1243 versuum
851 1203 1058 1253 quantum
1075 1202 1219 1252 potest
1240 1197 1333 1238 fieri
1356 1196 1670 1237 diversissimus

162 1283 188 1310 a
204 1271 486 1323 grammatico
511 1274 603 1312 234.
656 1283 707 1311 ea
728 1270 796 1311 lex
819 1269 913 1322 lege
935 1268 1044 1308 finiti
1071 1266 1232 1308 ordinis
1254 1266 1420 1306 metrici
1443 1265 1671 1305 immutata

163 1340 257 1379 234.
307 1339 499 1392 priorum
531 1339 629 1380 inde
666 1352 691 1379 a
721 1338 916 1379 Bentleio
948 1349 1083 1390 usque
1114 1334 1168 1375 ad
1191 1333 1472 1375 Ritschelium
1505 1333 1557 1374 de
1589 1333 1671 1373 hac

162 1420 208 1447 re
241 1408 461 1460 opiniones
507 1411 702 1449 234m36
743 1405 943 1461 (Bentleii
973 1404 1134 1458 placita
1176 1402 1384 1444 curiosius
1426 1402 1672 1443 examinata

164 1480 257 1527 235,
277 1477 331 1530 6).
377 1475 632 1517 Korssenus.
680 1475 866 1516 Meierus
885 1477 979 1515 237.
1026 1474 1216 1513 rationes
1248 1474 1420 1511 nostrae
1444 1473 1669 1511 237—240

163 1545 559 1598 (grammaticorum
601 1548 791 1585 veterum
839 1541 1086 1584 testimonia
1133 1544 1226 1581 237.
1287 1539 1449 1580 Ennius
1498 1542 1591 1588 237,
1635 1542 1672 1579 8.

163 1613 282 1663 olim,
322 1616 371 1653 ut
413 1612 603 1663 videtur,
647 1612 875 1653 observata
916 1610 1205 1664 quantitatum
1236 1608 1306 1649 lex
1336 1608 1378 1648 in
1412 1606 1672 1647 carminibus

164 1681 349 1722 omnium
372 1680 614 1734 linguarum
632 1680 1041 1734 Indeuropaicarum
1065 1681 1158 1719 238.
1210 1676 1364 1730 quibus
1385 1675 1552 1728 legibus
1575 1688 1673 1715 con—

165 1749 493 1803 dicionibusque
512 1750 783 1790 contineatur
812 1748 937 1789 metri
966 1747 1108 1788 Latini
1128 1760 1198 1787 ars
1214 1745 1428 1800 rythmica
1445 1744 1673 1796 238-40).

283 1819 491 1860 Versus
524 1818 737 1872 singuli
770 1819 1007 1858 240-264,

280 1886 565 1941 Dactylici
597 1889 805 1928 240-60.

278 1955 540 1996 Hexameter
572 1958 614 1996 et
643 1957 913 2009 pentameter
946 1955 1155 1994 240—-58.

278 2023 530 2064 Hexametri
552 2023 708 2077 duplex
731 2021 1013 2063 describenda
1045 2024 1264 2061 structura
1287 2022 1380 2061 240.
1432 2017 1673 2060 hexametri

163 2091 500 2146 penthemimere
533 2091 656 2133 divisi
688 2090 912 2145 dispositio
948 2092 1042 2140 240,
1075 2093 1123 2130 41
1158 2090 1251 2143 (pes
1272 2089 1436 2142 primus
1471 2090 1513 2128 et
1544 2100 1672 2140 quar-

163 2165 232 2202 tus
252 2160 339 2215 ib.).
393 2160 589 2215 exempla
611 2159 843 2202 formarum
867 2158 1174 2213 permissarum
1199 2161 1241 2198 et
1266 2157 1492 2198 vetitarum
1518 2159 1611 2205 241,
1637 2158 1674 2195 2.

164 2229 368 2270 Romanis
391 2243 466 2270 cur
490 2243 644 2283 parum
667 2228 881 2282 placuerit
903 2227 1097 2281 quintum
1129 2229 1383 2279 sextumque
1413 2224 1565 2279 pedem
1590 2236 1674 2265 uno

164 2297 294 2339 verbo
338 2298 546 2339 contineri
593 2300 695 2347 242,
738 2300 772 2338 3.
843 2295 1083 2337 hexametri
1131 2293 1500 2348 hephthemimere
1547 2291 1673 2333 divisi

164 2365 388 2419 dispositio
419 2369 615 2408 243—46
648 2366 805 2420 (prima
836 2364 1000 2418 species
1034 2366 1129 2411 243,
1166 2368 1203 2404 4.
1249 2361 1440 2404 secunda
1470 2365 1512 2402 et
1543 2359 1674 2401 tertia

166 2437 260 2483 244,
284 2438 319 2475 5.
371 2434 694 2475 trithemimeris
718 2447 788 2474 ars
810 2432 1024 2487 rythmica
1047 2435 1140 2472 244.
1204 2444 1279 2472 cur
1309 2430 1506 2484 praelata
1538 2430 1592 2470 sit
1624 2442 1674 2469 ea

164 2502 303 2542 forma
330 2501 722 2556 hephthemimeris,
755 2515 865 2554 quae
886 2500 1019 2541 habet
1049 2499 1300 2540 trochaeum
1331 2499 1374 2538 in
1405 2497 1514 2552 pede
1546 2497 1674 2538 tertio

167 2573 262 2621 244,
282 2575 317 2612 5.
351 2569 402 2610 cf.
422 2573 516 2611 243.
564 2569 956 2623 hephthemimeres
989 2568 1146 2609 omissa
1168 2566 1481 2608 trithemimere
1503 2569 1597 2616 245,
1620 2566 1676 2617 6).

166 2637 319 2679 tertius
347 2651 424 2691 pes
455 2637 575 2679 verbi
605 2637 688 2679 fine
721 2641 921 2679 constans
944 2639 1038 2678 246.
1084 2635 1326 2676 hexametri
1344 2648 1525 2675 caesura
1546 2633 1676 2674 tertia

165 2705 388 2747 trochaica
423 2705 614 2747 distincti
655 2705 878 2760 dispositio
911 2707 1005 2755 246,
1039 2708 1074 2745 7.
1136 2703 1375 2744 hexametri
1407 2703 1547 2743 exitus
1581 2715 1676 2742 cum

165 2774 425 2828 pentametri
457 2777 732 2828 comparatus
764 2777 857 2825 247,
884 2777 920 2815 8.
968 2773 1217 2814 hexameter
1241 2776 1283 2813 et
1304 2774 1575 2826 pentameter
1595 2769 1673 2810 La-

165 2843 280 2884 tinus
313 2846 587 2896 comparatus
620 2856 713 2883 cum
747 2841 913 2883 Graeco
947 2845 1040 2892 248,
1065 2845 1101 2883 9.
1163 2843 1386 2881 auctorum
1417 2839 1675 2892 optimorum

166 2911 209 2951 in
238 2911 529 2964 temperandis
560 2910 726 2964 legibus
759 2910 981 2965 rythmicis
1013 2909 1168 2962 prioris
1204 2909 1341 2961 partis
1363 2908 1603 2948 hexametri
1626 2920 1676 2947 ac
