1898 3292
692 225 811 250 mmm
831 225 1001 250 TERTIVS,
1514 220 1594 258 227

90 329 157 371 bis
186 328 385 370 Sedulius
416 328 465 383 [1,
498 331 599 379 3073
632 327 679 377 V,
712 327 834 382 302]:

320 419 432 454 debet
456 419 550 453 scire
576 414 722 452 ‘sumus’
749 429 818 462 que
845 417 1027 452 Sabellius
1052 429 1131 453 esse
1157 419 1356 454 fatendum.

319 476 425 520 plura
449 475 528 509 dari
553 486 733 519 saevaque
758 475 882 509 locum
908 475 1098 509 obsidione
1125 476 1252 510 teneri.

90 560 159 598 ter
190 556 404 597 Homerus
436 555 614 596 Latinus
645 555 774 608 idque
813 554 856 595 in
896 554 1139 596 nominibus
1181 557 1385 610 propriis,
1430 557 1597 599 sexiens

91 624 369 673 Claudianus,
402 624 505 665 item
534 623 805 664 Prudentius.
867 622 942 664 sed
973 623 1091 677 piget
1121 624 1205 665 iam
1234 625 1539 679 exemplorum.

205 694 259 733 At
308 691 709 745 hephthemimerim
763 705 857 732 cum
908 691 1208 733 trithemimeri
1265 693 1454 734 iunctam
1507 695 1597 735 sine

90 761 230 801 medio
271 760 475 801 trochaeo
513 764 637 800 caute
679 759 783 800 satis
826 773 1042 813 parceque
1084 764 1349 814 usurparunt
1392 762 1596 812 Catullus,

91 829 256 879 Cicero,
305 828 499 870 Tibullus
537 842 630 869 cum
674 829 779 879 suis,
820 828 1089 881 Propertius,
1129 828 1343 879 Grattius,
1386 830 1596 880 Manilius,

92 897 275 947 Persius,
298 896 544 947 Columella,
566 896 777 947 Lucanus,
800 895 1013 937 Homerus
1036 896 1225 947 Latinus,
1249 902 1400 939 auctor
1423 900 1597 949 Aetnae,

91 965 384 1011 Nemesianus,
417 965 691 1014 Claudianus,
723 964 928 1014 Avienus,
960 964 1232 1011 Prudentius,
1266 966 1490 1017 Ausonius,
1524 966 1597 1009 Se-

91 1033 248 1084 dulius,
292 1033 509 1084 Sidonius,
553 1033 810 1074 Priscianus.
873 1046 894 1073 e
935 1032 1090 1086 quibus
1133 1038 1284 1075 auctor
1327 1036 1490 1076 Aetnae
1532 1039 1599 1076 ter

90 1102 223 1143 habet
253 1116 401 1143 versus
433 1102 510 1152 sic,
543 1106 591 1143 ut
622 1101 749 1143 modo
782 1102 1110 1152 declaratumst,
1153 1101 1395 1154 distinctos,
1435 1104 1598 1144 octiens

91 1170 341 1221 Columella,
386 1170 642 1223 quinquiens
674 1170 938 1220 Priscianus,
971 1170 1137 1211 sexiens
1171 1170 1391 1223 Sedulius3
1433 1176 1479 1213 at
1511 1171 1596 1212 Ho-

90 1253 234 1280 merus
267 1239 445 1280 Latinus
477 1238 649 1280 deciens
681 1242 853 1292 quater,
886 1239 1100 1279 Ausonius
1132 1239 1422 1293 quadragiens
1455 1240 1597 1289 semel,

90 1320 218 1361 porro
265 1306 527 1348 Claudianus
578 1306 866 1360 quadragiens
916 1306 1000 1356 bis,
1055 1307 1255 1348 Manilius
1307 1308 1597 1361 quadragiens

91 1376 264 1416 octiens.
312 1375 420 1417 haec
443 1375 638 1429 exempla
661 1379 913 1429 comparata
935 1389 1030 1416 cum
1054 1375 1126 1425 eis,
1151 1389 1261 1429 quae
1284 1375 1417 1417 solam
1437 1376 1599 1418 habent

90 1444 338 1485 incisionem
369 1444 630 1485 trochaicam
664 1444 855 1493 tertiam,
888 1443 1053 1493 crebra,
1086 1448 1131 1484 at
1162 1444 1196 1485 si
1227 1448 1365 1485 totum
1398 1459 1597 1486 versuum

91 1526 311 1554 numerum
345 1512 644 1563 consideraris,
681 1512 786 1553 satis
816 1511 1107 1565 infrequentia
1136 1526 1228 1554 esse
1258 1517 1452 1567 apparet.
1499 1527 1598 1555 ean-

91 1580 185 1622 dem
219 1594 442 1622 caesuram
476 1595 604 1635 saepe
636 1581 753 1622 haud
782 1580 910 1622 dubie
934 1580 1169 1621 admittunt
1189 1581 1427 1631 Lucretius,
1461 1582 1598 1623 Hora-

91 1650 188 1700 tius,
211 1650 437 1703 Vergilius,
460 1649 754 1700 Germanicus,
778 1649 986 1699 Valerius,
1010 1649 1150 1700 Silius,
1174 1649 1350 1699 Statius,
1374 1650 1598 1700 Iuvenalis,

91 1718 398 1767 Sammonicus,
431 1718 725 1759 Terentianus.
777 1721 920 1758 tamen
953 1722 995 1758 et
1026 1717 1140 1771 apud
1161 1717 1240 1758 hos
1262 1719 1596 1771 frequentiorem

92 1790 260 1828 constat
286 1800 378 1827 esse
408 1786 615 1840 speciem,
657 1800 785 1840 quam
824 1785 959 1827 habes
995 1786 1038 1827 in
1069 1786 1142 1827 illo
1186 1784 1420 1838 ‘infandum
1453 1790 1600 1838 reffl'nu

90 1858 202 1896 iubes
236 1868 437 1896 renovare
475 1852 690 1896 dolorem’.
752 1859 981 1908 praeterea
1023 1854 1197 1908 dignum
1235 1855 1443 1896 memoria
1482 1855 1596 1909 apud

93 1922 327 1976 Vergilium
358 1923 567 1964 rariorem
597 1922 722 1977 longe
753 1924 1001 1964 incisionem
1032 1923 1160 1963 istam
1192 1936 1284 1964 esse
1316 1923 1357 1963 in
1381 1923 1595 1964 Bucolicis

92 1995 134 2032 et
165 1991 386 2045 Georgicis
419 2005 547 2045 quam
577 1992 619 2032 in
644 1991 842 2033 Aeneide.
902 1991 987 2032 iam
1019 1991 1163 2044 quarti
1194 1991 1361 2044 generis
1391 1992 1598 2042 versibus,

90 2063 140 2101 ut
159 2064 266 2114 puta
285 2059 447 2101 talibus
490 2057 708 2101 ‘sternitur
731 2063 1011 2111 exanimisque
1033 2066 1207 2100 tremens
1233 2062 1465 2110 procumbit
1492 2063 1601 2101 humi

91 2125 181 2169 bos’
235 2128 431 2181 plerique
474 2142 631 2182 magna
678 2143 774 2170 cum
816 2128 1014 2169 cautione
1057 2129 1134 2169 usi.
1197 2141 1218 2168 e
1264 2127 1420 2181 quibus
1469 2128 1599 2169 semel

90 2196 224 2237 habet
263 2197 323 2238 sic
366 2196 562 2238 Grattius
606 2195 854 2248 ‘causasque
894 2201 1147 2248 affectusque
1192 2210 1337 2238 canum
1382 2202 1452 2237 tua
1496 2210 1599 2238 cura

92 2262 276 2314 tuerist',
307 2264 439 2306 semel
467 2265 713 2306 Priscianus
746 2265 810 2306 ita
852 2263 937 2306 ‘lu'c
967 2272 1062 2306 sunt
1097 2267 1368 2315 Germanique
1399 2272 1535 2306 truces
1562 2271 1600 2305 et

91 2335 283 2374 Sarmata
313 2330 488 2382 bellax',
520 2332 586 2374 bis
610 2333 807 2384 Avienus,
838 2333 904 2374 bis
927 2333 1138 2384 Sedulius,
1169 2336 1260 2374 tum
1293 2332 1366 2373 alii
1393 2333 1597 2374 modeste.

92 2400 226 2442 multo
257 2401 396 2442 minus
427 2401 592 2455 placuit
622 2402 829 2455 quintum.
891 2415 969 2443 nec
1000 2401 1139 2442 minus
1182 2400 1290 2442 dura
1330 2400 1599 2455 hephthemi-

92 2469 220 2510 meris
249 2483 311 2520 ea,
344 2483 430 2523 qua
459 2473 682 2524 prestante
712 2472 761 2511 ut
790 2483 873 2511 non
904 2473 1003 2523 post
1023 2469 1140 2511 arsin
1163 2469 1406 2521 secundam,
1439 2469 1500 2510 ita
1521 2483 1600 2510 nec

91 2540 190 2590 post
229 2537 481 2579 trochaeum
526 2538 702 2579 tertium
733 2538 990 2579 terminetur
1017 2552 1117 2591 pars
1150 2538 1368 2579 orationis.
1429 2538 1597 2591 qualem

93 2605 166 2658 qui
196 2619 281 2646 non
312 2606 482 2647 omnino
512 2606 776 2657 reiecerunt,
811 2620 895 2659 quo
926 2607 1118 2647 curatius
1146 2620 1343 2660 pressere
1374 2606 1598 2647 meliorum

92 2674 294 2727 vestigia,
340 2687 389 2715 eo
430 2674 594 2715 minore
635 2673 829 2716 habuere
869 2689 960 2715 usu.
1021 2676 1167 2728 itaque
1210 2674 1341 2716 semel
1376 2675 1601 2727 usurpavit

93 2741 305 2784 Homerus
336 2742 526 2793 Latinus,
557 2742 687 2783 semel
719 2741 966 2793 Columella,
999 2743 1129 2784 semel
1161 2742 1374 2792 Sidonius,
1406 2742 1472 2783 bis
1504 2742 1598 2783 Sta-

91 2809 190 2859 tius,
222 2810 390 2851 sexiens
424 2810 618 2851 Valerius
651 2810 842 2852 Flaccus.

208 2877 326 2919 Haec
358 2882 424 2919 est
454 2879 565 2919 ratio
598 2892 873 2919 caesurarum
906 2879 1146 2920 hexametri
1178 2878 1330 2918 Latini.

1261 2945 1325 2978 15*
