1898 3292
882 738 931 779 1.

582 832 1247 886 ARGVMENTVM.

861 943 904 983 L.
937 942 977 983 S.

807 1023 1010 1059 111-vxll.
1034 1007 1040 1011 ’

270 1092 536 1133 Introductio
566 1091 754 1132 Illle.
817 1091 868 1132 de
900 1091 1156 1132 necessitate
1196 1091 1435 1132 studiorum
1477 1092 1661 1144 antiqui-

154 1162 257 1202 tatis
289 1161 482 1202 Graecae
515 1174 565 1201 ac
596 1160 775 1200 Latinae
806 1160 1034 1200 IV-—VIIL
1096 1159 1279 1212 elogium
1312 1160 1428 1200 Dem.
1457 1160 1586 1200 Andr.
1621 1160 1664 1200 F.

155 1229 333 1270 'l'olstoii
365 1228 592 1270 VIII—IX.
653 1228 845 1281 epilogus
876 1227 1089 1269 Ix—XII.

894 1308 913 1348 I

650 1387 1173 1436 PROHOEMIVM.

842 1477 973 1514 1—49.

269 1549 395 1590 Initia
417 1552 460 1589 et
481 1548 601 1601 origo
624 1547 766 1601 operis
788 1550 821 1597 1,
840 1550 876 1587 2.
919 1546 1092 1599 quinam
1116 1560 1164 1587 eo
1186 1548 1430 1587 tractentur
1451 1550 1604 1599 poetae
1628 1550 1664 1586 2.

154 1621 379 1671 poetarum
420 1615 729 1670 dactylicorum
770 1629 902 1668 genus
942 1615 1117 1668 duplex,
1158 1614 1342 1655 alterum
1376 1614 1665 1665 classicorum,

158 1685 339 1726 alterum
384 1684 715 1725 christianorum
756 1687 797 1733 2,
831 1687 866 1724 3.
937 1683 1066 1723 index
1109 1697 1274 1733 eorum,
1322 1682 1394 1735 qui
1439 1682 1504 1723 his
1544 1682 1666 1723 libris

156 1754 339 1795 maxime
372 1753 660 1806 respiciuntur
691 1756 726 1802 3,
750 1756 787 1792 4.
850 1751 1182 1792 christianorum
1209 1750 1378 1791 nomine
1402 1750 1477 1803 qui
1500 1750 1602 1791 dicti
1628 1756 1663 1791 4.

272 1821 509 1863 Eruditio
539 1820 791 1862 scholica
822 1824 1122 1873 poetarum
1153 1823 1401 1860 veterum
1434 1822 1586 1860 4—19.

271 1889 566 1943 Antiquissimi
590 1889 852 1930 Graecorum
877 1893 913 1929 4.
957 1888 1201 1929 Alexandro
1224 1887 1380 1940 Magno
1403 1887 1665 1940 posteriores

157 1965 193 2010 5,
226 1964 262 2001 ss.
307 1958 486 1999 Romani
517 1959 641 1999 6-8.
684 1957 865 2010 collegia
894 1960 1119 2010 poetarum
1152 1960 1189 2006 8,
1223 1961 1258 1998 9.
1321 1955 1596 1996 recitationes
1629 1959 1664 1996 9.

155 2031 380 2081 poetarum
415 2026 880 2079 grammaticorumque
920 2025 1099 2066 invicem
1143 2024 1381 2065 iuvantium
1426 2024 1665 2064 communio

155 2100 198 2138 et
228 2095 447 2137 convictus
488 2098 525 2145 9,
576 2097 636 2135 lo.
699 2093 943 2135 observatio
986 2093 1128 2146 legum
1160 2092 1446 2134 scholicarum
1488 2096 1664 2133 10-12.

156 2163 392 2216 antiquitas
442 2162 577 2204 isdem
615 2162 705 2203 fere
749 2161 904 2215 quibus
941 2176 1017 2202 nos
1056 2160 1301 2215 praeceptis
1340 2160 1664 2213 pangendorum

154 2246 353 2273 versuum
385 2245 464 2272 usa
492 2233 555 2282 12,
585 2236 620 2272 3.
683 2230 898 2284 epiploces
931 2229 1127 2271 doctrina
1161 2232 1223 2270 13.
1287 2229 1664 2282 grammaticorum

158 2300 405 2341 Latinorum
438 2302 672 2352 praecepta
705 2298 756 2339 (le
787 2298 1081 2339 communibus
1114 2297 1289 2351 syllabis
1328 2301 1501 2338 13—15.
1559 2297 1664 2337 utri-

157 2382 291 2421 usque
321 2367 500 2409 rationis
531 2366 671 2408 fontes
707 2370 769 2417 15,
804 2370 839 2408 6.
891 2367 952 2407 rei
982 2366 1187 2407 metricae
1210 2365 1390 2406 Latinae
1423 2364 1662 2418 disciplina,

157 2436 327 2490 qualem
357 2435 565 2477 habemus
596 2435 814 2485 traditam,
846 2434 945 2475 inde
979 2448 1004 2475 a
1036 2433 1208 2475 saeculo
1231 2449 1268 2487 p.
1293 2433 1388 2475 Chr.
1408 2433 1469 2473 III
1491 2436 1666 2486 recepta

156 2505 282 2558 vulgo
318 2508 380 2554 16,
410 2508 445 2544 7.
507 2503 839 2544 christianorum
871 2506 1097 2556 poetarum
1129 2502 1293 2555 placita
1328 2503 1507 2543 17—19.

273 2572 498 2625 Elegantia
546 2575 771 2625 poetarum
812 2571 1025 2625 perversis
1073 2570 1453 2624 grammaticorum
1495 2569 1666 2623 placitis

157 2641 410 2694 plerumque
442 2640 639 2693 superior
675 2644 737 2689 19,
771 2643 835 2681 20.

272 2708 351 2749 Via
382 2707 512 2748 studii
543 2708 678 2748 nostri
711 2711 753 2748 et
784 2706 1017 2748 difficultas
1048 2711 1113 2757 20,
1138 2710 1202 2746 21.

276 2776 345 2816 De
389 2779 678 2829 poetarum
724 2775 1148 2823 nonnullorum,
1206 2774 1295 2827 qui
1352 2774 1452 2814 hoc
1501 2786 1665 2826 opere

158 2847 503 2894 tractantur,
552 2843 739 2884 libris.
810 2843 872 2884 (le
905 2842 1232 2896 fragmentis
1275 2845 1325 2882 et
1363 2841 1663 2894 inscripti-

160 2912 354 2954 onibus
388 2912 637 2965 metricis
670 2913 850 2954 21—43.
