1898 3292
756 247 1032 272 PROHOEMTVM.
1595 239 1618 276 2
1626 240 1648 277 5

146 349 384 391 caminibus
420 350 596 390 formae.
660 349 816 390 Nucem
849 362 1019 402 quoque
1050 349 1092 388 in
1125 363 1173 389 eo
1215 349 1501 402 perscriptam
1544 349 1651 390 haut

145 424 305 460 temere
348 418 664 459 affirmaverim.
725 417 879 458 mirum
916 420 1061 458 tamen
1101 417 1215 470 quod
1255 417 1449 458 versibus
1482 421 1652 458 constat

146 487 391 538 CLXXXII,
424 487 497 540 qui
529 490 717 540 aequant
746 486 939 539 paginas,
971 498 1078 538 quas
1107 499 1320 535 vocamus,
1354 489 1517 539 septem
1539 484 1651 535 libri,

146 556 198 597 de
237 569 320 609 quo
363 555 517 609 agitur.
579 559 729 596 contra
776 553 975 607 Sapphus
1023 553 1206 607 epistula
1256 553 1404 594 defuit.
1473 568 1524 594 ex
1567 568 1652 607 qua

146 638 256 677 quae
308 627 455 665 nostro
508 623 679 665 saeculo
730 622 904 663 inventa
952 625 1051 663 sunt
1096 625 1300 675 excerpta
1340 622 1384 662 in
1431 622 1652 663 codicibus

146 692 312 734 duobus
333 692 539 733 Parisinis
572 705 681 732 saec.
704 691 807 732 XIII
839 691 966 744 (7647
1001 694 1043 731 01
1077 694 1212 732 17903
1245 691 1453 743 numero),
1486 693 1528 731 et
1560 691 1652 743 qui-

146 761 241 802 dem
274 775 323 802 eo
354 761 461 812 loco,
491 760 565 801 ubi
597 773 708 800 nunc
740 759 849 800 solet
877 759 952 799 illa
983 759 1096 812 poni,
1127 759 1209 800 hoc
1243 762 1307 799 est
1337 759 1449 799 inter
1480 759 1578 799 XIV
1611 762 1654 799 et

147 830 259 881 XVI,
292 833 475 883 apparet
506 842 558 869 ex
589 828 674 869 alia
706 828 893 882 quadam
925 827 1159 869 traditione
1181 827 1490 869 amatoriorum
1514 827 1653 868 Ovidii

147 898 381 939 carminum
413 897 555 938 ducta.
1392 946 1395 948 q

263 968 318 1007 At
348 966 540 1008 Gallicus
572 965 643 1006 1110
679 964 789 1006 liber
820 964 1126 1017 redintegratis
1158 963 1427 1017 Carolingico
1458 967 1652 1017 tempore

148 1035 420 1089 antiquitatis
451 1034 604 1076 studiis
641 1047 736 1074 cum
774 1036 817 1074 et
855 1033 947 1086 ipse
986 1032 1252 1086 conquisitus
1295 1036 1359 1074 est
1400 1032 1454 1073 ad
1495 1032 1653 1074 descri-

147 1103 346 1155 bendum,
380 1104 465 1144 iam
497 1102 627 1144 variis
661 1102 888 1143 convulsus
920 1105 1014 1142 erat
1044 1101 1158 1142 fatis.

260 1172 367 1213 Nam
399 1171 710 1212 interciderant
732 1183 784 1211 ex
805 1169 973 1210 Paridis
996 1169 1182 1223 epistula
1203 1183 1265 1210 vv,
1289 1169 1378 1211 CIV
1403 1170 1653 1224 [39—142],

147 1255 276 1295 porro
298 1240 516 1295 Cydippae
538 1238 786 1280 CCXXXVI
819 1239 1066 1293 [iza—248]
1099 1252 1176 1278 nec
1208 1238 1347 1279 minus
1370 1238 1656 1279 Medicamina

147 1309 322 1360 formae,
355 1309 398 1349 in
428 1308 512 1349 fine
542 1308 696 1361 posita.
749 1321 859 1360 quae
892 1310 1048 1348 cuncta
1081 1310 1261 1360 excepto
1291 1307 1480 1347 carmine
1503 1307 1654 1347 ultimo

148 1392 231 1419 non
262 1378 345 1419 iam
381 1380 530 1418 extant
560 1379 735 1430 praeter
768 1379 973 1429 excerpta
1005 1375 1217 1428 quaedam
1250 1375 1331 1416 nisi
1362 1375 1403 1415 111
1436 1375 1656 1416 codicibus

148 1447 495 1499 editionibusque
526 1458 636 1488 saec,
661 1444 736 1485 XV
761 1445 826 1485 vel
848 1444 957 1485 XVI.
1000 1443 1127 1485 huius
1155 1447 1299 1485 autem
1332 1443 1656 1497 antiquissimus

147 1515 257 1557 liber
288 1529 398 1556 saec.
432 1514 492 1555 XI
519 1514 605 1555 sive
637 1513 719 1554 XII
749 1526 842 1554 esse
874 1512 1023 1553 fertur.

292 1583 431 1625 Tanto
463 1582 618 1624 damno
657 1596 752 1623 cum
788 1585 901 1623 esset
941 1580 1121 1622 affectus
1165 1580 1443 1635 archetypus,
1484 1580 1656 1622 saeculo

149 1653 210 1694 IX
243 1652 310 1694 vel
341 1652 379 1692 X
413 1651 654 1705 descriptus
689 1653 754 1691 est
792 1649 902 1691 liber
933 1649 1172 1700 Parisinus,
1216 1663 1341 1702 quein
1375 1650 1554 1702 Regium
1588 1664 1657 1690 vo-

150 1721 263 1762 cavit
284 1720 495 1762 Heinsius.
549 1719 622 1773 qui
643 1719 790 1760 Artem
823 1732 918 1759 cum
941 1717 1157 1759 Remediis
1188 1721 1231 1760 et
1253 1719 1457 1759 Amorum
1489 1718 1657 1759 initium

151 1789 352 1831 continet.

265 1857 430 1898 Deinde
473 1870 576 1898 casu
618 1855 850 1909 nescioquo
895 1855 1051 1906 evenit,
1099 1858 1146 1896 ut
1176 1856 1219 1896 in
1252 1854 1487 1909 archetypo
1518 1855 1583 1896 vel
1615 1855 1657 1895 111

151 1926 388 1979 exemplari
417 1925 516 1966 inde
551 1924 680 1966 ducto
711 1925 917 1965 Amorum
961 1938 1068 1977 opus
1100 1923 1340 1965 traiciendo
1373 1923 1659 1965 collocaretur

150 1998 249 2049 post
270 1994 489 2048 Epistulas
521 1993 607 2034 sive
640 1993 820 2034 servatis
853 1993 982 2033 etiam
1010 1996 1101 2033 tum
1125 1993 1228 2033 Arte
1260 1995 1303 2033 et
1324 1992 1540 2033 Remediis
1571 2006 1657 2042 seu,

152 2063 268 2117 quod
298 2063 476 2117 propius
508 2061 632 2103 abest
662 2075 688 2102 a
717 2061 814 2111 fide,
847 2060 1030 2115 demptis
1061 2064 1194 2114 utque
1215 2061 1312 2102 finis
1334 2062 1539 2102 Amorum
1561 2075 1657 2101 cum

149 2132 273 2173 initio
296 2130 587 2185 Epistularum
621 2133 907 2171 evanesceret.
958 2133 1048 2170 tum
1080 2129 1147 2171 vel
1175 2143 1287 2171 nono
1320 2129 1540 2170 decimove
1568 2143 1660 2171 sae-

152 2201 261 2249 culo,
292 2203 342 2241 ut
371 2200 536 2253 placuit
567 2199 704 2240 Keilio
736 2198 807 2253 [cf.
840 2197 974 2251 praef.
998 2197 1116 2239 Ovid.
1150 2197 1406 2239 Merkeliani
1436 2211 1503 2251 pg.
1526 2198 1587 2238 III
1618 2201 1660 2239 et

151 2268 240 2322 V1]‚
272 2268 338 2309 vel
369 2267 441 2319 XI,
474 2270 523 2308 ut
553 2267 771 2321 plerisque
802 2267 889 2307 iam
921 2266 1090 2307 videtur
1122 2267 1191 2321 [cf.
1223 2266 1397 2308 Heroid.
1427 2266 1659 2307 011801101-

151 2336 371 2377 maierian.
401 2349 469 2390 pg.
501 2336 615 2390 XV],
655 2335 801 2376 codice
838 2335 941 2376 item
973 2335 1191 2386 Parisino,
1230 2349 1357 2388 quem
1394 2335 1658 2376 Puteaneum

152 2408 414 2458 nuncupant,
445 2405 676 2459 propagati
707 2408 806 2446 sunt
838 2405 1041 2445 Amorum
1072 2403 1172 2444 libri
1205 2417 1300 2444 cum
1333 2403 1552 2457 Epistulis.

268 2472 403 2513 Porro
440 2473 555 2526 quod
600 2472 815 2514 dubitavit
860 2472 1092 2514 Merkelius
1125 2472 1211 2526 [pg.
1243 2472 1341 2526 III],
1381 2475 1525 2512 utrum
1572 2475 1660 2512 tres

153 2541 351 2582 sublatae
382 2541 468 2582 sint
497 2542 683 2595 paginae
713 2541 826 2582 inter
858 2541 1259 2594 quinquagesimam
1281 2543 1479 2593 quartam
1502 2543 1545 2580 et
1566 2554 1660 2593 sep-

152 2610 301 2651 timam
341 2624 396 2651 an
433 2614 580 2664 partes
621 2610 816 2651 diversae
860 2609 1035 2650 maioris
1076 2609 1217 2662 operis
1257 2622 1361 2649 casu
1395 2608 1659 2657 coniunctae,

154 2692 249 2719 cum
291 2678 447 2719 lacuna
484 2678 560 2719 illa
598 2678 744 2719 hausti
784 2678 868 2719 sint
908 2691 1055 2718 versus
1095 2676 1378 2731 epistularum
1410 2675 1578 2716 Acontii
1619 2679 1662 2716 et

154 2746 372 2800 Cydippae
393 2746 585 2787 LXXIX.
620 2748 823 2787 Amorum
845 2745 1074 2795 LXXXIV,
1101 2748 1202 2799 post
1224 2744 1450 2798 epistulam
1472 2744 1660 2797 priorem

155 2817 198 2855 et
228 2814 351 2855 initio
374 2815 577 2855 Amorum
599 2814 723 2865 terni,
754 2814 826 2867 qui
858 2813 995 2855 titulis
1027 2813 1266 2854 scribendis
1298 2816 1422 2853 erant
1444 2812 1660 2863 destinati,

155 2882 309 2934 singuli
337 2882 463 2923 titulo
496 2882 818 2935 epigrammatis
850 2882 1070 2923 amoribus
1101 2881 1339 2935 praemissi,
1372 2880 1445 2933 qui
1477 2884 1596 2921 extat
1617 2880 1660 2920 in

156 2950 303 3005 Regio,
335 2954 377 2992 et
407 2951 530 2991 initio
563 2950 776 2991 secundae
799 2951 1004 2991 Amorum
1033 2950 1195 3003 elegiae
1228 2948 1298 3004 [cf.
1320 2948 1452 2990 Merk.
1476 2948 1660 3003 pg.111]‚
