1898 3292
272 241 353 279 442
880 251 999 275 LIBER
1018 251 1173 276 SEXTVS.

272 351 386 405 quod
418 366 469 391 ne
500 351 721 392 christiani
745 352 916 405 quidem
940 353 1206 395 admiserunt
1228 354 1306 395 11151
1331 354 1497 395 duabus
1520 352 1777 406 exceptioni-

270 420 362 470 bus,
392 434 502 473 quae
533 423 747 473 ponentur
773 421 896 461 infra.

385 487 558 528 Scilicet
598 492 801 529 accentus
841 489 1000 530 nullam
1039 490 1170 531 fuisse
1203 490 1453 531 facultatem
1486 489 1540 530 ad
1572 489 1779 544 syllabam

270 556 571 610 porrigendam
614 556 679 596 vel
720 570 771 597 ea
813 571 858 598 re
901 557 1242 608 demonstratur,
1287 558 1400 611 quod
1440 558 1522 598 hoc
1554 558 1781 610 insignitae

269 624 484 666 interdum
507 628 607 665 sunt
629 628 866 679 correptae,
899 625 1015 666 velut
1036 626 1078 666 in
1100 626 1183 667 illis
1216 629 1498 675 cantaverimus,
1533 630 1781 671 (mutaveritis,

270 694 482 744 siquidem,
526 696 866 744 (lecandbquidenz,
908 696 1075 743 utinam,
1119 699 1274 745 utique,
1316 694 1516 748 quodque
1558 708 1641 735 non
1684 708 1780 747 pro-

272 762 470 812 hibitum,
503 761 708 815 insignita
739 776 788 803 eo
811 762 971 804 vocalis
1003 764 1105 816 quin
1137 763 1365 814 eiceretur,
1396 763 1511 816 quod
1541 762 1659 803 vides
1690 762 1782 803 fieri

270 831 312 871 iu
345 834 563 879 annuerem,
596 837 730 879 fraere,
765 835 894 879 (luxti,
927 831 1149 873 similibus.

385 899 545 940 Contra
582 913 666 939 non
705 902 849 952 potest
890 899 1081 941 dubitari
1126 900 1305 941 absente
1352 903 1534 940 accentu
1580 903 1697 940 certe
1741 899 1783 939 in

271 966 472 1008 finalibus
510 968 544 1007 si
584 981 667 1007 11011
708 967 924 1016 effectam,
973 972 1089 1009 certe
1131 968 1321 1008 adiutam
1368 967 1699 1020 correptionem,
1740 967 1783 1008 id

273 1035 385 1088 quod
426 1035 660 1089 superioris
702 1035 800 1077 libri
846 1035 1043 1089 plurimis
1091 1035 1417 1090 comprobatum
1464 1035 1681 1089 exemplis.
1742 1039 1786 1076 et

272 1104 383 1144 hanc
414 1104 633 1145 licentiam
673 1104 775 1157 quin
817 1104 946 1145 etiam
988 1104 1043 1145 ad
1086 1118 1158 1145 eas
1200 1104 1428 1145 verborum
1471 1107 1634 1157 partes,
1674 1118 1784 1157 quae

271 1172 538 1226 praecedunt
559 1171 750 1213 vocalem
780 1176 961 1214 accentu
997 1173 1255 1227 praeditam,
1290 1172 1536 1214 traduxisse
1558 1171 1785 1213 videantur

274 1240 498 1282 christiani
530 1254 613 1281 11011
642 1240 874 1282 intercedo.

387 1315 470 1356 Sed
503 1329 555 1356 ne
588 1314 702 1368 apud
735 1315 812 1356 hos
841 1315 1013 1368 quidem
1037 1315 1090 1356 ad
1114 1315 1434 1368 producendam
1456 1314 1629 1355 brevem
1653 1314 1787 1356 valuit

273 1387 476 1424 accentus
507 1384 588 1424 nisi
621 1383 870 1425 condicione
900 1383 1073 1437 duplici,
1105 1384 1288 1437 primum
1319 1383 1456 1433 ineis,
1487 1397 1597 1435 quae
1618 1397 1701 1424 11011
1734 1397 1785 1424 ex

273 1451 387 1505 vulgi
429 1466 521 1502 usu,
564 1452 639 1493 sed
680 1451 935 1493 ratiunculis
981 1452 1361 1505 grammaticorum
1393 1451 1605 1492 haberent
1635 1465 1785 1492 accen-

272 1524 375 1572 tum,
409 1520 481 1561 ubi
516 1534 600 1562 non
632 1520 852 1570 deberent,
882 1520 1036 1561 deinde
1068 1520 1284 1561 interdum
1313 1520 1356 1561 111
1388 1519 1578 1561 Graecis.
1720 1510 1723 1514 Α

390 1595 533 1636 Veluti
577 1609 671 1636 01101
717 1595 987 1648 grammatici
1033 1594 1227 1648 quidam,
1278 1594 1343 1635 vel
1385 1593 1610 1646 analogiae
1655 1607 1786 1635 causa

272 1663 339 1704 vel
371 1666 418 1704 ut
449 1663 763 1716 distinguerent
793 1663 950 1705 similia
992 1664 1078 1705 sive
1122 1663 1317 1717 exemplo
1359 1662 1476 1704 ducti
1508 1662 1785 1712 Graecorum,

274 1731 554 1772 adfirmarent
586 1732 628 1772 in
661 1736 816 1783 affatim
850 1732 1087 1773 acuendam
1120 1731 1364 1781 secundam,
1396 1738 1444 1772 ut
1473 1731 1516 1771 in
1549 1731 1786 1784 composito

273 1800 403 1853 (sicut
433 1799 505 1840 alii
537 1801 874 1854 prommtiarunt
906 1805 1009 1842 adeo
1041 1800 1292 1841 adverbium
1325 1798 1467 1840 media
1489 1800 1647 1853 acuta),
1681 1799 1783 1840 item

272 1868 315 1908 in
357 1871 491 1910 Valeri
533 1882 584 1909 ac
623 1868 851 1920 similibus,
893 1869 979 1910 sive
1022 1869 1243 1922 genetivus
1283 1868 1318 1909 is
1351 1871 1464 1909 esset
1498 1867 1585 1908 sive
1625 1866 1782 1908 vocati-

273 1951 367 1986 vus,
404 1937 446 1977 111
480 1941 690 1989 almaque,
724 1944 910 1989 ucraque,
946 1942 1085 1978 eadem
1115 1937 1314 1990 aliisque,
1349 1949 1459 1989 quae
1492 1934 1787 1989 monosyllaba

273 2005 490 2058 particula
517 2006 761 2057 finirentur,
794 2006 846 2047 de
878 2020 964 2059 qua
995 2019 1041 2046 re
1071 2005 1217 2046 dixere
1257 2004 1400 2055 multi,
1444 2007 1492 2045 ut
1524 2003 1686 2045 Gellius
1718 2003 1785 2053 VI,

276 2077 321 2124 73
352 2073 467 2125 XIII,
501 2077 575 2126 263
609 2075 800 2116 Diomed.
834 2088 900 2128 pg.
924 2078 1028 2126 4283
1061 2074 1178 2115 Serv.
1210 2073 1253 2114 111
1285 2086 1377 2114 aen.
1409 2072 1439 2122 I,
1476 2075 1568 2121 116,
1601 2085 1684 2112 non
1717 2071 1786 2112 de·

274 2141 406 2183 fuisse
436 2142 659 2193 videntur,
701 2157 753 2184 ne
785 2143 1090 2184 florentissima
1122 2141 1294 2196 quidem
1327 2144 1472 2182 aetate
1502 2140 1674 2193 linguae
1707 2139 1787 2180 La-

274 2210 410 2260 tinae,
455 2210 534 2252 has
577 2212 649 2264 qui
690 2211 1010 2265 pronuntiando
1050 2213 1298 2264 repeterent
1337 2209 1542 2262 argutias.
1599 2208 1674 2249 sed
1706 2207 1787 2261 syl-

273 2277 396 2319 labas
427 2293 655 2332 perperam
688 2282 839 2320 acutas
871 2280 944 2333 qui
966 2279 1262 2337 ¹producerent
1292 2281 1566 2330 veteremque
1599 2290 1787 2317 errorem

275 2352 565 2400 aggravarent
604 2361 726 2398 novo,
766 2348 894 2401 primi
942 2347 1123 2388 extitere
1160 2346 1393 2388 christiani.
1454 2345 1560 2386 libet
1592 2344 1788 2398 exempla

276 2429 505 2468 apponere.
566 2416 714 2469 itaque
747 2417 905 2457 Arator
937 2416 992 2470 [a.
1024 2429 1091 2469 ap.
1123 2415 1174 2466 II,
1208 2415 1331 2469 326]:

551 2496 716 2540 suppetit
741 2495 893 2529 adfatim
918 2495 1172 2540 exemplorum
1199 2494 1315 2539 copia,
1342 2505 1501 2538 nosque,

275 2569 475 2612 Sidonius
507 2570 677 2624 [paneg.
710 2571 783 2611 Av.
820 2571 939 2624 104]:

551 2661 644 2693 quae
669 2650 853 2693 quondam
880 2650 1006 2694 regina
1031 2649 1092 2683 fui.
1143 2649 1375 2693 Capreasque
1400 2647 1546 2690 Tiberi;

277 2727 322 2764 at
352 2723 465 2764 idem
494 2723 598 2765 alibi
630 2724 745 2778 [pan.
778 2723 877 2764 Mai.
911 2724 1031 2778 321]:

552 2807 638 2847 post
663 2803 823 2847 Capreas
848 2802 982 2837 Tiberi.

277 2891 328 2918 ac
359 2891 506 2918 rursus
542 2876 684 2932 [115]:

551 2962 726 3001 Eucherii
751 2962 930 2997 venientis
955 2963 1035 3005 iter,
1062 2962 1250 2996 redeuntis
1275 2961 1407 2996 Hilari.
