<?xml version="1.0" encoding="UTF-8"?>
<!DOCTYPE html PUBLIC "-//W3C//DTD XHTML 1.0 Transitional//EN"
    "http://www.w3.org/TR/xhtml1/DTD/xhtml1-transitional.dtd">
<html xmlns="http://www.w3.org/1999/xhtml" xml:lang="en" lang="en">
 <head>
  <title>
</title>
<meta http-equiv="Content-Type" content="text/html;charset=utf-8" />
  <meta name='ocr-system' content='tesseract 3.04.00' />
  <meta name='ocr-capabilities' content='ocr_page ocr_carea ocr_par ocr_line ocrx_word'/>
</head>
<body>
  <div class='ocr_page' id='page_1' title='image "./deremetricapoeta00mluoft_0520.png"; bbox 0 0 1898 3292; ppageno 0'>
   <div class='ocr_carea' id='block_1_1' title="bbox 251 224 1174 262">
    <p class='ocr_par' dir='ltr' id='par_1_1' title="bbox 251 224 1174 262">
     <span class='ocr_line' id='line_1_1' title="bbox 251 224 1174 262; baseline -0.008 0"><span class='ocrx_word' id='word_1_1' title='bbox 251 224 333 262; x_wconf 81' lang='lat'>496</span> <span class='ocrx_word' id='word_1_2' title='bbox 837 232 956 256; x_wconf 76' lang='lat' dir='ltr'>LIBER</span> <span class='ocrx_word' id='word_1_3' title='bbox 975 230 1174 256; x_wconf 71' lang='lat' dir='ltr'>sEPTIMVS.</span> 
     </span>
    </p>
   </div>
   <div class='ocr_carea' id='block_1_2' title="bbox 243 332 1801 2986">
    <p class='ocr_par' dir='ltr' id='par_1_2' title="bbox 243 332 1759 1349">
     <span class='ocr_line' id='line_1_2' title="bbox 251 332 1756 388; baseline 0.001 -15"><span class='ocrx_word' id='word_1_4' title='bbox 251 335 316 387; x_wconf 86' lang='lat' dir='ltr'>(ut</span> <span class='ocrx_word' id='word_1_5' title='bbox 353 337 532 384; x_wconf 54' lang='lat' dir='ltr'>pelamis</span> <span class='ocrx_word' id='word_1_6' title='bbox 573 333 771 388; x_wconf 88' lang='lat' dir='ltr'>dicitur),</span> <span class='ocrx_word' id='word_1_7' title='bbox 819 334 933 387; x_wconf 87' lang='lat' dir='ltr'>quod</span> <span class='ocrx_word' id='word_1_8' title='bbox 974 333 1135 375; x_wconf 79' lang='lat' dir='ltr'>Naevio</span> <span class='ocrx_word' id='word_1_9' title='bbox 1177 333 1345 375; x_wconf 88' lang='lat' dir='ltr'>restitui</span> <span class='ocrx_word' id='word_1_10' title='bbox 1388 332 1513 373; x_wconf 90' lang='lat' dir='ltr'>Nonii</span> <span class='ocrx_word' id='word_1_11' title='bbox 1556 336 1649 379; x_wconf 88' lang='grc'>213,</span> <span class='ocrx_word' id='word_1_12' title='bbox 1694 338 1756 374; x_wconf 91' lang='grc'>11.</span> 
     </span>
     <span class='ocr_line' id='line_1_3' title="bbox 248 401 1758 456; baseline 0.001 -15"><span class='ocrx_word' id='word_1_13' title='bbox 248 401 355 442; x_wconf 84' lang='grc'>11111(1</span> <span class='ocrx_word' id='word_1_14' title='bbox 386 405 538 452; x_wconf 69' lang='lat' dir='ltr'>panyll</span> <span class='ocrx_word' id='word_1_15' title='bbox 567 402 736 443; x_wconf 85' lang='lat' dir='ltr'>videtur</span> <span class='ocrx_word' id='word_1_16' title='bbox 767 406 1029 456; x_wconf 86' lang='lat' dir='ltr'>corruptum.</span> <span class='ocrx_word' id='word_1_17' title='bbox 1091 402 1241 443; x_wconf 77' lang='lat' dir='ltr'>eadem</span> <span class='ocrx_word' id='word_1_18' title='bbox 1281 416 1376 443; x_wconf 89' lang='lat' dir='ltr'>cum</span> <span class='ocrx_word' id='word_1_19' title='bbox 1415 401 1531 455; x_wconf 88' lang='lat' dir='ltr'>apud</span> <span class='ocrx_word' id='word_1_20' title='bbox 1574 402 1758 455; x_wconf 86' lang='lat' dir='ltr'>optimos</span> 
     </span>
     <span class='ocr_line' id='line_1_4' title="bbox 250 470 1757 525; baseline 0.001 -15"><span class='ocrx_word' id='word_1_21' title='bbox 250 473 449 511; x_wconf 75' lang='lat' dir='ltr'>auctores</span> <span class='ocrx_word' id='word_1_22' title='bbox 499 474 675 524; x_wconf 85' lang='lat' dir='ltr'>praeter</span> <span class='ocrx_word' id='word_1_23' title='bbox 705 470 1033 525; x_wconf 58' lang='lat' dir='ltr'>{nominativum</span> <span class='ocrx_word' id='word_1_24' title='bbox 1086 475 1128 512; x_wconf 94' lang='lat' dir='ltr'>et</span> <span class='ocrx_word' id='word_1_25' title='bbox 1183 470 1475 512; x_wconf 75' lang='lat' dir='ltr'>accusativum</span> <span class='ocrx_word' id='word_1_26' title='bbox 1527 470 1757 523; x_wconf 84' lang='lat' dir='ltr'>singularis</span> 
     </span>
     <span class='ocr_line' id='line_1_5' title="bbox 249 538 1757 593; baseline 0.001 -15"><span class='ocrx_word' id='word_1_27' title='bbox 249 539 416 579; x_wconf 88' lang='lat' dir='ltr'>numeri</span> <span class='ocrx_word' id='word_1_28' title='bbox 456 552 541 580; x_wconf 89' lang='lat' dir='ltr'>non</span> <span class='ocrx_word' id='word_1_29' title='bbox 584 539 774 580; x_wconf 89' lang='lat' dir='ltr'>habeant</span> <span class='ocrx_word' id='word_1_30' title='bbox 815 539 896 580; x_wconf 91' lang='lat' dir='ltr'>nisi</span> <span class='ocrx_word' id='word_1_31' title='bbox 926 538 1105 593; x_wconf 88' lang='lat' dir='ltr'>pluralis</span> <span class='ocrx_word' id='word_1_32' title='bbox 1140 553 1264 580; x_wconf 90' lang='lat' dir='ltr'>casus</span> <span class='ocrx_word' id='word_1_33' title='bbox 1297 539 1467 580; x_wconf 91' lang='lat' dir='ltr'>eosdem</span> <span class='ocrx_word' id='word_1_34' title='bbox 1501 542 1757 589; x_wconf 87' lang='lat' dir='ltr'>contractos,</span> 
     </span>
     <span class='ocr_line' id='line_1_6' title="bbox 250 606 1757 663; baseline 0 -16"><span class='ocrx_word' id='word_1_35' title='bbox 250 606 361 647; x_wconf 89' lang='lat' dir='ltr'>sicut</span> <span class='ocrx_word' id='word_1_36' title='bbox 400 606 626 649; x_wconf 87' lang='lat' dir='ltr'>Lucretius</span> <span class='ocrx_word' id='word_1_37' title='bbox 662 612 814 659; x_wconf 63' lang='lat' dir='ltr'>pelagse</span> <span class='ocrx_word' id='word_1_38' title='bbox 855 607 964 648; x_wconf 83' lang='lat' dir='ltr'>dixit</span> <span class='ocrx_word' id='word_1_39' title='bbox 1010 607 1099 663; x_wconf 87' lang='lat' dir='ltr'>[VI,</span> <span class='ocrx_word' id='word_1_40' title='bbox 1133 611 1232 659; x_wconf 73' lang='lat'>(5193</span> <span class='ocrx_word' id='word_1_41' title='bbox 1277 608 1327 648; x_wconf 86' lang='lat' dir='ltr'>cf.</span> <span class='ocrx_word' id='word_1_42' title='bbox 1361 612 1403 648; x_wconf 91' lang='lat' dir='ltr'>et</span> <span class='ocrx_word' id='word_1_43' title='bbox 1433 607 1480 657; x_wconf 85' lang='lat' dir='ltr'>V,</span> <span class='ocrx_word' id='word_1_44' title='bbox 1517 607 1609 661; x_wconf 87' lang='grc'>35],</span> <span class='ocrx_word' id='word_1_45' title='bbox 1655 608 1757 648; x_wconf 87' lang='lat' dir='ltr'>item</span> 
     </span>
     <span class='ocr_line' id='line_1_7' title="bbox 250 674 1757 730; baseline 0 -15"><span class='ocrx_word' id='word_1_46' title='bbox 250 674 443 716; x_wconf 81' lang='lat' dir='ltr'>Catullus</span> <span class='ocrx_word' id='word_1_47' title='bbox 488 677 571 730; x_wconf 82' lang='grc'>[63,</span> <span class='ocrx_word' id='word_1_48' title='bbox 608 679 670 727; x_wconf 90' lang='grc'>16,</span> <span class='ocrx_word' id='word_1_49' title='bbox 702 676 776 717; x_wconf 89' lang='lat' dir='ltr'>ubi</span> <span class='ocrx_word' id='word_1_50' title='bbox 804 676 903 717; x_wconf 86' lang='lat' dir='ltr'>libri</span> <span class='ocrx_word' id='word_1_51' title='bbox 937 676 1121 730; x_wconf 44' lang='lat' dir='ltr'>pelam]</span> <span class='ocrx_word' id='word_1_52' title='bbox 1163 675 1285 717; x_wconf 85' lang='lat' dir='ltr'>Maro</span> <span class='ocrx_word' id='word_1_53' title='bbox 1318 683 1416 723; x_wconf 74' lang='lat' dir='ltr'>cete,</span> <span class='ocrx_word' id='word_1_54' title='bbox 1456 675 1580 716; x_wconf 88' lang='lat' dir='ltr'>multi</span> <span class='ocrx_word' id='word_1_55' title='bbox 1617 683 1757 726; x_wconf 72' lang='lat' dir='ltr'>tempe,</span> 
     </span>
     <span class='ocr_line' id='line_1_8' title="bbox 248 745 1757 799; baseline 0.001 -15"><span class='ocrx_word' id='word_1_56' title='bbox 248 747 477 797; x_wconf 87' lang='lat' dir='ltr'>praeterea</span> <span class='ocrx_word' id='word_1_57' title='bbox 519 745 769 798; x_wconf 81' lang='lat' dir='ltr'>Propertius</span> <span class='ocrx_word' id='word_1_58' title='bbox 816 745 913 799; x_wconf 80' lang='lat' dir='ltr'>[IIL</span> <span class='ocrx_word' id='word_1_59' title='bbox 948 748 1013 795; x_wconf 87' lang='lat'>32,</span> <span class='ocrx_word' id='word_1_60' title='bbox 1044 745 1136 798; x_wconf 82' lang='lat'>29],</span> <span class='ocrx_word' id='word_1_61' title='bbox 1181 745 1214 785; x_wconf 89' lang='lat' dir='ltr'>si</span> <span class='ocrx_word' id='word_1_62' title='bbox 1258 748 1374 786; x_wconf 89' lang='lat' dir='ltr'>recte</span> <span class='ocrx_word' id='word_1_63' title='bbox 1412 745 1757 794; x_wconf 85' lang='lat' dir='ltr'>coniectavimus,</span> 
     </span>
     <span class='ocr_line' id='line_1_9' title="bbox 250 812 1757 869; baseline 0.001 -17"><span class='ocrx_word' id='word_1_64' title='bbox 250 826 335 862; x_wconf 74' lang='lat' dir='ltr'>epe.</span> <span class='ocrx_word' id='word_1_65' title='bbox 395 817 546 854; x_wconf 86' lang='lat' dir='ltr'>contra</span> <span class='ocrx_word' id='word_1_66' title='bbox 586 817 755 854; x_wconf 88' lang='lat' dir='ltr'>constat</span> <span class='ocrx_word' id='word_1_67' title='bbox 795 813 1100 854; x_wconf 80' lang='lat' dir='ltr'>Terentianum</span> <span class='ocrx_word' id='word_1_68' title='bbox 1143 813 1365 866; x_wconf 76' lang='lat' dir='ltr'>scripsisse</span> <span class='ocrx_word' id='word_1_69' title='bbox 1409 812 1553 869; x_wconf 84' lang='lat'>[1922]</span> <span class='ocrx_word' id='word_1_70' title='bbox 1598 817 1757 859; x_wconf 60' lang='lat' dir='ltr'>melem,</span> 
     </span>
     <span class='ocr_line' id='line_1_10' title="bbox 248 880 1759 938; baseline 0.001 -17"><span class='ocrx_word' id='word_1_71' title='bbox 248 881 483 923; x_wconf 89' lang='lat' dir='ltr'>Ausonium</span> <span class='ocrx_word' id='word_1_72' title='bbox 529 880 636 937; x_wconf 86' lang='lat' dir='ltr'>[par.</span> <span class='ocrx_word' id='word_1_73' title='bbox 668 885 734 932; x_wconf 89' lang='lat'>27,</span> <span class='ocrx_word' id='word_1_74' title='bbox 767 881 806 938; x_wconf 93' lang='lat'>2]</span> <span class='ocrx_word' id='word_1_75' title='bbox 845 886 985 931; x_wconf 74' lang='lat' dir='ltr'>melea,</span> <span class='ocrx_word' id='word_1_76' title='bbox 1026 881 1279 923; x_wconf 89' lang='lat' dir='ltr'>Pentadium</span> <span class='ocrx_word' id='word_1_77' title='bbox 1322 882 1447 936; x_wconf 81' lang='lat' dir='ltr'>[Mey.</span> <span class='ocrx_word' id='word_1_78' title='bbox 1480 885 1574 931; x_wconf 88' lang='grc'>252,</span> <span class='ocrx_word' id='word_1_79' title='bbox 1610 881 1675 937; x_wconf 91' lang='grc'>12]</span> <span class='ocrx_word' id='word_1_80' title='bbox 1717 885 1759 922; x_wconf 91' lang='lat' dir='ltr'>et</span> 
     </span>
     <span class='ocr_line' id='line_1_11' title="bbox 249 950 1757 1005; baseline 0.001 -16"><span class='ocrx_word' id='word_1_81' title='bbox 249 953 469 991; x_wconf 84' lang='lat' dir='ltr'>auctorem</span> <span class='ocrx_word' id='word_1_82' title='bbox 503 950 708 992; x_wconf 90' lang='lat' dir='ltr'>Ponticon</span> <span class='ocrx_word' id='word_1_83' title='bbox 742 950 867 1005; x_wconf 81' lang='lat' dir='ltr'>[Mey.</span> <span class='ocrx_word' id='word_1_84' title='bbox 900 953 994 1001; x_wconf 87' lang='lat'>234,</span> <span class='ocrx_word' id='word_1_85' title='bbox 1027 951 1098 1004; x_wconf 87' lang='lat'>22]</span> <span class='ocrx_word' id='word_1_86' title='bbox 1133 958 1306 1001; x_wconf 60' lang='lat' dir='ltr'>lemma,</span> <span class='ocrx_word' id='word_1_87' title='bbox 1340 964 1425 1003; x_wconf 87' lang='lat' dir='ltr'>qua</span> <span class='ocrx_word' id='word_1_88' title='bbox 1456 950 1596 991; x_wconf 85' lang='lat' dir='ltr'>forma</span> <span class='ocrx_word' id='word_1_89' title='bbox 1628 950 1757 991; x_wconf 88' lang='lat' dir='ltr'>etiam</span> 
     </span>
     <span class='ocr_line' id='line_1_12' title="bbox 249 1018 1757 1075; baseline 0 -16"><span class='ocrx_word' id='word_1_90' title='bbox 249 1018 466 1060; x_wconf 87' lang='lat' dir='ltr'>Valerium</span> <span class='ocrx_word' id='word_1_91' title='bbox 498 1023 602 1072; x_wconf 84' lang='lat' dir='ltr'>puto</span> <span class='ocrx_word' id='word_1_92' title='bbox 645 1033 768 1060; x_wconf 89' lang='lat' dir='ltr'>usum</span> <span class='ocrx_word' id='word_1_93' title='bbox 810 1019 853 1059; x_wconf 87' lang='lat' dir='ltr'>in</span> <span class='ocrx_word' id='word_1_94' title='bbox 894 1019 920 1060; x_wconf 94' lang='lat' dir='ltr'>l.</span> <span class='ocrx_word' id='word_1_95' title='bbox 954 1019 1052 1060; x_wconf 88' lang='lat' dir='ltr'>VIII</span> <span class='ocrx_word' id='word_1_96' title='bbox 1096 1018 1210 1075; x_wconf 88' lang='grc'>[162]</span> <span class='ocrx_word' id='word_1_97' title='bbox 1255 1020 1338 1060; x_wconf 87' lang='lat' dir='ltr'>ita:</span> <span class='ocrx_word' id='word_1_98' title='bbox 1383 1018 1513 1069; x_wconf 74' lang='lat' dir='ltr'><em>‘quod</em></span> <span class='ocrx_word' id='word_1_99' title='bbox 1543 1023 1679 1059; x_wconf 76' lang='lat' dir='ltr'>nullae</span> <span class='ocrx_word' id='word_1_100' title='bbox 1708 1027 1757 1067; x_wconf 72' lang='lat' dir='ltr'>le,</span> 
     </span>
     <span class='ocr_line' id='line_1_13' title="bbox 248 1087 1758 1141; baseline 0 -14"><span class='ocrx_word' id='word_1_101' title='bbox 248 1094 360 1133; x_wconf 78' lang='lat' dir='ltr'>nata,</span> <span class='ocrx_word' id='word_1_102' title='bbox 393 1091 534 1138; x_wconf 64' lang='lat' dir='ltr'>dapes,</span> <span class='ocrx_word' id='word_1_103' title='bbox 566 1103 644 1128; x_wconf 77' lang='lat' dir='ltr'>mm</span> <span class='ocrx_word' id='word_1_104' title='bbox 676 1092 762 1129; x_wconf 79' lang='lat' dir='ltr'>ulla</span> <span class='ocrx_word' id='word_1_105' title='bbox 793 1090 985 1129; x_wconf 71' lang='lat' dir='ltr'>lavabam</span> <span class='ocrx_word' id='word_1_106' title='bbox 1015 1095 1184 1138; x_wconf 62' lang='lat' dir='ltr'>semma,</span> <span class='ocrx_word' id='word_1_107' title='bbox 1228 1087 1301 1129; x_wconf 89' lang='lat' dir='ltr'>ubi</span> <span class='ocrx_word' id='word_1_108' title='bbox 1332 1087 1458 1141; x_wconf 80' lang='lat' dir='ltr'>vulgo</span> <span class='ocrx_word' id='word_1_109' title='bbox 1496 1088 1633 1129; x_wconf 85' lang='lat' dir='ltr'>fertur</span> <span class='ocrx_word' id='word_1_110' title='bbox 1666 1096 1758 1128; x_wconf 76' lang='lat' dir='ltr'>lem-</span> 
     </span>
     <span class='ocr_line' id='line_1_14' title="bbox 243 1156 1758 1212; baseline 0 -16"><span class='ocrx_word' id='word_1_111' title='bbox 243 1170 364 1205; x_wconf 75' lang='lat' dir='ltr'>pora.</span> <span class='ocrx_word' id='word_1_112' title='bbox 417 1157 478 1197; x_wconf 91' lang='lat' dir='ltr'>sic</span> <span class='ocrx_word' id='word_1_113' title='bbox 501 1156 776 1198; x_wconf 87' lang='lat' dir='ltr'>scribendum</span> <span class='ocrx_word' id='word_1_114' title='bbox 797 1157 854 1198; x_wconf 90' lang='lat' dir='ltr'>IV</span> <span class='ocrx_word' id='word_1_115' title='bbox 878 1156 1068 1198; x_wconf 90' lang='lat' dir='ltr'>eiusdem</span> <span class='ocrx_word' id='word_1_116' title='bbox 1096 1156 1212 1212; x_wconf 88' lang='grc'>[364]</span> <span class='ocrx_word' id='word_1_117' title='bbox 1246 1160 1439 1197; x_wconf 71' lang='lat' dir='ltr'>tenuisset</span> <span class='ocrx_word' id='word_1_118' title='bbox 1476 1157 1514 1198; x_wconf 92' lang='lat' dir='ltr'>h.</span> <span class='ocrx_word' id='word_1_119' title='bbox 1534 1171 1568 1197; x_wconf 88' lang='lat' dir='ltr'>e.</span> <span class='ocrx_word' id='word_1_120' title='bbox 1602 1160 1758 1206; x_wconf 68' lang='lat' dir='ltr'>optinu-</span> 
     </span>
     <span class='ocr_line' id='line_1_15' title="bbox 248 1225 1460 1279; baseline 0.002 -15"><span class='ocrx_word' id='word_1_121' title='bbox 248 1228 345 1265; x_wconf 73' lang='lat' dir='ltr'>isset</span> <span class='ocrx_word' id='word_1_122' title='bbox 376 1238 454 1278; x_wconf 90' lang='lat' dir='ltr'>pro</span> <span class='ocrx_word' id='word_1_123' title='bbox 487 1239 536 1266; x_wconf 89' lang='lat' dir='ltr'>eo</span> <span class='ocrx_word' id='word_1_124' title='bbox 567 1225 683 1279; x_wconf 88' lang='lat' dir='ltr'>quod</span> <span class='ocrx_word' id='word_1_125' title='bbox 715 1225 954 1279; x_wconf 86' lang='lat' dir='ltr'>antiquitus</span> <span class='ocrx_word' id='word_1_126' title='bbox 985 1225 1174 1266; x_wconf 87' lang='lat' dir='ltr'>traditur</span> <span class='ocrx_word' id='word_1_127' title='bbox 1203 1225 1460 1266; x_wconf 87' lang='lat' dir='ltr'>timuissset:</span> 
     </span>
     <span class='ocr_line' id='line_1_16' title="bbox 1005 1304 1408 1349; baseline -0.002 -10"><span class='ocrx_word' id='word_1_128' title='bbox 1005 1318 1076 1349; x_wconf 81' lang='lat' dir='ltr'>qua</span> <span class='ocrx_word' id='word_1_129' title='bbox 1102 1304 1228 1339; x_wconf 77' lang='lat' dir='ltr'>fraude</span> <span class='ocrx_word' id='word_1_130' title='bbox 1255 1309 1408 1349; x_wconf 84' lang='lat' dir='ltr'>negaret</span> 
     </span>
    </p>

    <p class='ocr_par' dir='ltr' id='par_1_3' title="bbox 522 1362 1449 1406">
     <span class='ocr_line' id='line_1_17' title="bbox 522 1362 1449 1406; baseline 0 -11"><span class='ocrx_word' id='word_1_131' title='bbox 522 1365 586 1396; x_wconf 84' lang='lat' dir='ltr'>aut</span> <span class='ocrx_word' id='word_1_132' title='bbox 610 1374 702 1406; x_wconf 87' lang='lat' dir='ltr'>quos</span> <span class='ocrx_word' id='word_1_133' title='bbox 726 1363 893 1397; x_wconf 84' lang='lat' dir='ltr'>inventos</span> <span class='ocrx_word' id='word_1_134' title='bbox 918 1363 1098 1397; x_wconf 90' lang='lat' dir='ltr'>tenuisset</span> <span class='ocrx_word' id='word_1_135' title='bbox 1123 1362 1296 1406; x_wconf 86' lang='lat' dir='ltr'>Iuppiter</span> <span class='ocrx_word' id='word_1_136' title='bbox 1324 1364 1449 1396; x_wconf 73' lang='lat' dir='ltr'>astus?</span> 
     </span>
    </p>

    <p class='ocr_par' dir='ltr' id='par_1_4' title="bbox 245 1431 1801 2175">
     <span class='ocr_line' id='line_1_18' title="bbox 362 1431 1759 1486; baseline 0 -14"><span class='ocrx_word' id='word_1_137' title='bbox 362 1432 446 1472; x_wconf 78' lang='lat' dir='ltr'>Sed</span> <span class='ocrx_word' id='word_1_138' title='bbox 486 1435 534 1473; x_wconf 91' lang='lat' dir='ltr'>ut</span> <span class='ocrx_word' id='word_1_139' title='bbox 574 1432 749 1473; x_wconf 85' lang='lat' dir='ltr'>redeam</span> <span class='ocrx_word' id='word_1_140' title='bbox 794 1432 848 1473; x_wconf 90' lang='lat' dir='ltr'>ad</span> <span class='ocrx_word' id='word_1_141' title='bbox 885 1433 1173 1486; x_wconf 86' lang='lat' dir='ltr'>propositum,</span> <span class='ocrx_word' id='word_1_142' title='bbox 1215 1432 1405 1483; x_wconf 83' lang='lat' dir='ltr'>nomina,</span> <span class='ocrx_word' id='word_1_143' title='bbox 1447 1445 1557 1485; x_wconf 78' lang='lat' dir='ltr'>quac</span> <span class='ocrx_word' id='word_1_144' title='bbox 1599 1431 1759 1472; x_wconf 86' lang='lat' dir='ltr'>habent</span> 
     </span>
     <span class='ocr_line' id='line_1_19' title="bbox 247 1501 1759 1555; baseline 0.001 -15"><span class='ocrx_word' id='word_1_145' title='bbox 247 1504 346 1546; x_wconf 73' lang='lat' dir='ltr'>cles,</span> <span class='ocrx_word' id='word_1_146' title='bbox 385 1514 469 1542; x_wconf 88' lang='grc'>11011</span> <span class='ocrx_word' id='word_1_147' title='bbox 501 1501 666 1555; x_wconf 88' lang='lat' dir='ltr'>placuit</span> <span class='ocrx_word' id='word_1_148' title='bbox 696 1501 892 1555; x_wconf 85' lang='lat' dir='ltr'>genetivo</span> <span class='ocrx_word' id='word_1_149' title='bbox 925 1506 999 1543; x_wconf 85' lang='lat' dir='ltr'>aut</span> <span class='ocrx_word' id='word_1_150' title='bbox 1031 1503 1276 1542; x_wconf 88' lang='lat' dir='ltr'>accusativo</span> <span class='ocrx_word' id='word_1_151' title='bbox 1309 1501 1536 1542; x_wconf 86' lang='lat' dir='ltr'>adsumere</span> <span class='ocrx_word' id='word_1_152' title='bbox 1571 1504 1651 1548; x_wconf 61' lang='lat' dir='ltr'>eo‘s,</span> <span class='ocrx_word' id='word_1_153' title='bbox 1693 1501 1759 1542; x_wconf 88' lang='lat' dir='ltr'>vel</span> 
     </span>
     <span class='ocr_line' id='line_1_20' title="bbox 248 1561 1801 1625; baseline -0.001 -14"><span class='ocrx_word' id='word_1_154' title='bbox 248 1568 316 1619; x_wconf 69' lang='grc' dir='ltr'>ᾱᾱ,</span> <span class='ocrx_word' id='word_1_155' title='bbox 349 1570 451 1611; x_wconf 74' lang='lat' dir='ltr'>licet</span> <span class='ocrx_word' id='word_1_156' title='bbox 482 1570 646 1611; x_wconf 73' lang='lat' dir='ltr'>Statius</span> <span class='ocrx_word' id='word_1_157' title='bbox 679 1570 813 1624; x_wconf 76' lang='lat' dir='ltr'>[theb.</span> <span class='ocrx_word' id='word_1_158' title='bbox 847 1561 944 1621; x_wconf 80' lang='lat' dir='ltr'>XII,</span> <span class='ocrx_word' id='word_1_159' title='bbox 978 1574 1053 1622; x_wconf 75' lang='lat'>913</span> <span class='ocrx_word' id='word_1_160' title='bbox 1089 1573 1193 1622; x_wconf 79' lang='lat'>4213</span> <span class='ocrx_word' id='word_1_161' title='bbox 1226 1570 1283 1621; x_wconf 88' lang='grc' dir='ltr'>ΙΙ,</span> <span class='ocrx_word' id='word_1_162' title='bbox 1312 1573 1415 1622; x_wconf 74' lang='grc'>304,</span> <span class='ocrx_word' id='word_1_163' title='bbox 1450 1570 1541 1621; x_wconf 80' lang='lat' dir='ltr'>vn,</span> <span class='ocrx_word' id='word_1_164' title='bbox 1576 1574 1656 1612; x_wconf 82' lang='lat'>539</span> <span class='ocrx_word' id='word_1_165' title='bbox 1689 1568 1756 1625; x_wconf 69' lang='lat' dir='ltr'>ai]</span> <span class='ocrx_word' id='word_1_166' title='bbox 1788 1591 1801 1601; x_wconf 81' lang='lat'><strong>·</strong></span> 
     </span>
     <span class='ocr_line' id='line_1_21' title="bbox 251 1638 1758 1694; baseline -0.001 -14"><span class='ocrx_word' id='word_1_167' title='bbox 251 1643 469 1688; x_wconf 73' lang='lat' dir='ltr'>Eteocleos,</span> <span class='ocrx_word' id='word_1_168' title='bbox 499 1642 703 1688; x_wconf 75' lang='lat' dir='ltr'>Eteoclea,</span> <span class='ocrx_word' id='word_1_169' title='bbox 736 1639 949 1681; x_wconf 89' lang='lat' dir='ltr'>Ausonius</span> <span class='ocrx_word' id='word_1_170' title='bbox 981 1639 1132 1693; x_wconf 87' lang='lat' dir='ltr'>[epigr.</span> <span class='ocrx_word' id='word_1_171' title='bbox 1165 1643 1202 1689; x_wconf 96' lang='grc'>8,</span> <span class='ocrx_word' id='word_1_172' title='bbox 1240 1638 1276 1694; x_wconf 93' lang='lat' dir='ltr'>l]</span> <span class='ocrx_word' id='word_1_173' title='bbox 1310 1642 1557 1691; x_wconf 70' lang='lat' dir='ltr'>Agyatlzoelea</span> <span class='ocrx_word' id='word_1_174' title='bbox 1589 1638 1758 1679; x_wconf 87' lang='lat' dir='ltr'>dixerit.</span> 
     </span>
     <span class='ocr_line' id='line_1_22' title="bbox 246 1707 1757 1762; baseline -0.001 -13"><span class='ocrx_word' id='word_1_175' title='bbox 246 1733 302 1738; x_wconf 97' lang='lat'>—</span> <span class='ocrx_word' id='word_1_176' title='bbox 342 1711 387 1749; x_wconf 91' lang='lat' dir='ltr'>at</span> <span class='ocrx_word' id='word_1_177' title='bbox 418 1721 530 1761; x_wconf 83' lang='lat' dir='ltr'>quae</span> <span class='ocrx_word' id='word_1_178' title='bbox 566 1708 609 1748; x_wconf 90' lang='lat' dir='ltr'>in</span> <span class='ocrx_word' id='word_1_179' title='bbox 641 1722 711 1749; x_wconf 76' lang='lat' dir='ltr'>eas</span> <span class='ocrx_word' id='word_1_180' title='bbox 741 1707 874 1759; x_wconf 85' lang='lat' dir='ltr'>finita,</span> <span class='ocrx_word' id='word_1_181' title='bbox 914 1708 1168 1762; x_wconf 88' lang='lat' dir='ltr'>plerumque</span> <span class='ocrx_word' id='word_1_182' title='bbox 1199 1708 1242 1748; x_wconf 89' lang='lat' dir='ltr'>in</span> <span class='ocrx_word' id='word_1_183' title='bbox 1275 1707 1469 1761; x_wconf 82' lang='lat' dir='ltr'>genetivo</span> <span class='ocrx_word' id='word_1_184' title='bbox 1502 1711 1581 1756; x_wconf 64' lang='lat' dir='ltr'>ebs,</span> <span class='ocrx_word' id='word_1_185' title='bbox 1614 1707 1656 1748; x_wconf 91' lang='lat' dir='ltr'>in</span> <span class='ocrx_word' id='word_1_186' title='bbox 1688 1721 1757 1748; x_wconf 88' lang='lat' dir='ltr'>ac-</span> 
     </span>
     <span class='ocr_line' id='line_1_23' title="bbox 248 1776 1758 1831; baseline -0.001 -14"><span class='ocrx_word' id='word_1_187' title='bbox 248 1777 439 1818; x_wconf 83' lang='lat' dir='ltr'>cusativo</span> <span class='ocrx_word' id='word_1_188' title='bbox 473 1783 521 1817; x_wconf 66' lang='lat' dir='ltr'>ea</span> <span class='ocrx_word' id='word_1_189' title='bbox 551 1777 766 1830; x_wconf 89' lang='lat' dir='ltr'>recipiunt</span> <span class='ocrx_word' id='word_1_190' title='bbox 797 1777 857 1831; x_wconf 88' lang='lat' dir='ltr'>(in</span> <span class='ocrx_word' id='word_1_191' title='bbox 888 1776 969 1818; x_wconf 90' lang='grc'>1100</span> <span class='ocrx_word' id='word_1_192' title='bbox 1000 1790 1026 1818; x_wconf 92' lang='lat' dir='ltr'>a</span> <span class='ocrx_word' id='word_1_193' title='bbox 1057 1776 1181 1818; x_wconf 90' lang='lat' dir='ltr'>bonis</span> <span class='ocrx_word' id='word_1_194' title='bbox 1210 1776 1434 1830; x_wconf 80' lang='lat' dir='ltr'>dactylicis</span> <span class='ocrx_word' id='word_1_195' title='bbox 1457 1776 1597 1817; x_wconf 87' lang='lat' dir='ltr'>aliena</span> <span class='ocrx_word' id='word_1_196' title='bbox 1618 1776 1758 1816; x_wconf 84' lang='lat' dir='ltr'>finalis</span> 
     </span>
     <span class='ocr_line' id='line_1_24' title="bbox 246 1845 1758 1900; baseline -0.001 -13"><span class='ocrx_word' id='word_1_197' title='bbox 246 1846 432 1900; x_wconf 88' lang='lat' dir='ltr'>Latina),</span> <span class='ocrx_word' id='word_1_198' title='bbox 465 1850 507 1887; x_wconf 91' lang='lat' dir='ltr'>et</span> <span class='ocrx_word' id='word_1_199' title='bbox 535 1846 707 1900; x_wconf 89' lang='lat' dir='ltr'>quidem</span> <span class='ocrx_word' id='word_1_200' title='bbox 739 1860 760 1887; x_wconf 78' lang='lat' dir='ltr'>e</span> <span class='ocrx_word' id='word_1_201' title='bbox 790 1845 921 1887; x_wconf 88' lang='lat' dir='ltr'>brevi.</span> <span class='ocrx_word' id='word_1_202' title='bbox 973 1849 1117 1887; x_wconf 87' lang='lat' dir='ltr'>tamen</span> <span class='ocrx_word' id='word_1_203' title='bbox 1148 1845 1362 1899; x_wconf 89' lang='lat' dir='ltr'>producta</span> <span class='ocrx_word' id='word_1_204' title='bbox 1394 1845 1543 1886; x_wconf 90' lang='lat' dir='ltr'>eadem</span> <span class='ocrx_word' id='word_1_205' title='bbox 1576 1858 1758 1898; x_wconf 87' lang='lat' dir='ltr'>posuere</span> 
     </span>
     <span class='ocr_line' id='line_1_25' title="bbox 248 1914 1756 1969; baseline -0.001 -14"><span class='ocrx_word' id='word_1_206' title='bbox 248 1914 368 1956; x_wconf 83' lang='lat' dir='ltr'>Maro</span> <span class='ocrx_word' id='word_1_207' title='bbox 414 1915 525 1969; x_wconf 88' lang='lat' dir='ltr'>[aen.</span> <span class='ocrx_word' id='word_1_208' title='bbox 564 1915 644 1965; x_wconf 89' lang='grc' dir='ltr'>ΙΙΙ,</span> <span class='ocrx_word' id='word_1_209' title='bbox 693 1915 791 1969; x_wconf 91' lang='grc'>122]</span> <span class='ocrx_word' id='word_1_210' title='bbox 834 1918 1068 1963; x_wconf 78' lang='lat' dir='ltr'>Idomenea,</span> <span class='ocrx_word' id='word_1_211' title='bbox 1117 1915 1301 1956; x_wconf 88' lang='lat' dir='ltr'>Avienus</span> <span class='ocrx_word' id='word_1_212' title='bbox 1349 1914 1520 1969; x_wconf 84' lang='lat' dir='ltr'>[phaen.</span> <span class='ocrx_word' id='word_1_213' title='bbox 1561 1918 1645 1955; x_wconf 85' lang='lat'>440</span> <span class='ocrx_word' id='word_1_214' title='bbox 1676 1914 1756 1967; x_wconf 79' lang='lat' dir='ltr'>sq]</span> 
     </span>
     <span class='ocr_line' id='line_1_26' title="bbox 253 1982 1756 2039; baseline -0.001 -15"><span class='ocrx_word' id='word_1_215' title='bbox 253 1985 435 2034; x_wconf 74' lang='lat' dir='ltr'>Cephea,</span> <span class='ocrx_word' id='word_1_216' title='bbox 482 1983 766 2025; x_wconf 88' lang='lat' dir='ltr'>Germanicus</span> <span class='ocrx_word' id='word_1_217' title='bbox 814 1983 989 2038; x_wconf 86' lang='lat' dir='ltr'>[phaen.</span> <span class='ocrx_word' id='word_1_218' title='bbox 1027 1982 1126 2039; x_wconf 82' lang='grc'>191]</span> <span class='ocrx_word' id='word_1_219' title='bbox 1182 1985 1382 2034; x_wconf 69' lang='lat' dir='ltr'>Cepheos,</span> <span class='ocrx_word' id='word_1_220' title='bbox 1430 1983 1644 2024; x_wconf 84' lang='lat' dir='ltr'>Ausonius</span> <span class='ocrx_word' id='word_1_221' title='bbox 1694 1983 1756 2037; x_wconf 90' lang='lat' dir='ltr'>[Il.</span> 
     </span>
     <span class='ocr_line' id='line_1_27' title="bbox 246 2051 1758 2106; baseline -0.001 -14"><span class='ocrx_word' id='word_1_222' title='bbox 246 2052 433 2105; x_wconf 88' lang='lat' dir='ltr'>perioch.</span> <span class='ocrx_word' id='word_1_223' title='bbox 467 2053 503 2106; x_wconf 93' lang='lat' dir='ltr'>I]</span> <span class='ocrx_word' id='word_1_224' title='bbox 539 2056 691 2094; x_wconf 75' lang='lat' dir='ltr'>Peleos.</span> <span class='ocrx_word' id='word_1_225' title='bbox 725 2078 775 2082; x_wconf 83' lang='lat'>——</span> <span class='ocrx_word' id='word_1_226' title='bbox 815 2057 861 2094; x_wconf 83' lang='lat' dir='ltr'>at</span> <span class='ocrx_word' id='word_1_227' title='bbox 890 2052 1063 2106; x_wconf 81' lang='lat' dir='ltr'>longum</span> <span class='ocrx_word' id='word_1_228' title='bbox 1099 2066 1119 2093; x_wconf 87' lang='lat'><strong><em>0</em></strong></span> <span class='ocrx_word' id='word_1_229' title='bbox 1150 2052 1216 2094; x_wconf 90' lang='lat' dir='ltr'>vel</span> <span class='ocrx_word' id='word_1_230' title='bbox 1247 2066 1271 2092; x_wconf 91' lang='lat' dir='ltr'>a</span> <span class='ocrx_word' id='word_1_231' title='bbox 1302 2065 1535 2105; x_wconf 87' lang='lat' dir='ltr'>numquam</span> <span class='ocrx_word' id='word_1_232' title='bbox 1568 2051 1758 2092; x_wconf 85' lang='lat' dir='ltr'>admitti-</span> 
     </span>
     <span class='ocr_line' id='line_1_28' title="bbox 245 2121 879 2175; baseline 0.002 -14"><span class='ocrx_word' id='word_1_233' title='bbox 245 2124 317 2162; x_wconf 85' lang='lat' dir='ltr'>tur</span> <span class='ocrx_word' id='word_1_234' title='bbox 348 2121 391 2162; x_wconf 92' lang='lat' dir='ltr'>in</span> <span class='ocrx_word' id='word_1_235' title='bbox 423 2121 608 2172; x_wconf 79' lang='lat' dir='ltr'>casibus,</span> <span class='ocrx_word' id='word_1_236' title='bbox 640 2135 748 2175; x_wconf 89' lang='lat' dir='ltr'>quos</span> <span class='ocrx_word' id='word_1_237' title='bbox 780 2121 879 2162; x_wconf 85' lang='lat' dir='ltr'>dixi.</span> 
     </span>
    </p>

    <p class='ocr_par' dir='ltr' id='par_1_5' title="bbox 249 2188 1758 2313">
     <span class='ocr_line' id='line_1_29' title="bbox 360 2188 1758 2244; baseline -0.002 -13"><span class='ocrx_word' id='word_1_238' title='bbox 360 2190 515 2231; x_wconf 81' lang='lat' dir='ltr'>Dativo</span> <span class='ocrx_word' id='word_1_239' title='bbox 549 2191 804 2244; x_wconf 83' lang='lat' dir='ltr'>graecanico</span> <span class='ocrx_word' id='word_1_240' title='bbox 833 2204 910 2244; x_wconf 89' lang='lat' dir='ltr'>per</span> <span class='ocrx_word' id='word_1_241' title='bbox 933 2189 1170 2244; x_wconf 89' lang='lat' dir='ltr'>spondeum</span> <span class='ocrx_word' id='word_1_242' title='bbox 1192 2204 1295 2231; x_wconf 91' lang='lat' dir='ltr'>usus</span> <span class='ocrx_word' id='word_1_243' title='bbox 1317 2193 1382 2231; x_wconf 89' lang='lat' dir='ltr'>est</span> <span class='ocrx_word' id='word_1_244' title='bbox 1405 2203 1500 2230; x_wconf 92' lang='lat' dir='ltr'>cum</span> <span class='ocrx_word' id='word_1_245' title='bbox 1523 2188 1758 2230; x_wconf 81' lang='lat' dir='ltr'>Claudiano</span> 
     </span>
     <span class='ocr_line' id='line_1_30' title="bbox 249 2258 1599 2313; baseline -0.001 -13"><span class='ocrx_word' id='word_1_246' title='bbox 249 2259 334 2312; x_wconf 89' lang='grc' dir='ltr'>[4Ο,</span> <span class='ocrx_word' id='word_1_247' title='bbox 362 2260 437 2313; x_wconf 76' lang='grc'>’33]</span> <span class='ocrx_word' id='word_1_248' title='bbox 471 2259 685 2312; x_wconf 81' lang='lat' dir='ltr'>Vergilius</span> <span class='ocrx_word' id='word_1_249' title='bbox 715 2258 818 2300; x_wconf 88' lang='lat' dir='ltr'>Buc.</span> <span class='ocrx_word' id='word_1_250' title='bbox 851 2264 889 2309; x_wconf 86' lang='lat'>4,</span> <span class='ocrx_word' id='word_1_251' title='bbox 919 2263 969 2301; x_wconf 84' lang='lat'>57</span> <span class='ocrx_word' id='word_1_252' title='bbox 1001 2260 1062 2300; x_wconf 88' lang='lat' dir='ltr'>ita</span> <span class='ocrx_word' id='word_1_253' title='bbox 1096 2258 1166 2313; x_wconf 86' lang='lat' dir='ltr'>[cf.</span> <span class='ocrx_word' id='word_1_254' title='bbox 1199 2262 1241 2300; x_wconf 88' lang='lat' dir='ltr'>et</span> <span class='ocrx_word' id='word_1_255' title='bbox 1272 2272 1363 2300; x_wconf 91' lang='lat' dir='ltr'>aen.</span> <span class='ocrx_word' id='word_1_256' title='bbox 1396 2259 1443 2309; x_wconf 87' lang='lat' dir='ltr'>V,</span> <span class='ocrx_word' id='word_1_257' title='bbox 1479 2259 1599 2312; x_wconf 87' lang='grc'>184];</span> 
     </span>
    </p>

    <p class='ocr_par' dir='ltr' id='par_1_6' title="bbox 246 2327 1758 2986">
     <span class='ocr_line' id='line_1_31' title="bbox 523 2327 1413 2372; baseline -0.001 -11"><span class='ocrx_word' id='word_1_258' title='bbox 523 2327 662 2372; x_wconf 85' lang='lat' dir='ltr'>Orphei</span> <span class='ocrx_word' id='word_1_259' title='bbox 689 2328 887 2371; x_wconf 85' lang='lat' dir='ltr'>Calliopea,</span> <span class='ocrx_word' id='word_1_260' title='bbox 913 2327 1006 2361; x_wconf 89' lang='lat' dir='ltr'>Lino</span> <span class='ocrx_word' id='word_1_261' title='bbox 1034 2327 1240 2362; x_wconf 86' lang='lat' dir='ltr'>formonsus</span> <span class='ocrx_word' id='word_1_262' title='bbox 1265 2327 1413 2371; x_wconf 89' lang='lat' dir='ltr'>Apollo.</span> 
     </span>
     <span class='ocr_line' id='line_1_32' title="bbox 247 2394 1758 2451; baseline -0.001 -15"><span class='ocrx_word' id='word_1_263' title='bbox 247 2396 321 2437; x_wconf 90' lang='lat' dir='ltr'>sed</span> <span class='ocrx_word' id='word_1_264' title='bbox 353 2399 366 2436; x_wconf 83' lang='grc' dir='ltr'><em>ἱ</em></span> <span class='ocrx_word' id='word_1_265' title='bbox 397 2400 598 2450; x_wconf 89' lang='lat' dir='ltr'>correpta</span> <span class='ocrx_word' id='word_1_266' title='bbox 627 2397 700 2450; x_wconf 87' lang='lat' dir='ltr'>qui</span> <span class='ocrx_word' id='word_1_267' title='bbox 721 2397 914 2451; x_wconf 85' lang='lat' dir='ltr'>posuerit</span> <span class='ocrx_word' id='word_1_268' title='bbox 935 2410 1018 2438; x_wconf 90' lang='grc'>11011</span> <span class='ocrx_word' id='word_1_269' title='bbox 1040 2396 1207 2437; x_wconf 90' lang='lat' dir='ltr'>invenio</span> <span class='ocrx_word' id='word_1_270' title='bbox 1238 2396 1319 2437; x_wconf 87' lang='lat' dir='ltr'>nisi</span> <span class='ocrx_word' id='word_1_271' title='bbox 1353 2394 1521 2437; x_wconf 86' lang='lat' dir='ltr'>duobus</span> <span class='ocrx_word' id='word_1_272' title='bbox 1553 2395 1758 2448; x_wconf 87' lang='lat' dir='ltr'>exemplis</span> 
     </span>
     <span class='ocr_line' id='line_1_33' title="bbox 246 2463 1757 2520; baseline -0.001 -15"><span class='ocrx_word' id='word_1_273' title='bbox 246 2464 461 2505; x_wconf 82' lang='lat' dir='ltr'>Catullum</span> <span class='ocrx_word' id='word_1_274' title='bbox 496 2464 578 2520; x_wconf 82' lang='lat'>[64,</span> <span class='ocrx_word' id='word_1_275' title='bbox 601 2468 705 2517; x_wconf 78' lang='lat'>2473</span> <span class='ocrx_word' id='word_1_276' title='bbox 739 2469 803 2516; x_wconf 90' lang='grc'>66,</span> <span class='ocrx_word' id='word_1_277' title='bbox 828 2465 898 2519; x_wconf 90' lang='grc'>70]</span> <span class='ocrx_word' id='word_1_278' title='bbox 937 2467 1111 2506; x_wconf 74' lang='lat' dir='ltr'>Minolcll</span> <span class='ocrx_word' id='word_1_279' title='bbox 1139 2468 1181 2506; x_wconf 93' lang='lat' dir='ltr'>et</span> <span class='ocrx_word' id='word_1_280' title='bbox 1216 2467 1368 2516; x_wconf 69' lang='lat' dir='ltr'>Tethyi,</span> <span class='ocrx_word' id='word_1_281' title='bbox 1401 2463 1539 2505; x_wconf 85' lang='lat' dir='ltr'>tribus</span> <span class='ocrx_word' id='word_1_282' title='bbox 1572 2463 1757 2504; x_wconf 77' lang='lat' dir='ltr'>Statium</span> 
     </span>
     <span class='ocr_line' id='line_1_34' title="bbox 248 2532 1757 2589; baseline -0.002 -15"><span class='ocrx_word' id='word_1_283' title='bbox 248 2532 377 2589; x_wconf 85' lang='lat' dir='ltr'>[theb.</span> <span class='ocrx_word' id='word_1_284' title='bbox 410 2533 487 2584; x_wconf 89' lang='lat' dir='ltr'>III,</span> <span class='ocrx_word' id='word_1_285' title='bbox 527 2537 629 2585; x_wconf 78' lang='lat'>5213</span> <span class='ocrx_word' id='word_1_286' title='bbox 673 2533 815 2575; x_wconf 84' lang='lat' dir='ltr'>achill.</span> <span class='ocrx_word' id='word_1_287' title='bbox 851 2534 888 2585; x_wconf 90' lang='grc' dir='ltr'>Ι,</span> <span class='ocrx_word' id='word_1_288' title='bbox 919 2537 1024 2586; x_wconf 87' lang='grc'>285;</span> <span class='ocrx_word' id='word_1_289' title='bbox 1065 2533 1154 2575; x_wconf 88' lang='lat' dir='ltr'>silv.</span> <span class='ocrx_word' id='word_1_290' title='bbox 1186 2533 1256 2584; x_wconf 86' lang='lat' dir='ltr'>IV,</span> <span class='ocrx_word' id='word_1_291' title='bbox 1291 2536 1328 2583; x_wconf 91' lang='grc'>2,</span> <span class='ocrx_word' id='word_1_292' title='bbox 1359 2532 1429 2586; x_wconf 91' lang='grc'>28]</span> <span class='ocrx_word' id='word_1_293' title='bbox 1473 2534 1632 2580; x_wconf 76' lang='lat' dir='ltr'>Iasoni,</span> <span class='ocrx_word' id='word_1_294' title='bbox 1679 2545 1757 2585; x_wconf 87' lang='lat' dir='ltr'>pro</span> 
     </span>
     <span class='ocr_line' id='line_1_35' title="bbox 247 2601 1758 2656; baseline -0.001 -13"><span class='ocrx_word' id='word_1_295' title='bbox 247 2615 331 2654; x_wconf 84' lang='lat' dir='ltr'>quo</span> <span class='ocrx_word' id='word_1_296' title='bbox 361 2601 464 2643; x_wconf 86' lang='lat' dir='ltr'>libri</span> <span class='ocrx_word' id='word_1_297' title='bbox 500 2605 660 2651; x_wconf 75' lang='lat' dir='ltr'>Iasone,</span> <span class='ocrx_word' id='word_1_298' title='bbox 693 2606 869 2651; x_wconf 75' lang='lat' dir='ltr'>Palladi,</span> <span class='ocrx_word' id='word_1_299' title='bbox 902 2605 1049 2643; x_wconf 73' lang='lat' dir='ltr'>Dar-idi</span> <span class='ocrx_word' id='word_1_300' title='bbox 1081 2601 1199 2656; x_wconf 85' lang='lat' dir='ltr'>(libri</span> <span class='ocrx_word' id='word_1_301' title='bbox 1231 2602 1416 2654; x_wconf 67' lang='lat' dir='ltr'>Doride).</span> <span class='ocrx_word' id='word_1_302' title='bbox 1477 2601 1538 2642; x_wconf 91' lang='lat' dir='ltr'>ita</span> <span class='ocrx_word' id='word_1_303' title='bbox 1580 2604 1758 2654; x_wconf 85' lang='lat' dir='ltr'>propter</span> 
     </span>
     <span class='ocr_line' id='line_1_36' title="bbox 248 2668 1758 2725; baseline -0.001 -15"><span class='ocrx_word' id='word_1_304' title='bbox 248 2670 434 2711; x_wconf 90' lang='lat' dir='ltr'>elidendi</span> <span class='ocrx_word' id='word_1_305' title='bbox 478 2670 595 2724; x_wconf 79' lang='lat' dir='ltr'>leges</span> <span class='ocrx_word' id='word_1_306' title='bbox 634 2671 677 2711; x_wconf 91' lang='lat' dir='ltr'>in</span> <span class='ocrx_word' id='word_1_307' title='bbox 719 2671 929 2724; x_wconf 87' lang='lat' dir='ltr'>epistulae</span> <span class='ocrx_word' id='word_1_308' title='bbox 962 2671 1222 2712; x_wconf 87' lang='lat' dir='ltr'>Hermionae</span> <span class='ocrx_word' id='word_1_309' title='bbox 1262 2669 1347 2711; x_wconf 89' lang='lat' dir='ltr'>illis</span> <span class='ocrx_word' id='word_1_310' title='bbox 1393 2668 1445 2725; x_wconf 83' lang='lat'>[8,</span> <span class='ocrx_word' id='word_1_311' title='bbox 1481 2668 1548 2724; x_wconf 83' lang='lat'>71]</span> <span class='ocrx_word' id='word_1_312' title='bbox 1601 2671 1758 2710; x_wconf 78' lang='lat' dir='ltr'>Castori</span> 
     </span>
     <span class='ocr_line' id='line_1_37' title="bbox 247 2737 1755 2792; baseline -0.001 -13"><span class='ocrx_word' id='word_1_313' title='bbox 247 2743 459 2791; x_wconf 70' lang='lat' dir='ltr'>Amyclaeo</span> <span class='ocrx_word' id='word_1_314' title='bbox 482 2747 519 2780; x_wconf 80' lang='lat' dir='ltr'>el</span> <span class='ocrx_word' id='word_1_315' title='bbox 542 2743 754 2791; x_wconf 71' lang='lat' dir='ltr'>Amyclaeo</span> <span class='ocrx_word' id='word_1_316' title='bbox 777 2743 944 2789; x_wconf 66' lang='lat' dir='ltr'>Polluci,</span> <span class='ocrx_word' id='word_1_317' title='bbox 976 2739 1058 2781; x_wconf 90' lang='lat' dir='ltr'>nisi</span> <span class='ocrx_word' id='word_1_318' title='bbox 1090 2739 1260 2792; x_wconf 89' lang='lat' dir='ltr'>spurius</span> <span class='ocrx_word' id='word_1_319' title='bbox 1293 2741 1357 2780; x_wconf 92' lang='lat' dir='ltr'>est</span> <span class='ocrx_word' id='word_1_320' title='bbox 1386 2751 1546 2789; x_wconf 85' lang='lat' dir='ltr'>versus,</span> <span class='ocrx_word' id='word_1_321' title='bbox 1579 2737 1755 2779; x_wconf 83' lang='lat' dir='ltr'>verbum</span> 
     </span>
     <span class='ocr_line' id='line_1_38' title="bbox 253 2806 1755 2862; baseline 0 -16"><span class='ocrx_word' id='word_1_322' title='bbox 253 2808 413 2848; x_wconf 76' lang='lat' dir='ltr'>Castori</span> <span class='ocrx_word' id='word_1_323' title='bbox 443 2811 603 2861; x_wconf 89' lang='lat' dir='ltr'>aequat</span> <span class='ocrx_word' id='word_1_324' title='bbox 639 2807 868 2862; x_wconf 84' lang='lat' dir='ltr'>dactylum.</span> <span class='ocrx_word' id='word_1_325' title='bbox 929 2821 1064 2861; x_wconf 85' lang='lat' dir='ltr'>quare</span> <span class='ocrx_word' id='word_1_326' title='bbox 1102 2807 1273 2848; x_wconf 90' lang='lat' dir='ltr'>minime</span> <span class='ocrx_word' id='word_1_327' title='bbox 1312 2806 1528 2860; x_wconf 84' lang='lat' dir='ltr'>intellego,</span> <span class='ocrx_word' id='word_1_328' title='bbox 1569 2819 1755 2858; x_wconf 83' lang='lat' dir='ltr'>quonam</span> 
     </span>
     <span class='ocr_line' id='line_1_39' title="bbox 246 2873 1754 2931; baseline 0 -16"><span class='ocrx_word' id='word_1_329' title='bbox 246 2875 383 2916; x_wconf 83' lang='lat' dir='ltr'>fretus</span> <span class='ocrx_word' id='word_1_330' title='bbox 416 2880 670 2929; x_wconf 81' lang='lat' dir='ltr'>argumento</span> <span class='ocrx_word' id='word_1_331' title='bbox 717 2876 919 2918; x_wconf 84' lang='lat' dir='ltr'>statuerit</span> <span class='ocrx_word' id='word_1_332' title='bbox 956 2876 1132 2917; x_wconf 87' lang='lat' dir='ltr'>Vossius</span> <span class='ocrx_word' id='word_1_333' title='bbox 1178 2875 1231 2931; x_wconf 89' lang='grc'>[(1.</span> <span class='ocrx_word' id='word_1_334' title='bbox 1265 2878 1358 2916; x_wconf 87' lang='lat' dir='ltr'>arte</span> <span class='ocrx_word' id='word_1_335' title='bbox 1390 2889 1565 2928; x_wconf 76' lang='lat' dir='ltr'>gramm.</span> <span class='ocrx_word' id='word_1_336' title='bbox 1594 2875 1650 2921; x_wconf 84' lang='grc' dir='ltr'>ΙΙ,</span> <span class='ocrx_word' id='word_1_337' title='bbox 1688 2873 1754 2930; x_wconf 85' lang='grc'>34]</span> 
     </span>
     <span class='ocr_line' id='line_1_40' title="bbox 246 2944 1432 2986; baseline -0.001 -2"><span class='ocrx_word' id='word_1_338' title='bbox 246 2957 330 2984; x_wconf 88' lang='grc'>11011</span> <span class='ocrx_word' id='word_1_339' title='bbox 359 2944 494 2985; x_wconf 83' lang='lat' dir='ltr'>videri</span> <span class='ocrx_word' id='word_1_340' title='bbox 526 2949 538 2985; x_wconf 86' lang='lat' dir='ltr'>l</span> <span class='ocrx_word' id='word_1_341' title='bbox 569 2945 612 2985; x_wconf 87' lang='grc'>111</span> <span class='ocrx_word' id='word_1_342' title='bbox 643 2945 804 2986; x_wconf 85' lang='lat' dir='ltr'>talibus</span> <span class='ocrx_word' id='word_1_343' title='bbox 837 2945 1009 2986; x_wconf 81' lang='lat' dir='ltr'>extendi</span> <span class='ocrx_word' id='word_1_344' title='bbox 1042 2949 1163 2986; x_wconf 81' lang='lat' dir='ltr'>extra</span> <span class='ocrx_word' id='word_1_345' title='bbox 1197 2957 1432 2985; x_wconf 83' lang='lat' dir='ltr'>caesuram.</span> 
     </span>
    </p>
   </div>
  </div>
 </body>
</html>
