1898 3292
789 258 1067 284 PROHOEMIVM.
1628 251 1681 289 43

292 361 490 402 Ceterum
512 375 590 415 per
610 361 746 402 lustra
770 362 992 415 superiora
1016 361 1225 414 quaedam
1251 362 1440 402 recentia
1463 376 1683 403 accessere

179 436 222 472 et
252 430 471 482 incognita
501 433 600 471 ante
634 430 823 470 carmina
854 434 1080 484 poetarum
1112 429 1460 480 christianorum,
1502 434 1550 471 ut
1579 434 1685 484 puta

178 498 417 554 Dracontii,
460 498 581 539 cuius
625 498 798 539 etiamst
830 498 993 539 Orestis
1035 497 1278 551 tragoedia,
1317 499 1419 540 item
1452 498 1682 540 Tiberiani.

176 581 287 620 quae
319 581 404 620 qua
435 581 514 620 par
547 570 641 607 erat
671 580 774 607 cura
803 566 1044 608 habuimus.

292 637 346 676 At
379 649 430 676 ex
468 634 719 688 fragmentis
763 635 997 675 carminum
1041 635 1306 689 perditorum
1352 639 1526 689 praeter
1559 636 1684 677 Ennii

175 703 413 757 Luciliique
444 717 495 744 ac
526 704 731 745 Varronis
763 702 915 754 libros,
958 703 1010 744 de
1052 703 1207 757 quibus
1246 718 1378 757 supra
1408 704 1494 745 iam
1526 705 1684 755 monui,

175 773 359 813 maxime
407 786 484 814 nos
524 772 804 813 adverterunt
846 771 993 813 Laeuii
1038 785 1089 813 ac
1133 772 1281 813 Sereni
1325 772 1545 826 reliquiae.
1613 773 1685 826 qui

175 845 335 895 quanto
358 855 486 895 opere
507 841 688 882 fecerint
710 841 765 882 ad
782 843 919 881 artem
937 840 1134 882 Latinam
1153 841 1498 895 promovendam,
1526 841 1684 882 nostris

174 910 357 964 primum
395 909 624 963 apparebit
656 910 781 951 curis.
844 909 978 950 multo
1008 909 1148 951 minus
1181 909 1391 950 commodi
1411 909 1686 951 ,redundavit

174 978 279 1019 mihi
310 993 362 1020 ex
392 978 744 1032 inscriptionibus
766 978 968 1019 metricis
1014 992 1065 1019 ex
1094 978 1250 1031 quibus
1283 993 1393 1032 quae
1427 978 1686 1019 inservirent

174 1050 291 1088 recte
322 1046 616 1088 aestimandae
655 1048 755 1095 arti,
796 1047 946 1088 melius
986 1046 1239 1100 pleniusque
1281 1061 1332 1088 ex
1373 1047 1523 1088 alienis
1565 1047 1685 1088 licuit

174 1116 338 1169 percipi
370 1116 668 1165 monumentis,
701 1130 811 1169 quae
834 1116 1011 1170 propria
1033 1115 1257 1156 differrent
1287 1116 1528 1166 insolentia,
1560 1115 1685 1156 simul

174 1185 255 1225 hoc
295 1185 388 1238 ipso
435 1183 627 1225 barbara
667 1189 709 1226 et
750 1184 804 1226 ab
842 1184 1026 1226 indoctis
1058 1184 1255 1238 profecta
1287 1185 1538 1226 auctoribus
1570 1185 1683 1225 evin-

175 1253 366 1294 cebatur.
429 1254 497 1294 cui
539 1253 667 1304 enim,
712 1253 792 1294 nisi
831 1253 974 1295 Midae
1014 1254 1086 1306 qui
1130 1253 1329 1306 aequarit
1368 1267 1511 1304 aures,
1556 1252 1684 1305 digua

174 1321 434 1363 videbuntur
464 1321 619 1362 indolis
641 1322 860 1363 Romanae
890 1322 1130 1376 suptilitate
1153 1321 1340 1363 admissa
1361 1322 1404 1362 in
1427 1321 1683 1376 dactylicum

175 1405 347 1432 carmen
392 1391 498 1431 vitia
537 1390 827 1443 quamitatum
875 1395 951 1432 aut
991 1390 1228 1432 cruditates
1270 1391 1564 1432 scaenicorum
1610 1394 1685 1431 aut

174 1459 292 1501 nulla
322 1459 489 1500 ratione
519 1459 641 1500 mixti
673 1463 715 1500 et
745 1459 910 1501 confusi
938 1460 1098 1501 interse
1129 1459 1195 1500 vel
1226 1460 1334 1501 adeo
1364 1463 1565 1501 coeuntes
1589 1473 1683 1500 cum

173 1527 365 1582 pedestri
397 1542 590 1569 sermone
622 1529 802 1569 versus?

287 1597 379 1638 Iam
410 1597 633 1638 metricam
663 1596 974 1652 dactylicorum
1007 1597 1259 1638 Latinorum
1298 1597 1370 1650 qui
1402 1596 1527 1650 plene
1562 1610 1684 1638 enar-

177 1667 298 1717 rarit,
330 1665 526 1719 equidem
560 1666 738 1719 cognovi
760 1666 984 1706 neminem.
1035 1665 1150 1719 quod
1173 1680 1275 1707 sane
1297 1665 1556 1719 pudendum,
1589 1679 1684 1706 cum

174 1735 431 1789 praesertim
477 1738 543 1775 tot
585 1738 816 1788 tantosque
858 1736 971 1775 viros
1013 1734 1279 1776 Graecorum
1320 1748 1391 1776 ars
1433 1734 1683 1775 aduerterit.

175 1803 298 1856 quasi
330 1817 430 1844 vero
470 1806 546 1844 aut
583 1803 722 1844 minus
767 1803 883 1856 digni
925 1803 1010 1844 sint
1046 1803 1245 1854 Romani,
1289 1817 1471 1856 quorum
1514 1803 1684 1856 penitus

173 1885 367 1913 normam
407 1871 714 1926 percipiamus,
758 1875 834 1913 aut
874 1872 1012 1913 minus
1055 1872 1111 1913 sit
1138 1872 1385 1913 fructuosus
1418 1871 1517 1912 talis
1549 1871 1682 1912 labor.

174 1941 255 1982 nisi
296 1941 407 1982 forte
449 1939 725 1981 crediderunt
766 1940 862 1982 illos
903 1940 1019 1982 velut
1052 1941 1318 1981 imitatorum
1351 1954 1519 1982 servum
1553 1954 1684 1993 pecus

175 2009 281 2050 satis
321 2008 525 2050 habuisse
565 2013 800 2062 praecepta
840 2009 1145 2062 magistrorum
1184 2009 1522 2063 alienigenarum
1555 2022 1683 2061 quam

173 2077 380 2119 fidissima
408 2077 646 2119 imitatione
678 2077 911 2119 scholicum
934 2078 976 2118 in
998 2078 1171 2119 modum
1193 2078 1445 2132 exprimere,
1478 2081 1526 2119 ut
1548 2077 1682 2118 Grae-

175 2160 321 2187 corum
354 2146 543 2187 rationes
575 2146 648 2199 qui
678 2146 813 2200 probe
845 2151 1008 2197 teneat,
1049 2146 1132 2187 hac
1170 2147 1265 2200 ipsa
1302 2161 1348 2188 re
1380 2147 1541 2188 habeat
1571 2161 1683 2187 com-

172 2218 320 2269 pertas
351 2214 615 2256 Latinorum.
647 2241 705 2245 -—
734 2215 816 2256 hac
838 2219 982 2257 autem
1003 2215 1171 2256 incuria
1193 2215 1363 2266 accidit,
1394 2219 1442 2257 ut
1464 2214 1684 2256 erroribus

174 2297 200 2324 a
239 2286 409 2324 vetusto
450 2287 645 2337 tempore
686 2283 858 2325 traditis
899 2288 943 2325 et
982 2297 1059 2338 per
1101 2283 1271 2325 scholas
1315 2284 1569 2338 propagatis
1598 2283 1683 2324 iam

172 2365 405 2405 puerorum
437 2351 678 2405 improvida
719 2356 840 2394 aetas
881 2352 1162 2393 imbueretur.
1224 2353 1374 2406 quales
1407 2352 1481 2394 ubi
1512 2355 1684 2393 teneros

175 2420 339 2461 animos
388 2420 559 2474 penitus
617 2421 823 2462 insinuati
883 2425 1223 2475 occupaverunt,
1285 2421 1541 2474 quantillum
1600 2420 1684 2461 loci

173 2488 431 2541 relinquitur
464 2489 665 2530 veritati?
700 2489 803 2530 mihi
835 2492 978 2530 autem
1009 2489 1136 2542 longe
1169 2504 1293 2531 secus
1326 2504 1422 2530 cum
1453 2489 1683 2539 videretur,

175 2570 269 2597 eam
318 2556 478 2610 ubique
530 2558 695 2599 servavi
740 2557 953 2611 regulam,
1006 2572 1059 2599 ne
1104 2558 1277 2600 aliunde
1322 2563 1563 2612 repeterem
1607 2570 1684 2610 per

174 2624 398 2678 ambages,
443 2639 553 2678 quae
598 2640 769 2679 possem
809 2640 861 2667 ex
892 2626 1083 2680 ipsorum
1113 2627 1405 2668 Romanorum
1435 2625 1578 2666 indole
1610 2638 1681 2665 ex-

173 2693 349 2747 plicare.
410 2698 658 2747 praeterea,
701 2694 815 2748 quod
857 2709 1026 2748 semper
1057 2695 1198 2736 evenit
1225 2695 1268 2735 in
1299 2695 1429 2736 rebus
1460 2707 1544 2734 non
1576 2694 1683 2734 satis

175 2761 404 2815 expeditis,
446 2763 585 2803 exorti
623 2763 818 2816 plerique
857 2763 930 2816 qui
960 2763 1071 2804 lecto
1103 2777 1187 2804 uno
1220 2767 1295 2804 aut
1326 2763 1462 2804 altero
1495 2763 1683 2803 carmine

173 2829 326 2871 Latino
368 2844 550 2871 arcanas
590 2832 695 2873 artis
725 2832 944 2872 Romanae
983 2832 1173 2872 rat-iones
1211 2835 1253 2872 et
1284 2834 1379 2872 octo
1413 2830 1682 2872 saeculorum

174 2897 464 2940 diversissima
490 2899 653 2952 placita
684 2899 762 2940 soli
794 2914 998 2941 enarrare
1025 2913 1151 2953 posse
1174 2899 1255 2940 sibi
1278 2899 1535 2940 viderentur.
1579 2899 1682 2952 quid

174 2967 290 3022 quod
329 2971 428 3009 sunt
468 2968 649 3019 inventi,
690 2968 762 3025 qui
806 2968 1100 3010 scaenicorum
1140 2968 1257 3023 leges
1294 2968 1497 3009 metricas
1529 2981 1679 3025 parum
