1898 3292
965 810 1068 861 XI.

672 939 1129 992 OPVSOVLV
1155 940 1197 990 M
1256 941 1352 991 11⁷1.

495 1164 568 1204 DE
601 1164 854 1205 LITTERIS
888 1164 955 1205 AC
988 1164 1223 1205 VOCIBVS
1256 1164 1535 1206 VERSVVM.

375 1267 537 1320 Nequis
569 1266 698 1308 ullam
724 1268 829 1308 artis
852 1266 1031 1307 Latinae
1053 1270 1218 1320 partem
1243 1267 1412 1308 silentio
1435 1281 1460 1308 a
1483 1268 1606 1308 nobis
1629 1269 1769 1309 omitti

259 1336 470 1389 increpet,
509 1335 652 1389 placet
688 1336 827 1388 promi
870 1335 1083 1388 quaedam
1115 1335 1167 1376 do
1198 1336 1353 1376 litteris
1386 1349 1436 1376 ao
1469 1336 1645 1377 vocibus
1677 1351 1767 1378 ver-

257 1418 393 1454 suum,
424 1407 472 1444 ut
500 1408 645 1445 tamen
679 1405 974 1457 quaestionem
1006 1404 1111 1445 satis
1134 1404 1333 1457 suptilem
1356 1404 1592 1445 delibemus
1625 1406 1768 1458 potius

258 1487 385 1526 quam
418 1472 735 1514 exhauriamus.

372 1542 523 1595 Itaque
554 1542 738 1595 primum
770 1541 1035 1594 indignumst
1062 1541 1270 1595 nobisque
1298 1542 1522 1596 poetisque
1545 1541 1768 1597 dactylicis

258 1613 412 1663 putare
445 1610 540 1651 illos
572 1610 803 1651 inseruisse
832 1610 952 1651 libris
986 1610 1117 1651 verba
1156 1610 1256 1651 solis
1286 1611 1526 1651 constantia
1560 1611 1767 1652 consonis.

257 1678 370 1719 unde
393 1678 458 1719 vel
489 1679 601 1719 hanc
624 1678 677 1720 ob
702 1692 875 1720 causam
900 1678 1155 1732 displicebit,
1189 1678 1303 1731 quod
1325 1678 1515 1720 Martiali
1539 1678 1766 1719 Schneide-

258 1748 378 1788 vinus
420 1747 573 1788 tribuit
611 1747 718 1788 haec:
760 1747 836 1801 [IL
869 1750 934 1797 27,
968 1751 1012 1799 33
1049 1748 1093 1798 V,
1128 1751 1192 1796 25,
1227 1747 1270 1801 2]
1314 1746 1477 1798 ‘effecte
1517 1750 1700 1798 yraviler
1732 1754 1768 1787 sl

258 1819 443 1866 nequiter
475 1830 576 1867 engle
611 1813 767 1865 beate’,·
811 1814 969 1856 ‘Leitas
1002 1829 1095 1857 ecce
1125 1819 1243 1856 venit.
1305 1824 1340 1855 sl
1364 1820 1469 1867 fzcgse
1501 1830 1625 1856 curre
1646 1813 1764 1856 [αἵθ’.

372 1885 604 1926 Praeterea
646 1884 853 1938 optimum
906 1898 1118 1938 quemque
1164 1887 1389 1937 poetarum
1432 1884 1657 1938 providere
1698 1898 1766 1924 ve-

256 1956 406 2004 rumst,
437 1966 489 1994 ne
522 1953 671 1994 eadem
704 1967 778 1994 seu
801 1952 960 1994 vocalis
992 1953 1079 1994 sive
1102 1965 1289 1993 consona
1311 1952 1377 1994 vel
1406 1952 1450 1992 in
1471 1966 1596 1994 versu
1618 1952 1766 1993 eodem

257 2022 321 2062 vel
358 2022 401 2062 in
434 2021 563 2063 verbo
603 2021 730 2061 nimis
774 2035 902 2075 saepe
942 2025 1152 2062 occurrat.
1215 2019 1267 2062 de
1309 2034 1395 2074 qua
1436 2034 1481 2061 re
1524 2021 1609 2061 iam
1650 2024 1767 2062 recte

255 2090 462 2131 iudicavit
490 2089 683 2131 Muretus
716 2090 941 2131 Variarum
975 2089 1206 2130 lectionum
1238 2088 1349 2130 lib.I
1382 2089 1493 2143 [cap.
1520 2089 1602 2143 15].
1656 2092 1766 2130 cete-

256 2173 350 2199 rum
384 2162 567 2212 augetur
598 2158 759 2208 vitium,
796 2171 890 2199 cum
923 2162 998 2199 aut
1029 2162 1176 2199 vastae
1206 2157 1331 2198 nimis
1362 2171 1413 2198 ac
1444 2157 1661 2211 spatiosae
1692 2161 1767 2198 aut

256 2227 381 2272 nimis
414 2227 548 2268 exiles
580 2231 679 2268 sunt
708 2227 898 2277 litterae,
940 2226 1232 2268 invocalibus
1265 2226 1393 2267 etiam
1425 2239 1476 2267 ea
1510 2239 1575 2275 re,
1617 2226 1651 2267 si
1683 2226 1767 2267 sint

256 2299 305 2336 ut
343 2309 446 2336 sono
488 2296 550 2336 ita
590 2295 833 2348 quantitate
873 2295 980 2348 pari.
1041 2295 1180 2336 minus
1215 2298 1360 2335 tamen
1391 2294 1499 2335 haec
1530 2297 1684 2336 curant
1714 2295 1764 2344 ei,

257 2363 330 2416 qui
362 2363 683 2405 allitterationis
713 2367 914 2404 tenentur
945 2362 1100 2404 studio.
1149 2362 1201 2404 de
1233 2362 1388 2416 quibus
1419 2366 1572 2416 postea
1603 2362 1763 2403 videbi-

255 2445 361 2472 mus.
424 2435 632 2485 quantum
669 2431 724 2472 ad
765 2435 948 2482 ceteros,
991 2434 1248 2485 apertumst,
1292 2430 1402 2472 sicut
1439 2430 1554 2484 apud
1584 2443 1660 2472 nos
1692 2430 1764 2483 qui

255 2499 494 2553 paullulum
528 2499 685 2541 callent
715 2499 892 2541 auribus
924 2498 1208 2541 reformidant
1244 2499 1347 2549 tale,
1390 2499 1560 2552 qualest
1594 2499 1765 2540 notissi-

257 2582 372 2609 mum
394 2568 500 2609 illud
523 2568 704 2610 Gellerti
746 2566 864 2616 Velm,
900 2571 973 2608 wie
1005 2572 1072 2617 du,
1107 2581 1220 2608 menn
1254 2571 1308 2608 du
1339 2570 1491 2617 stit-bst,
1525 2570 1763 2608 muensclzen

258 2640 370 2676 wirst
400 2639 532 2687 yelebt
563 2651 615 2676 zu
647 2634 818 2685 leuben',
858 2636 993 2689 magis
1026 2636 1156 2677 etiam
1188 2635 1350 2676 Latinis
1381 2635 1642 2685 hominibus,
1672 2634 1764 2675 dili-

257 2704 524 2756 gentioribus
557 2704 691 2745 multo
724 2708 766 2745 et
808 2704 1104 2758 suptilioribus
1144 2704 1225 2745 hac
1264 2703 1307 2744 in
1345 2707 1489 2757 parte,
1528 2702 1765 2757 improbari

257 2776 456 2826 oportere
489 2772 785 2826 multiplicatis
828 2772 983 2813 litteris
1015 2771 1193 2826 paribus
1224 2776 1299 2813 aut
1330 2771 1538 2812 similibus
1570 2774 1692 2812 vasta
1723 2774 1765 2811 et

258 2854 422 2881 sonora.
476 2854 574 2881 raro
605 2841 734 2893 igitur
765 2840 953 2881 invenies
982 2840 1128 2894 qualia
1159 2844 1258 2881 sunt
1290 2839 1479 2880 Maronis
1509 2839 1616 2880 haec
1653 2840 1762 2893 [aen.

255 2908 285 2959 1,
319 2909 363 2963 7]
406 2908 651 2959 ‘Albanique
678 2916 821 2959 patres
854 2917 974 2959 alque
1003 2913 1111 2950 allae
1141 2912 1298 2950 moenia
1322 2905 1491 2949 Romae’
1528 2908 1614 2948 sive
1638 2907 1764 2948 Statii
