1898 3292
696 243 816 269 LIBER
836 244 1023 275 QVARTVS.
1534 239 1555 276 3
1562 239 1584 277 2
1592 241 1613 278 5

223 347 429 399 Superest
461 345 769 386 Graecanicam
805 347 1012 400 synizesin
1048 351 1093 387 ut
1124 361 1330 389 enarrem.
1394 363 1503 401 quae
1537 350 1614 390 (⁷‘a-

107 414 203 455 tulli
234 417 426 467 tempore
468 418 563 455 orta
605 418 647 455 et
686 427 854 467 semper
885 414 1077 456 modeste
1107 415 1304 457 adhibita
1335 422 1509 470 praeter
1540 432 1614 459 no-

107 482 222 523 mina
263 482 439 536 propria
476 483 538 523 in'
561 482 796 537 trisyllabis
838 482 986 524 formis
1033 483 1400 526 substantivorum
1431 486 1496 526 vel
1539 486 1614 527 ad·

106 551 357 592 iectivorum
390 550 600 600 substitit,
633 555 812 605 excepto
847 552 961 604 quod
995 552 1206 605 Vergilius
1244 553 1405 607 [georg.
1438 554 1507 604 IV,
1542 555 1613 609 34]

107 623 149 659 et
197 622 369 660 secutus
420 632 516 660 eum
556 619 764 672 Corippus
810 619 998 674 [iohann.
1031 621 1072 670 Ι,
1105 621 1206 675 436]
1253 621 1359 662 illud
1404 622 1458 663 ab
1502 627 1613 664 alveo

106 687 368 729 descendens
401 691 584 728 alvearia
617 687 784 729 coalitis
807 687 953 729 dixere
976 688 1162 743 syllabis.
1213 693 1441 743 praeterea
1464 694 1613 731 curate

105 759 313 803 servatur,
345 770 396 797 ne
429 755 688 797 adhibeatur
719 757 919 810 synizesis
950 758 1030 798 nisi
1063 762 1263 811 correpta
1296 772 1326 799 e.
1387 772 1514 811 quam
1547 759 1613 800 vel

105 824 326 865 christiani
374 828 528 877 poetae
583 838 678 865 cum
730 824 952 878 diligentia
1002 829 1179 867 tenuere
1229 840 1449 877 normam,
1511 827 1613 869 licet

102 893 367 934 contraxerit
410 892 625 934 Licentius
670 893 844 946 quidam
892 894 996 948 [62]
1040 898 1320 945 Emampaeos,
1377 896 1491 948 quod
1538 910 1611 937 no-

104 975 200 1002 men
231 960 395 1002 scilicet
424 961 558 1015 ipsius
597 965 739 1002 aetate
778 961 1039 1003 efferebatur
1076 963 1342 1016 paenultima
1381 978 1401 1004 e
1441 967 1483 1004 et
1519 965 1611 1017 qni-

103 1030 198 1070 dem
237 1032 449 1083 correpta.
509 1030 655 1082 peiore
698 1030 827 1070 etiam
871 1031 1055 1084 scriptor
1096 1031 1323 1072 verborum
1357 1031 1534 1072 Achillis
1568 1033 1609 1073 in

100 1097 371 1151 parthenona
413 1098 504 1152 [80]
551 1098 744 1151 exemplo
776 1099 1104 1153 tetrasyllabum
1141 1100 1306 1153 recepit
1344 1103 1610 1142 Deidamiam.

86 1160 200 1207 'nam
233 1166 461 1207 alienumst
505 1165 629 1214 illud,
672 1167 786 1219 quod
828 1181 853 1207 a
886 1167 1118 1209 Prudentio
1158 1170 1400 1209 Chananeus
1433 1173 1474 1209 et
1508 1173 1611 1210 Mat-

103 1238 216 1275 theus
247 1238 464 1288 ponuntur
496 1248 590 1275 cum
623 1234 890 1288 diphthongo
922 1235 1168 1290 [hamartig.
1192 1240 1294 1288 4083
1328 1237 1472 1290 apoth.
1497 1238 1610 1292 981]

104 1316 237 1355 quare
284 1303 397 1356 quod
444 1307 564 1343 Penei
607 1303 722 1356 apud
755 1303 987 1357 Vergilium
1030 1305 1190 1358 [georg.
1225 1305 1294 1354 IV,
1329 1306 1428 1360 355]
1473 1305 1611 1347 fertur

103 1370 370 1425 disyllabum,
403 1372 443 1412 ni
476 1375 640 1412 statues
664 1371 854 1412 Graecos
887 1372 1044 1413 dixisse
1075 1376 1117 1413 et·
1140 1372 1318 1428 Πηνεὸν
1350 1377 1397 1414 ut
1429 1371 1610 1428 Ἀλφεὸν

103 1439 325 1480 subtracta
359 1443 383 1488 ἱ,
416 1439 520 1480 illud
554 1439 710 1480 falsum
743 1454 834 1481 esse
858 1440 1051 1481 Bentleio
1075 1445 1117 1481 et-
1140 1442 1352 1493 Wagnero
1377 1442 1608 1483 adsentior.

102 1507 226 1561 longe
259 1512 399 1549 autem
431 1508 602 1561 saepius
632 1508 676 1548 in
706 1508 818 1550 thesi
850 1523 977 1562 quain
1002 1509 1041 1549 in
1067 1509 1152 1550 arsi
1176 1510 1314 1551 evenit
1338 1510 1608 1564 synhaeresis

101 1575 196 1625 illa,
236 1577 298 1616 ita
341 1576 510 1629 quidem
555 1581 601 1616 ut
644 1576 806 1617 heroici
836 1577 963 1618 metri
1004 1602 1057 1606 —
1097 1592 1196 1618 nam
1228 1578 1328 1619 huic
1359 1592 1495 1632 paene
1529 1580 1608 1620 soli

102 1644 333 1685 adhibetur
375 1669 429 1674 —
474 1644 614 1685 locum
661 1644 751 1685 fere
797 1646 1011 1698 optineret
1057 1650 1225 1688 sextum
1267 1647 1331 1687 vel
1376 1647 1607 1701 aliqnando

101 1713 298 1766 primum.
371 1716 650 1766 congruumst
696 1718 838 1754 autem
882 1713 1121 1767 elegantiae
1163 1715 1343 1757 Latinae
1383 1730 1467 1757 non
1513 1717 1607 1757 aliis

102 1781 234 1822 ferme
264 1781 481 1822 licentiam
514 1781 641 1822 istam
672 1781 823 1822 adesse
854 1783 996 1824 verbis
1028 1796 1155 1836 quam
1190 1797 1299 1837 quae
1331 1785 1478 1838 inepta
1510 1789 1609 1826 sunt

100 1853 249 1891 metro.
308 1849 440 1903 igitur
479 1863 563 1890 non
603 1850 684 1890 erit
715 1850 868 1891 mirum
905 1851 1045 1892 rarius
1076 1851 1202 1905 longe
1235 1852 1448 1907 dactylica
1476 1853 1608 1895 verba

99 1918 293 1959 imminui
336 1931 464 1971 quam
497 1919 674 1967 cretica,
718 1919 797 1959 etsi
830 1926 966 1960 ostrea,
998 1924 1039 1960 et
1071 1934 1201 1961 aurea
1233 1921 1456 1962 Horatium
1492 1922 1607 1976 apud

101 1990 143 2027 et
174 1986 371 2027 Ovidium
402 1987 676 2040 reperiuntur
708 1986 918 2041 disyllaba
958 1989 1053 2042 [sat.
1076 1989 1128 2039 ΙΙ,
1152 1992 1188 2038 2,
1213 1992 1287 2041 213
1320 1993 1489 2031 metam.
1513 1990 1606 2041 XII,

102 2055 216 2109 395}
278 2068 412 2108 quare
457 2055 571 2108 quod
610 2059 740 2108 negat
770 2055 1070 2098 Lachmannus
1111 2058 1167 2112 [p.
1204 2059 1301 2113 192]
1345 2057 1452 2099 illud
1491 2058 1606 2112 quod

100 2126 166 2164 est
205 2127 350 2174 iyneus
390 2136 516 2176 posse
563 2124 654 2177 pati
701 2124 930 2177 synizesin,
977 2125 1120 2178 opinio
1167 2126 1257 2167 eius
1302 2140 1387 2167 non
1434 2127 1606 2180 quidem

99 2190 382 2243 grammatica
414 2191 600 2244 quadam
633 2206 806 2242 norma,
850 2192 924 2233 sed
965 2194 1101 2235 tacita
1139 2194 1380 2247 elegantiae
1411 2196 1504 2250 lege
1534 2196 1605 2237 fir-

98 2262 253 2300 matur.
318 2263 495 2313 superat
537 2264 585 2301 ut
623 2260 850 2314 potissima
891 2265 1117 2303 auctorum
1159 2276 1355 2305 enarrem
1398 2264 1605 2318 exempla.

97 2327 245 2380 itaque
275 2327 410 2368 habes
443 2328 557 2381 apud
580 2328 795 2370 Catullum
828 2331 912 2384 [64,
946 2333 1050 2382 3363
1086 2331 1184 2385 178]
1217 2336 1441 2373 contracta
1473 2336 1605 2379 Peleo,

98 2399 346 2445 Idomeneos,
378 2399 625 2449 praeterea,
657 2411 767 2450 quae
798 2401 961 2450 tamen,
992 2402 1041 2439 ut
1072 2413 1205 2452 supra
1236 2399 1414 2451 dictum,
1446 2401 1606 2442 rectius

99 2463 374 2505 habebuntur
418 2465 559 2505 aliena
606 2466 697 2520 [64,
731 2469 834 2517 2293
878 2471 981 2517 3823
1031 2468 1149 2521 120],
1196 2471 1436 2518 Erechthei,
1484 2472 1604 2517 Pelei,

37 2539 43 2541 “
104 2534 258 2573 Thesei.
310 2546 332 2572 e
364 2532 520 2585 quibus
553 2547 628 2574 cur
658 2537 895 2576 Idomeneos
927 2539 1123 2577 coactum
1145 2536 1189 2576 in
1212 2536 1387 2578 dubium
1411 2538 1606 2578 vocarint

98 2599 291 2641 homines
325 2600 439 2642 docti
470 2615 555 2642 non
589 2602 809 2655 intellego,
851 2617 945 2644 cum
990 2604 1160 2645 mollius
1199 2605 1254 2646 sit
1292 2606 1441 2658 utique
1475 2619 1601 2658 quam

99 2671 322 2709 contracta
345 2682 454 2721 quae
477 2683 608 2723 supra
628 2668 862 2712 memoravi
884 2671 1099 2726 dactylica
1129 2687 1273 2722 aurea,
1305 2681 1452 2714 ostrea.
1501 2687 1604 2714 sane

99 2736 141 2775 in
171 2735 293 2777 libris
325 2741 390 2778 est
420 2741 585 2779 idoneos
616 2752 667 2779 ne
700 2738 767 2779 vel
798 2743 1002 2780 idmoneos
1035 2754 1108 2789 ne;
1142 2741 1254 2782 unde
1287 2741 1460 2794 quidam
1486 2745 1603 2782 Idae-

99 2818 205 2844 osne.
274 2808 364 2845 tum
410 2805 523 2859 apud
567 2805 794 2847 Horatium
837 2808 1112 2849 inveniuntur
1156 2822 1286 2862 passa
1326 2809 1603 2864 synhaeresin

99 2886 238 2921 cerea,
268 2880 422 2921 ostrea,
457 2875 621 2925 Lyncei,
664 2879 710 2915 at
740 2875 853 2928 apud
887 2876 1142 2929 Vergilium,
1173 2877 1246 2930 qui
1275 2877 1387 2918 hanc
1417 2882 1465 2918 ut
1496 2878 1603 2919 alias

98 2939 282 2981 intendit
302 2941 533 2992 licentiam,
556 2942 749 2985 versibus
772 2943 893 2984 XXII
916 2948 1040 2994 alveo,
1074 2949 1271 2994 alvearia,
1303 2949 1429 2995 aerei,
1462 2960 1602 2996 aureo,
