1898 3292
215 199 265 236 32
830 202 1106 228 PROHOEMIVM.

216 323 308 351 esse
338 309 381 350 in
412 308 593 349 metrica
625 306 738 360 quod
772 305 967 347 Ovidium
1008 303 1171 344 abnuat
1212 306 1450 352 auctorem,
1494 303 1721 344 dictionem

216 381 360 419 autem
404 390 499 418 cum
547 387 712 416 summa
750 374 841 415 eius
882 373 1087 413 virtutum
1131 371 1417 424 vitiorumque
1450 370 1724 412 observantia

218 450 435 494 exactam,
476 442 718 496 argumenti
756 445 900 482 tamen
931 440 1234 481 tractationem
1266 439 1542 480 morosiorem
1577 439 1723 479 exilio-

216 526 393 566 remque
424 526 551 565 quam
585 524 695 564 quae
732 509 862 562 digna
892 508 1089 549 videatur
1122 507 1284 548 Ovidio.
1348 521 1473 560 quem
1506 521 1600 548 cum
1635 521 1724 548 cer-

216 586 307 624 tum
340 581 395 622 sit
427 584 469 622 et
498 580 638 634 ipsum
662 577 950 632 composuisse
975 575 1203 630 epistulam
1227 575 1425 629 Sapphus
1457 575 1637 625 nomine,
1670 574 1724 615 ab

217 650 383 692 assecla
415 648 564 690 eodem
596 649 833 689 retractato
865 649 1119 699 argumento
1158 658 1351 693 carmen,
1384 644 1498 697 quod
1530 643 1724 697 exemplo

217 720 376 769 fuerat,
424 717 594 758 videtur
638 715 819 770 perisse,
866 714 1074 755 mansisse
1119 713 1395 754 simulacrum
1444 713 1553 763 eius,
1600 712 1726 753 sicuti

218 788 380 829 factum
411 787 453 826 in
485 785 639 827 Culice.

336 856 397 895 De
430 853 583 895 ceteris
615 852 829 906 epistulis,
860 851 900 892 h.
933 864 967 891 0.
1000 850 1071 900 III,
1105 850 1215 900 VIII,
1247 849 1320 900 IX,
1353 849 1446 899 XII,
1479 849 1592 899 XIII,
1626 848 1729 902 quid

220 922 551 966 existimandum
594 921 650 962 sit
690 934 775 961 non
816 919 921 961 satis
965 921 1196 971 comparet.
1259 931 1369 971 quae
1403 921 1546 959 tamen
1578 917 1613 958 si
1646 930 1730 957 non

221 993 361 1034 Ovidii
392 995 502 1041 sunt,
533 989 711 1043 perinde
743 992 873 1041 atque
904 991 1073 1029 ceterae
1106 986 1253 1028 eodem
1295 989 1409 1027 certe
1441 990 1634 1040 tempore
1666 985 1732 1026 vel

221 1062 414 1115 proxime
444 1060 696 1112 insequente
729 1056 1004 1110 compositae.

339 1131 429 1170 lam
471 1141 523 1168 ex
565 1125 801 1167 Heroidum
840 1125 952 1166 libro
992 1137 1102 1177 quae
1154 1123 1309 1176 quibus
1358 1123 1618 1164 antecellant
1663 1136 1731 1163 ve-

223 1201 395 1239 nustate
427 1195 612 1237 viderint
644 1193 800 1247 quibus
833 1193 965 1234 otium
999 1196 1041 1233 et
1074 1192 1291 1244 ingenium
1324 1194 1534 1245 suppetet.
1596 1192 1669 1244 qui
1699 1191 1734 1231 si

223 1268 334 1308 forte
376 1279 425 1306 eo
463 1262 718 1312 deciderint,
764 1265 812 1302 ut
862 1262 903 1302 in
957 1264 1048 1302 toto
1092 1260 1165 1301 illo
1209 1273 1363 1313 genere
1408 1260 1609 1301 carminis
1650 1273 1733 1300 non

224 1336 285 1376 ita
316 1334 497 1375 multum
526 1333 665 1374 inesse
697 1334 892 1372 statuant
921 1329 1094 1383 leporis,
1124 1343 1191 1370 1110
1214 1328 1384 1381 quidem
1408 1342 1492 1369 non
1514 1328 1736 1368 habebunt

227 1403 539 1445 adversantem.
607 1403 836 1455 praeterea
884 1400 1090 1439 certumst
1129 1400 1299 1451 partem
1346 1396 1633 1450 conscriptam
1681 1395 1735 1436 ab

229 1470 577 1513 adulescentibus
608 1468 778 1522 ingenio
809 1466 998 1508 nondum
1028 1466 1133 1507 satis
1164 1465 1335 1507 firmato
1367 1469 1410 1507 et
1439 1469 1488 1506 ut
1514 1464 1623 1506 solet
1643 1464 1737 1506 fieri

226 1540 398 1582 traditis
420 1538 579 1592 regulis
600 1540 814 1592 partaque
837 1535 1016 1577 scientia
1037 1535 1253 1576 interdum
1275 1533 1497 1575 utentibus
1528 1533 1736 1587 cupidius

231 1610 351 1650 cuius
394 1608 456 1649 rei
494 1607 659 1660 insigne
700 1604 941 1658 exemplum
979 1606 1099 1644 extat
1128 1603 1171 1643 in
1204 1602 1390 1657 epistula
1422 1602 1591 1643 Acontii
1624 1602 1737 1656 [57]·.

457 1687 527 1721 hoc
554 1686 695 1720 faciunt
719 1684 802 1718 flavi
829 1683 948 1717 crines
977 1687 1014 1717 et
1040 1683 1201 1717 eburnea
1226 1683 1351 1716 cervix

529 1754 694 1787 quaeque
718 1752 853 1786 precor
879 1740 1028 1774 veniant
1051 1740 1087 1773 in
1113 1751 1194 1774 mea
1219 1740 1315 1773 colla
1339 1751 1468 1772 manus

460 1804 496 1835 et
521 1801 635 1834 decor
662 1803 699 1834 et
723 1799 844 1832 vultus
870 1798 947 1832 sine
975 1797 1181 1831 rusticitate
1209 1797 1390 1841 pudentes

530 1860 567 1891 et
592 1856 759 1890 Thetidis
786 1855 909 1899 quales
935 1855 995 1888 vix
1024 1866 1108 1889 reor
1135 1865 1213 1888 esse
1240 1854 1363 1898 pedes.

233 1938 389 1980 etenim
422 1950 683 1991 quamquam
714 1936 827 1977 inter
859 1938 1026 1976 ceteras
1056 1934 1264 1975 Nereidas
1295 1933 1499 1988 pulchras
1542 1937 1584 1974 et
1625 1934 1742 1987 ipsas

234 2006 486 2049 excelluisse
517 2008 742 2047 venustate
764 2004 918 2045 Thetin
949 2003 1030 2044 hoc
1053 2006 1221 2044 constat
1242 2016 1367 2044 versu
1389 2000 1545 2043 Catulli
1567 2002 1651 2056 [ss4,
1670 2002 1742 2056 28]

227 2075 338 2116 ‘lene
375 2078 508 2116 Thetis
540 2076 687 2121 lenuit,
724 2075 1006 2123 pulcherre'ma
1038 2068 1263 2112 Neree'ncf
1324 2074 1469 2112 tamen
1510 2084 1742 2123 numquam

236 2144 463 2202 quisquam
507 2145 733 2196 poetarum
772 2140 1024 2181 Latinorum
1064 2141 1181 2194 (nam
1222 2139 1411 2181 Graecos
1454 2152 1538 2180 11011
1581 2139 1743 2193 moror)

234 2213 278 2253 in
320 2210 539 2253 laudanda
590 2210 730 2250 forma
780 2208 1036 2250 feminarum
1082 2208 1275 2250 Thetidis
1326 2208 1584 2249 mentionem
1630 2207 1743 2248 fecit.

235 2281 348 2322 unde
392 2282 542 2334 sponte
582 2280 766 2331 apparet
807 2290 885 2318 nec
926 2277 1083 2330 pedum
1125 2277 1214 2318 eius
1257 2276 1401 2317 decori
1437 2275 1638 2331 iactando
1670 2288 1744 2328 po-

236 2349 370 2390 tuisse
393 2361 486 2390 esse
508 2348 662 2397 locum,
684 2345 764 2386 nisi
788 2344 860 2398 qui
882 2345 1054 2398 scripsit
1076 2345 1303 2399 epistulam
1327 2344 1497 2385 Acontii
1517 2343 1746 2384 infeliciter

237 2430 415 2471 prorsus
459 2419 590 2468 atque
628 2413 928 2467 intempestive
960 2439 1015 2442 —
1045 2427 1145 2454 nam
1184 2413 1354 2454 omnino
1399 2411 1556 2466 pedum
1587 2411 1746 2452 iniecta

237 2485 397 2526 mentio
445 2483 555 2525 male
602 2481 736 2523 habet
780 2506 835 2510 —
876 2481 1129 2523 recordatus
1175 2484 1289 2523 esset
1323 2480 1600 2522 Homericum
1640 2479 1747 2520 illud

243 2554 367 2604 Θέτις
415 2550 709 2608 ἀργυρόπεζα.
786 2563 870 2602 (1110
922 2549 1076 2604 cupide
1128 2552 1303 2603 arrepto
1352 2548 1553 2602 probavit
1600 2547 1747 2588 iudicii

240 2634 429 2662 errorem
461 2618 587 2661 simul
618 2622 660 2659 et
691 2617 846 2659 aetatis
867 2618 1174 2669 infirmitatem,
1197 2616 1436 2658 simillimus
1466 2616 1580 2657 illius
1610 2618 1747 2656 secta-

240 2689 346 2730 toris
386 2687 562 2738 Tibulli,
606 2688 697 2740 qui,
740 2686 967 2728 Messallae
1011 2685 1161 2727 laudes
1203 2685 1305 2726 dum
1349 2685 1610 2726 hexametris
1651 2697 1747 2737 per-

241 2757 456 2810 sequitur,
503 2756 652 2797 itidem
697 2755 872 2796 Homeri
918 2767 996 2795 nec
1038 2754 1178 2795 minus
1219 2753 1479 2807 Thucydidis
1524 2752 1748 2806 pueriliter

241 2825 378 2865 iactat
404 2824 604 2877 peritiam
637 2824 724 2878 [m
760 2827 795 2873 1,
828 2827 881 2864 48
914 2836 1029 2875 sqq.;
1065 2822 1176 2876 199]

358 2892 440 2932 Sed
474 2906 568 2932 cum
601 2893 661 2933 ita
690 2895 739 2932 ut
780 2891 963 2932 indicavi
1003 2891 1045 2930 in
1080 2890 1284 2943 Epistulis
1325 2889 1485 2930 habeat
1528 2902 1615 2939 res,
1656 2889 1748 2928 iure
