1898 3292
278 171 353 209 162
853 178 972 204 LIBER
991 178 1201 206 SECVNDVS.

270 279 366 331 fiat’
417 281 592 322 verbum
628 295 652 322 a
684 281 767 322 fine
798 282 973 322 tertium
1007 281 1232 322 subtracta
1263 297 1282 321 s
1312 281 1459 322 littera
1492 281 1648 322 debere
1682 295 1780 335 pro-

273 351 474 391 nuntiari.
529 355 756 403 praeterea
789 350 941 390 ultima
971 353 1114 390 aetate
1147 363 1171 390 a
1204 350 1384 391 Boethio
1415 354 1512 404 post
1543 364 1676 391 annos
1708 349 1780 390 DC

273 419 559 471 redintegrari
592 419 797 459 Varronis
836 418 1053 458 licentiam
1097 421 1183 458 tam
1219 421 1380 459 certum
1414 432 1543 471 quam
1572 419 1780 459 mirumst.

272 487 315 527 in
363 487 482 527 cuius
526 486 797 528 scazontibus
845 486 1038 538 alioquin
1084 486 1197 527 omni
1240 486 1367 527 laude
1412 486 1575 527 floridis
1627 487 1685 541 [H
1740 490 1780 537 13

273 555 346 605 ΙΙΙ,
382 555 452 609 11]
483 555 759 596 inveniuntur
788 554 1021 595 identidem
1053 558 1099 595 ut
1128 557 1235 608 puta
1264 554 1394 595 tales:

593 629 763 672 ultroque
788 628 946 673 gemitus
972 627 1063 662 dura
1089 640 1179 671 quos
1204 628 1293 662 fecit
1318 627 1423 662 ridet.

389 691 523 733 Multo
569 695 712 733 autem
761 690 959 745 suptilior
1004 694 1069 732 est
1110 690 1307 732 doctrina
1347 693 1398 732 de
1439 694 1673 744 anapaesto
1707 694 1782 732 aut

273 760 444 815 dactylo
489 760 686 801 admissis
734 760 824 800 vice
872 759 1050 813 spondei
1093 763 1135 800 et
1177 759 1228 801 de
1270 760 1412 801 soluta
1455 760 1552 800 arsi.
1613 760 1655 800 in
1697 774 1780 813 quo

273 829 472 870 licentiae
506 842 660 882 genere
692 832 734 869 et
758 828 913 869 Graeci
944 831 1119 881 praeter
1151 829 1335 869 comicos
1365 829 1552 881 plurima
1583 829 1781 869 cautione

272 898 337 938 usi
371 901 413 937 et
443 897 579 950 magis
613 897 742 937 etiam
765 896 918 936 Latini.
967 896 1082 949 quod
1114 910 1216 938 sane
1247 908 1330 937 non
1360 897 1411 937 de
1443 896 1576 937 nihilo
1608 895 1780 937 factum.

271 979 456 1018 namque
496 968 756 1019 anapaestO,
808 967 842 1005 si
893 979 1039 1006 verum
1084 965 1338 1015 fatebimur,
1392 965 1519 1018 plane
1562 964 1783 1005 immutari

272 1035 452 1075 istorum
485 1037 719 1075 metrorum
759 1037 958 1074 naturam
1010 1033 1136 1075 facile
1175 1033 1447 1075 concedetur.
1507 1033 1781 1087 pyrrhichius

272 1107 415 1143 autem
446 1116 524 1156 pro
557 1116 618 1153 ea,
652 1116 763 1155 quae
795 1102 873 1143 sub
905 1102 1036 1143 ictum
1070 1102 1196 1153 cadit,
1226 1102 1392 1156 syllaba
1420 1102 1583 1155 positus
1614 1101 1710 1142 ideo
1740 1101 1781 1141 in

271 1171 426 1212 iambis
458 1185 508 1211 ac
539 1171 755 1211 trochaeis
788 1171 923 1224 magis
955 1174 1019 1211 est
1049 1170 1274 1212 offensioni
1306 1185 1434 1224 quam
1457 1171 1500 1211 in
1522 1170 1780 1223 anapaestis,

273 1240 375 1293 quia
404 1240 446 1280 in
478 1240 595 1290 istis,
638 1253 733 1280 cum
774 1242 931 1280 natura
970 1240 1097 1280 metri
1139 1240 1282 1293 potior
1321 1240 1376 1280 sit
1407 1239 1516 1280 arsis
1547 1238 1677 1289 thesi,
1721 1238 1782 1279 di-

273 1311 436 1349 stracta
467 1308 542 1348 illa
584 1333 637 1337 —
677 1321 775 1348 nam
817 1308 944 1348 binae
983 1307 1135 1349 breves
1172 1307 1268 1361 plus
1300 1307 1462 1348 habent
1492 1307 1621 1361 spatii
1653 1320 1780 1359 quam

275 1376 428 1429 longae
467 1376 659 1429 singulae
705 1402 760 1406 —
800 1376 929 1417 etiam
969 1377 1105 1429 magis
1147 1376 1255 1417 haec
1300 1378 1581 1426 extenuatur,
1623 1379 1671 1416 ut
1711 1375 1781 1416 de-

274 1448 450 1498 generet
480 1459 628 1486 versus
661 1459 685 1486 a
718 1445 858 1486 forma
890 1445 1128 1498 principali.
1190 1449 1419 1498 praeterea
1460 1447 1508 1485 ut
1546 1443 1782 1498 dactylicus

272 1527 475 1554 numerus
520 1513 703 1554 exclusis
746 1513 968 1566 spondeis,
1017 1514 1079 1554 ita
1124 1513 1334 1554 iambicus
1380 1512 1665 1566 multiplicato
1707 1512 1782 1552 tri-

272 1582 434 1623 bracho
475 1586 725 1623 enervatum
770 1581 974 1634 quiddam
1019 1585 1144 1622 sonat
1185 1586 1227 1622 et
1266 1582 1410 1630 molle,
1454 1580 1568 1634 quod
1610 1580 1781 1634 quidem

273 1664 398 1691 sensu
443 1651 580 1702 magis
624 1664 751 1703 quam
794 1650 961 1691 ratione
1001 1650 1227 1703 percipias.
1295 1664 1405 1703 quae
1447 1663 1541 1690 cum
1587 1650 1649 1690 ita
1686 1649 1782 1699 sint,

271 1732 355 1759 non
397 1719 478 1759 erit
518 1719 694 1769 mirum,
737 1718 851 1771 quod
895 1718 1128 1772 pleraeque
1168 1719 1210 1759 in
1253 1718 1456 1760 solvenda
1494 1717 1780 1758 iambicorum

270 1801 468 1828 versuum
501 1788 587 1828 arsi
618 1787 812 1840 optinent
844 1788 1073 1837 cautiones,
1108 1801 1215 1840 quas
1245 1787 1288 1827 in
1321 1786 1607 1840 anapaesticis
1631 1786 1778 1826 metris

270 1869 353 1896 non
394 1856 572 1910 perinde
612 1856 835 1897 inveneris.
887 1880 940 1886 —
987 1859 1032 1896 at
1073 1855 1295 1909 anapaesti
1337 1855 1505 1896 initium
1552 1854 1634 1895 fuit
1678 1854 1776 1895 tale.

272 1938 365 1964 011111
396 1925 437 1964 111
474 1924 663 1965 historiis
688 1923 950 1965 Graecorum
975 1925 1171 1978 plerique
1202 1927 1344 1965 essent
1375 1923 1527 1964 heroes
1550 1922 1615 1963 vel
1637 1922 1778 1963 heroi-

270 2006 362 2043 nae,
395 1993 566 2046 quibus,
612 1996 660 2034 111
697 1993 862 2046 tragico
896 1993 1073 2034 carmini
1107 1996 1250 2034 essent
1278 1992 1385 2046 apti,
1425 1992 1568 2032 omnia
1602 1991 1784 2032 aderant

270 2065 444 2114 praeter
484 2061 657 2102 nomina
698 2061 889 2102 absurda
931 2062 1156 2112 trimetris,
1208 2060 1354 2114 qualia
1397 2063 1495 2101 sunt
1540 2062 1782 2108 Laomedon,

270 2133 488 2181 Anliqone,
521 2133 757 2181 Iplee‘yene'a,
791 2133 1010 2180 Penelope,
1054 2144 1154 2171 num
1184 2133 1340 2183 poetae
1373 2128 1546 2179 Graeci,
1578 2128 1783 2169 minutias

270 2201 317 2238 ut
348 2194 581 2249 servarent,
612 2212 820 2239 summam
845 2198 1092 2239 omitterent
1114 2202 1190 2239 aut
1210 2197 1323 2238 nube
1346 2197 1532 2250 quadam
1555 2197 1781 2238 verborum

271 2265 556 2307 obscurarent
598 2280 708 2319 quae
752 2270 901 2320 aperte
934 2266 1167 2319 significari
1200 2266 1428 2307 amarent?
1472 2266 1654 2307 talemve
1686 2279 1780 2319 per-

270 2330 472 2375 sonarum
501 2335 777 2376 instituerent
809 2335 1154 2388 descriptionem,
1185 2334 1356 2387 qualem
1387 2333 1522 2375 habes
1544 2335 1586 2374 in
1610 2333 1782 2375 Goethii

270 2402 418 2443 fabula
447 2403 541 2453 illa,
582 2403 649 2443 0111
691 2417 844 2444 nomen
873 2407 937 2444 est
968 2403 1102 2444 Filiae
1134 2403 1335 2457 spuriae?
1401 2402 1547 2455 qualia
1585 2416 1679 2443 cum
1720 2401 1782 2442 illi

270 2475 388 2512 recto
418 2471 576 2511 iudicio
609 2475 873 2525 respuerent,
905 2472 1042 2525 primo
1073 2471 1171 2512 inde
1204 2474 1308 2511 nata
1338 2470 1513 2511 licentia
1545 2470 1780 2524 anapaesti,

270 2539 343 2591 qui
384 2552 481 2580 mox
520 2539 644 2592 quasi
687 2539 877 2592 legitime
909 2553 1158 2580 concessum
1190 2540 1376 2593 primum
1406 2538 1598 2592 possedit
1628 2538 1781 2579 locum.

270 2611 315 2647 at
348 2607 498 2647 comici
531 2621 634 2648 sane
667 2607 828 2648 maiore
858 2621 1169 2661 usquequaque
1200 2607 1265 2648 usi
1305 2607 1526 2657 libertate,
1570 2606 1695 2647 simul
1736 2610 1784 2646 ut

271 2689 381 2728 quae
412 2675 614 2716 locuntur
646 2679 818 2729 sumpta
847 2676 898 2716 de
930 2676 1018 2716 vita
1048 2689 1197 2729 posses
1230 2679 1406 2728 putare,
1448 2688 1473 2715 a
1515 2675 1654 2728 primo
1686 2688 1781 2715 eum

270 2747 461 2797 tempore
493 2743 704 2784 admisere
736 2744 959 2796 promisce.
1011 2744 1163 2784 horum
1194 2743 1329 2784 libros
1359 2743 1392 2783 si
1425 2743 1657 2796 exceperis,
1694 2756 1781 2782 mo-

269 2811 365 2851 dica
407 2825 575 2865 semper
619 2812 842 2865 anapaesti
874 2811 1047 2852 licentia
1078 2811 1324 2864 permansit.
1385 2812 1541 2852 etenim
1574 2811 1687 2863 quod
1720 2810 1781 2850 di-

269 2879 326 2919 cit
357 2879 657 2920 Lachmannus
700 2880 743 2919 in
775 2880 1082 2920 commentario
1114 2880 1395 2932 l'ropertiano
1437 2880 1494 2933 [p.
1519 2880 1619 2932 367]
1661 2893 1781 2918 num—
