1898 3292
210 265 226 302 1
236 266 261 303 O
820 274 1097 299 Pnonomtrvm.

205 375 344 428 qualis
384 390 409 416 a
439 376 583 417 Laevii
614 376 855 430 Catullique
886 380 928 418 et
960 377 1118 418 Cinnae
1167 376 1297 417 fuerit
1336 381 1529 430 tempore
1561 378 1711 430 paucis

206 444 523 486 demonstrabo.

319 513 456 566 Igitur
487 512 538 554 de
570 513 742 555 Valerio
775 514 953 565 Catone,
997 528 1122 567 quem
1154 513 1289 554 tradit
1319 513 1548 554 Suetonius
1576 514 1711 554 visum

204 580 484 634 peridoneum
525 586 744 623 auctorem
792 582 847 624 ad
887 582 1100 636 poeticam
1144 581 1437 633 tendentibus,
1482 581 1526 622 hi
1563 596 1711 623 versus

205 648 456 691 ferebantur
469 665 477 691 ε

482 718 573 753 Cato
599 718 861 763 grammaticus
886 718 1019 753 Latina
1045 718 1161 761 Siren,

481 776 541 819 qui
566 776 664 810 solus
694 776 785 821 legit
809 788 850 810 ac
876 776 965 810 facit
989 778 1129 820 poetas.

320 843 413 884 Non
456 844 595 886 minus
636 847 738 886 nota
780 858 848 886 res
886 844 938 885 de
970 845 1016 895 Q.
1049 845 1252 896 Caecilio,
1293 845 1366 898 qui
1406 845 1570 899 primus
1611 845 1713 886 Ver-

206 912 352 965 gilium
388 916 431 954 et
474 912 580 954 alios
623 916 774 967 poetas
805 927 936 954 novos
969 927 1020 954 ex
1050 917 1244 967 tempore
1277 908 1418 967 coepit
1449 913 1712 968 praelegere,

203 984 252 1022 ut
283 985 465 1035 apparet
494 981 628 1022 Marsi
657 981 890 1023 versiculo:

479 1049 636 1094 Epirota
660 1050 881 1084 tenellorum
906 1050 1089 1084 nutricula
1116 1052 1251 1084 vatum.

319 1118 472 1171 Itaque
504 1132 600 1159 cum
632 1118 793 1160 Catone
816 1118 976 1160 Cinnae
1008 1133 1058 1160 ac
1082 1118 1257 1160 Ticidae
1289 1122 1332 1160 et
1353 1119 1574 1171 Bibaculo,
1612 1121 1713 1162 Ver-

206 1186 307 1240 gilio
340 1200 436 1228 cum
466 1187 698 1228 Parthenio
731 1190 773 1228 et
804 1187 972 1242 Hygino
1005 1188 1249 1229 intercessit
1280 1186 1571 1239 familiaritas,
1604 1189 1715 1230 sicut

205 1258 358 1308 postea
389 1255 492 1297 Silio
525 1269 620 1297 cum
652 1256 852 1298 Cornuto.
906 1256 1058 1309 quodsi
1090 1255 1142 1297 de
1172 1256 1498 1309 insequentibus
1531 1257 1714 1299 saeculis

206 1324 345 1365 minus
387 1326 577 1375 constat,
619 1324 955 1378 haudquaquam
998 1325 1193 1378 sequitur
1232 1325 1360 1366 aliam
1407 1328 1537 1378 atque
1586 1330 1715 1368 antea

207 1392 442 1446 optinuisse
474 1393 838 1435 consuetudinem.

319 1461 456 1514 Igitur
499 1475 760 1516 quamquam
803 1462 902 1504 inde
948 1476 974 1503 a
1011 1461 1226 1503 Ciceronis
1268 1464 1411 1503 aetate
1449 1463 1585 1515 magis
1629 1463 1715 1504 iam

207 1529 429 1583 aliquanto
471 1530 712 1572 disiunctae
759 1531 934 1573 fuerunt
978 1530 1149 1585 poetica
1195 1534 1237 1571 et
1284 1531 1586 1584 grammatica,
1630 1546 1714 1573 non

205 1601 351 1639 tamen
385 1612 589 1653 umquam
629 1599 883 1651 defuerunt,
927 1599 999 1653 qui
1031 1602 1259 1652 utramque
1293 1603 1545 1641 exercerent
1576 1600 1714 1651 simul,

207 1666 448 1709 mobilitate
480 1668 597 1709 ducti
628 1668 787 1722 ingenii
817 1672 860 1710 et
879 1671 1009 1722 prout
1031 1666 1218 1709 ducebat
1239 1668 1407 1709 animus
1430 1667 1715 1722 obsequentes

207 1761 260 1766 —
295 1750 349 1777 an
384 1736 631 1788 credebant,
666 1737 781 1790 quod
812 1737 984 1778 minime
1017 1735 1264 1787 absurdum,
1295 1750 1379 1789 quo
1409 1737 1504 1790 quis
1537 1750 1715 1779 accura-

206 1805 315 1846 tiore
358 1809 400 1847 et
440 1805 687 1859 regularum
730 1805 1006 1847 meti-icarum
1049 1808 1091 1846 et
1123 1804 1292 1846 dicendi
1319 1804 1462 1858 legum
1492 1808 1716 1859 poteretur

209 1874 463 1927 cognitione,
497 1887 546 1915 eo
578 1874 747 1916 facilius
777 1888 903 1928 posse
927 1873 1200 1928 quantumvis
1222 1876 1410 1914 remotas
1433 1877 1509 1915 aut
1530 1874 1716 1916 latentes

206 1942 337 1996 patrii
369 1943 577 1985 sermonis
600 1943 754 1985 elicere
777 1943 1046 1996 elegantias?
1080 1941 1210 1996 quale
1232 1955 1334 1983 sane
1356 1941 1473 1984 haud
1495 1943 1715 1985 minimum

208 2010 337 2052 decus
369 2015 434 2053 est
464 2015 618 2066 poetae
650 2011 763 2053 boni,
821 2015 925 2053 nota
955 2025 1023 2053 res
1055 2014 1120 2052 est
1160 2010 1212 2052 de
1244 2010 1438 2053 Varrone
1471 2014 1513 2052 et
1542 2011 1715 2055 Catone.

206 2093 304 2120 mox
348 2080 497 2122 eadem
540 2080 780 2122 studiorum
822 2080 1032 2122 varietate
1075 2083 1117 2121 et
1144 2078 1321 2132 Valgius
1367 2082 1410 2121 et
1440 2079 1645 2122 Messalla
1674 2085 1717 2123 et

208 2147 380 2199 Asinius
426 2163 521 2190 cum
564 2148 738 2190 Melisso
785 2152 828 2190 et
869 2148 1126 2189 Palaemone
1173 2147 1413 2189 excelluere
1464 2162 1543 2190 nee
1589 2149 1716 2192 aliter

207 2215 358 2258 ultimo
390 2217 561 2271 imperii
597 2220 792 2272 tempore
823 2217 1036 2259 Ausonius
1067 2219 1110 2257 et
1139 2216 1385 2257 Priscianus
1417 2219 1460 2258 et
1492 2216 1715 2272 Corippus.

324 2285 379 2326 Et
417 2285 591 2327 hercule
634 2289 790 2340 poetae
836 2300 931 2328 cum
976 2284 1144 2326 classici
1190 2288 1282 2326 tum
1327 2284 1572 2337 christiani,
1622 2287 1715 2328 ubi-

209 2368 390 2407 cumque
419 2355 525 2397 artis
557 2369 661 2397 suae
691 2355 871 2396 iniciunt
901 2354 1183 2404 mentionem,
1215 2367 1309 2395 eam
1341 2367 1366 2394 a
1396 2354 1616 2407 magistris
1645 2369 1715 2396 ac-

209 2426 377 2476 ceptam
421 2426 464 2464 et
505 2423 702 2465 scholicis
745 2423 914 2477 legibus
955 2422 1325 2477 circumscriptam
1368 2425 1595 2464 autumant
1638 2437 1717 2465 nec

207 2491 337 2532 licere
385 2491 438 2533 ob
484 2492 658 2545 regulae
708 2492 958 2534 firmitatem
1008 2495 1174 2533 certum
1218 2505 1297 2545 pro
1341 2490 1519 2544 singulis
1567 2493 1716 2534 metris

208 2559 469 2614 syllabarum
510 2564 805 2615 temporumve
847 2560 997 2602 excedi
1039 2573 1276 2602 numerum.
1337 2559 1452 2613 quod
1494 2560 1530 2601 si
1571 2564 1715 2602 tamen

209 2628 483 2680 admittatur,
520 2643 605 2670 non
639 2629 839 2670 licentiae
880 2629 969 2670 fore
1010 2629 1075 2680 id,
1117 2628 1192 2669 sed
1223 2628 1325 2669 vitii.
1386 2628 1486 2669 hinc
1517 2630 1715 2683 egregius

209 2697 391 2750 quisque
422 2711 622 2739 versuum
654 2697 813 2739 artifex
847 2711 899 2739 ea
930 2697 1117 2739 afficitur
1138 2697 1279 2747 laude,
1311 2700 1359 2738 ut
1381 2696 1551 2738 dicatur
1573 2698 1715 2752 legum

210 2766 410 2807 carminis
441 2780 613 2819 gnarus,
644 2767 717 2820 qui
749 2781 870 2808 secus
902 2766 1064 2817 fecerit,
1096 2765 1215 2807 rudis
1249 2766 1355 2807 artis
1387 2770 1462 2807 aut
1493 2765 1715 2808 doctrinae

210 2847 363 2887 expers
395 2835 619 2876 vocitatur.
684 2835 880 2889 exempla
911 2835 1011 2876 huic
1042 2834 1104 2876 rei
1134 2833 1372 2875 firmandae
1405 2835 1598 2888 apposui.

324 2904 451 2945 Velut
482 2904 688 2945 Horatius
718 2904 762 2945 in
790 2903 933 2958 lyricis
965 2903 1073 2944 haec
1102 2902 1236 2943 habet
1267 2903 1355 2957 [1V,
1388 2906 1424 2954 6,
1458 2903 1550 2957 29]:

483 2973 653 3017 spiritum
677 2972 850 3007 Phoebus
876 2971 975 3015 mihi,
1001 2971 1174 3005 Phoebus
1200 2973 1317 3004 artem

484 3029 653 3067 carminis
679 3041 885 3075 nomenque
911 3028 1014 3064 dedit
1037 3030 1180 3073 poetae.
