1898 3292
716 252 836 278 LIBER
854 253 1029 278 TERTIVS.
1541 248 1564 286 2
1571 249 1593 286 3
1602 250 1619 287 1

115 357 350 408 anapaesto
379 353 474 395 1000
504 354 637 395 iambi
668 355 806 407 posito
840 357 1084 396 memoravi.
1123 381 1178 386 -—
1220 356 1403 410 denique
1436 358 1623 400 referen-

115 421 193 463 dus
217 421 392 475 Vergilii
415 436 437 462 e
460 422 683 463 catalectis
706 437 853 464 versus
886 423 956 463 ille
989 424 1045 478 [4,
1068 424 1111 477 9]
1155 422 1383 471 Ἣιαῐαεεὶο,
1416 430 1623 475 thalassio,

115 487 349 540 tlzalassio’,
393 490 512 531 cuius
538 491 758 544 propriast
785 505 835 531 ac
867 491 1096 544 singularis
1128 493 1360 534 excusatio.

227 558 318 599 Iam
352 558 595 599 catalectici
629 558 671 600 in
694 559 903 613 syllabam
925 559 1111 600 trimetri
1132 574 1216 601 non
1239 560 1472 603 admittunt
1494 562 1622 604 aliam

112 630 287 680 praeter
315 626 673 680 penthemimerin
704 627 970 678 incisionem,
1003 641 1132 681 quam
1164 629 1237 682 qui
1268 629 1506 682 neglexerit
1536 645 1621 672 non

112 695 293 736 invenio.
346 695 532 736 minores
569 708 716 736 versus
748 699 897 736 carent
930 699 1049 737 certa
1076 696 1302 738 dihaeresi.
1343 723 1400 728 ——
1444 699 1486 738 in
1517 699 1623 740 iam—

113 763 209 804 bico
233 763 490 816 septenario,
524 763 644 804 cuius
665 763 773 804 haec
796 767 861 804 est
891 764 1054 817 species
1097 763 1207 816 ‘quis
1238 779 1403 806 carmen
1435 773 1506 807 aut
1537 781 1622 808 ver-

112 846 198 872 sum
229 845 371 872 novum
408 835 519 883 facit
548 845 632 872 meo
664 829 856 879 Sabino',
901 832 1037 873 Varro
1080 836 1122 874 et
1158 833 1351 875 Catullus
1394 838 1510 876 recte
1549 835 1622 876 ob-

113 903 286 941 servant
316 903 416 953 post
444 903 646 953 quartum
677 899 831 953 pedem
862 903 910 941 ut
942 901 1217 944 subsistatur.
1279 901 1330 943 de
1363 903 1622 945 Terentiano

112 968 200 1009 dixi
239 967 265 1009 l.
300 968 330 1009 Ι.
401 967 585 1020 denique
624 968 761 1009 Varro
803 968 846 1009 in
892 969 1114 1010 octonario
1160 969 1248 1011 sive
1293 970 1530 1023 quadrato,
1575 976 1622 1013 ut

112 1040 237 1077 vocat
265 1036 548 1077 Terentianus
576 1050 611 1076 v.
645 1039 776 1087 2378,
809 1051 892 1089 quo
925 1037 1040 1078 solus
1073 1051 1124 1078 ex
1157 1037 1380 1092 dactylicis
1413 1054 1515 1081 usus
1545 1043 1621 1091 est,

112 1104 291 1146 eandem
323 1103 522 1145 adhibuit
552 1104 800 1146 incisionem
833 1105 958 1159 [Non.
985 1109 1076 1156 141,
1101 1106 1164 1161 3]:

247 1178 334 1223 quid
360 1177 458 1212 aliud
485 1180 541 1212 est
565 1177 663 1222 quod
688 1177 871 1222 Delphice
903 1179 906 1222 1
936 1182 1043 1213 canat
1068 1180 1238 1214 columna
1261 1180 1395 1214 litteris

247 1235 420 1280 sculptis:
449 1231 543 1279 ἄγαν
567 1234 700 1278 μηθέν,
726 1235 854 1269 iubens
884 1236 886 1279 ξ
919 1248 984 1270 nos
1009 1237 1131 1271 faeere
1157 1238 1353 1272 mortalem
1378 1239 1423 1273 ad
1449 1240 1599 1274 modum

247 1293 479 1336 medioxime,
505 1295 546 1326 ut
571 1292 754 1336 quondam
781 1295 905 1337 patres
934 1293 936 1336 Ι
965 1294 1081 1328 nostri
1105 1294 1352 1339 loquebantur
1379 1322 1385 1330 .
1412 1324 1418 1331 .

112 1356 186 1397 sed
219 1359 262 1397 et
292 1359 390 1410 post
420 1355 561 1397 thesin
593 1356 786 1408 quintam
820 1360 961 1409 potest
994 1356 1210 1410 distingui.

226 1424 290 1464 Ex
321 1423 553 1465 trochaicis
584 1423 779 1465 versibus
811 1427 1113 1466 tetrametrum
1155 1430 1254 1479 post
1297 1428 1527 1469 secundam
1559 1429 1621 1470 di-

109 1492 283 1546 podiam
311 1492 443 1533 incidi
483 1495 695 1543 notumst,
738 1506 867 1545 quam
909 1507 993 1534 non
1030 1493 1155 1535 facile
1186 1495 1415 1548 quisquam
1446 1496 1622 1539 invertit

110 1574 302 1602 normam
348 1561 537 1614 exceptis
582 1560 698 1602 hisce
746 1561 952 1615 exemplis
995 1562 1243 1603 Terentiani
1292 1562 1442 1619 [13293
1487 1568 1618 1617 14113

110 1629 262 1683 2343]:

317 1685 445 1730 quinta
472 1696 564 1729 quae
590 1686 728 1720 vocalis
754 1689 819 1730 est,
844 1687 993 1731 longam
1019 1688 1200 1722 creabunt
1224 1688 1412 1733 syllabam.

315 1754 380 1787 pes
409 1743 479 1777 erit
505 1744 683 1787 βακχεῖος.
733 1739 951 1789 α’ντίβακχος
978 1747 1101 1778 autem
1125 1748 1214 1780 tunc
1241 1746 1321 1780 erit.

314 1803 372 1835 ter
397 1800 464 1835 tibi
490 1800 680 1845 spondeon
705 1800 765 1834 hic
792 1812 937 1845 semper
962 1801 1165 1836 seeundum
1192 1805 1376 1847 suggeret.

224 1869 419 1922 Denique
459 1869 611 1910 ionicis
651 1869 841 1910 numeris
881 1870 1000 1911 nulla
1040 1874 1160 1912 certa
1202 1871 1325 1913 adest
1358 1871 1508 1914 incisio
1546 1886 1618 1913 ex-

111 1941 235 1992 cepto
265 1951 391 1979 versu
424 1937 720 1991 galliambico,
764 1952 890 1991 quem
933 1952 1100 1993 semper
1129 1939 1311 1980 Romani
1340 1943 1439 1993 post
1469 1955 1617 1982 secun-

109 2006 210 2048 dum
239 2006 393 2060 pedem
427 2006 726 2047 distinxerunt.
779 2007 947 2048 aceedit
977 2007 1093 2060 quod
1114 2007 1321 2049 Horatius
1353 2009 1395 2049 in
1429 2009 1617 2051 carmine

109 2074 165 2116 ad
193 2074 434 2116 Neobulam
478 2074 620 2125 denis,
660 2078 707 2116 ut
736 2075 926 2126 videtur,
966 2075 1149 2129 pedibus
1192 2079 1394 2118 constans
1433 2081 1617 2119 metrum

107 2143 171 2184 ita
212 2142 461 2184 moderatus
502 2146 586 2194 est,
628 2147 677 2184 ut
713 2147 812 2197 post
849 2147 1083 2198 quaternos
1130 2148 1172 2186 et
1218 2148 1393 2187 octonos
1439 2146 1618 2188 verbum

106 2210 303 2253 finiretur
328 2211 502 2252 10111003.
1254 2211 1267 2222 ⁰

223 2281 279 2321 At
320 2294 342 2320 e
382 2279 644 2332 logaoedicis
691 2281 840 2322 metris
885 2295 1034 2322 versus
1080 2281 1330 2335 phalaecius
1377 2283 1458 2324 etsi
1503 2284 1617 2324 omni

107 2353 301 2402 tempore
335 2348 474 2388 caruit
503 2348 709 2389 incisione
744 2353 880 2400 certa,
917 2353 1062 2391 tamen
1102 2349 1217 2404 apud
1257 2354 1454 2404 posteros
1491 2351 1616 2405 longe

108 2417 304 2471 plurimis
324 2416 430 2458 locis
451 2420 549 2470 post
570 2418 744 2458 tertiam
768 2417 882 2458 arsin
904 2417 1051 2459 finitur
1071 2418 1262 2468 verbum,
1285 2418 1381 2460 ideo
1404 2419 1616 2470 nimirum,

109 2484 224 2538 quod
255 2485 390 2526 secuti
422 2486 725 2538 grammaticos
755 2486 899 2539 priore
923 2486 1013 2527 eius
1034 2490 1160 2540 parte
1183 2487 1393 2528 contineri
1413 2490 1618 2540 putarent

108 2553 349 2594 hexametri
381 2552 583 2608 dactylici
616 2554 838 2594 dimidium
871 2558 970 2595 ante
1010 2555 1383 2608 penthemimerim
1415 2556 1614 2610 positum.

109 2621 427 2675 asclepiadeum
468 2622 676 2663 minorem
718 2636 812 2662 cum
843 2622 1051 2664 Horat-ius
1084 2626 1257 2664 secutus
1289 2623 1479 2665 Graecos
1518 2627 1617 2677 post

108 2693 273 2731 sextam
307 2689 522 2730 divisisset
554 2690 776 2744 syllabam,
819 2690 863 2731 id
891 2694 939 2731 ut
969 2691 1022 2732 ab
1054 2691 1146 2744 ipso
1179 2692 1240 2732 sic
1272 2706 1298 2732 a
1330 2692 1483 2733 ceteris
1516 2705 1614 2732 con-

109 2758 241 2799 stanti
274 2772 352 2798 usu
382 2760 610 2798 servatum.
670 2772 769 2799 nam
801 2758 986 2800 alienum
1015 2773 1107 2801 esse
1138 2759 1244 2801 illud
1276 2760 1330 2800 ab
1363 2773 1411 2800 00
1453 2760 1543 2814 [1V‚
1576 2764 1613 2810 8,

76 2873 80 2877 Ι
114 2826 181 2880 17]
226 2823 324 2866 ‘non
365 2828 558 2866 incendia
604 2828 865 2878 Carmayz'nis
908 2825 1094 2878 impiae',
1146 2827 1398 2868 fatebuntur
1447 2827 1513 2868 vel
1563 2828 1613 2877 ei,

109 2894 182 2946 qui
218 2894 471 2947 plerumque
511 2893 610 2935 inde
652 2908 676 2935 a
714 2894 982 2949 Perlcampio
1025 2909 1109 2936 non
1150 2895 1318 2936 ratione
1363 2898 1499 2945 certa,
1539 2895 1614 2937 sed

109 2961 290 3003 arbitrio
337 2965 606 3015 suspectatos
654 2976 746 3004 esse
793 2963 964 3005 Horatii
1009 2977 1157 3005 versus
1203 2976 1286 3004 non
1333 2963 1612 3005 dissimulent.
