1898 3292
756 270 872 294 LIBER
893 269 1067 294 TERTIVS.
1583 260 1662 297 267

161 378 343 428 apparet
374 377 551 427 propter
578 373 714 426 ipsum
750 373 935 425 spatium
960 386 1234 412 numerorum
1268 372 1410 424 aptius·
1442 370 1665 411 terminari

159 457 310 484 sensus
343 456 471 496 quam
505 442 758 483 continuari.
820 454 1081 494 quamquain
1115 440 1308 481 Catullus
1340 439 1403 480 vel
1441 440 1484 480 in
1515 442 1665 493 penta-

159 514 295 553 metro
326 511 437 552 hanc
465 510 624 564 sprevit
655 524 864 560 normam,
909 510 1028 550 cuius
1070 513 1169 550 sunt
1207 511 1382 562 praeter
1421 507 1506 549 alia
1534 507 1664 549 haec:

364 605 406 636 ut
430 603 498 636 tibi
524 605 603 636 tum
628 605 708 635 toto
734 604 886 645 pectore
915 600 1093 635 sollicitae

365 659 529 694 sensibus
558 659 694 703 ereptis
720 670 821 692 mens
847 658 995 692 excidit.

365 728 436 760 quo
462 716 530 750 tibi
556 719 633 750 tum
664 727 749 749 casu
775 715 1022 759 pulcherrima
1048 713 1248 748 Laodamia

366 776 570 817 ereptumst
594 773 668 807 vita
693 773 835 807 dulcius
860 775 968 817 atque
994 772 1113 806 anima

365 831 585 874 coniugium.

161 916 206 953 at
249 912 524 964 insequentes
571 910 737 951 curiose
783 909 826 950 id
870 909 1070 951 vitavere.
1133 909 1246 950 unde
1294 909 1401 950 bene
1448 909 1509 949 ait
1549 908 1667 949 Beda

160 982 215 1036 [p.
243 980 372 1034 2366]
403 979 718 1021 observandum
752 993 844 1019 csse
875 979 917 1018 in
951 979 1138 1019 carmine
1162 978 1364 1031 elegiaco,
1392 977 1555 1030 ‘nequid
1578 991 1668 1017 um-

162 1063 291 1102 quam
332 1047 383 1089 cle
425 1061 552 1089 sensu
593 1061 741 1088 versus
783 1047 1040 1100 pentametri
1084 1051 1306 1088 remaneat
1346 1045 1667 1100 inexplicatum,

161 1117 275 1171 quod
312 1116 553 1170 insequenti
595 1130 720 1157 versu
766 1116 1016 1157 hexametro
1060 1115 1279 1157 reddatur.
1341 1114 1489 1168 illique
1538 1117 1581 1154 et
1626 1114 1669 1154 in

162 1186 344 1227 aliorum
386 1188 665 1239 systematum
706 1184 778 1225 fini
827 1185 957 1225 ceteri
1001 1197 1242 1235 servavere,
1289 1197 1341 1224 ne
1390 1198 1484 1224 cuni
1532 1185 1668 1223 metro

163 1268 312 1295 sensus
349 1267 432 1294 non
477 1252 806 1294 concluderetur
846 1253 926 1293 nisi
971 1256 1046 1294 aut
1086 1253 1129 1293 in
1171 1252 1493 1294 enumeratione
1525 1265 1666 1292 rerum

161 1335 235 1363 seu
267 1321 563 1375 multiplicatis
596 1321 796 1374 epithetis
828 1325 904 1362 aut
935 1321 1157 1362 enuntiato
1195 1320 1375 1362 relativo
1408 1320 1474 1361 vel
1515 1332 1669 1374 paren-

160 1390 271 1432 thesi
300 1391 460 1431 iniecta
492 1390 643 1431 mediis
674 1390 911 1431 sententiae
934 1389 1086 1431 verbis.
1139 1404 1321 1443 quarum
1353 1403 1496 1430 rerum
1529 1401 1669 1428 exem-

160 1459 232 1513 pla
272 1458 454 1500 habebis
497 1458 602 1499 talia
644 1458 736 1513 [Ov.
769 1458 856 1499 her.
895 1462 932 1508 l,
967 1461 1157 1510 91—933
1206 1462 1272 1508 12,
1308 1459 1496 1509 62—[343
1540 1455 1668 1496 Rutil.

160 1528 190 1578 I,
226 1531 338 1570 519-
370 1530 470 1579 5213
504 1527 575 1569 Ov.
599 1527 708 1568 trist.
733 1527 780 1577 V,
814 1531 849 1578 2,
874 1531 1003 1579 3—53
1035 1527 1133 1568 fast.
1159 1527 1229 1578 IV,
1263 1530 1510 1578 357-3593
1544 1525 1594 1566 cf.
1628 1527 1671 1565 et

161 1596 318 1638 consol.
349 1596 404 1637 ad
434 1596 522 1637 Liv.
555 1599 801 1647 311—3143
835 1596 1100 1650 429—432]:

369 1687 457 1732 quid
481 1687 550 1721 tibi
575 1686 795 1720 Pisandrum
821 1686 1075 1731 Polybumque
1100 1686 1351 1731 Medontaque
1378 1685 1498 1719 dirum

365 1744 663 1788 Eurymachique
688 1743 811 1778 avidas
837 1744 1064 1788 Antinoique
1090 1755 1218 1777 manus

367 1804 476 1845 atque
503 1801 592 1835 alios
618 1800 799 1835 referam?

367 1870 473 1892 mane
499 1862 589 1901 erat,
618 1861 655 1892 et
681 1857 845 1891 thalamo
873 1870 959 1892 cara
984 1860 1137 1903 recepta
1162 1869 1267 1892 soror

369 1915 635 1960 disiectamque
661 1926 784 1949 comas
810 1915 1034 1959 adversaque
1058 1915 1095 1948 in
1122 1927 1186 1949 ora
1213 1915 1396 1949 iacentem

366 1973 516 2007 invenit.

369 2032 494 2064 noster
519 2029 616 2064 enim
641 2040 758 2073 nuper
783 2029 923 2063 iuvenis
948 2029 1147 2063 maioribus
1175 2028 1305 2073 amplis

366 2098 435 2121 nec
462 2097 575 2120 censu
599 2086 751 2120 inferior
776 2086 995 2130 coniugiove
1020 2086 1140 2120 minor

366 2143 544 2187 impulsus
570 2143 672 2177 furiis
698 2143 863 2176 homines
889 2143 1064 2187 divosque
1090 2143 1249 2187 reliquit.

366 2212 462 2244 pone
487 2202 637 2234 metum.
678 2200 782 2234 valeo
811 2211 1028 2244 corpusque,
1056 2200 1154 2244 quod
1179 2204 1263 2234 ante
1287 2200 1454 2234 laborum

366 2258 563 2301 impatiens
590 2258 694 2292 nobis
720 2257 992 2301 invalidumque
1018 2257 1097 2300 fuit,

368 2313 514 2348 sufficit.

367 2371 582 2414 institeram,
611 2382 722 2415 quare
748 2371 856 2415 primi
883 2370 1112 2415 Megalensia
1136 2371 1213 2406 ludi

368 2429 458 2462 urbe
486 2428 608 2462 forent
631 2431 767 2471 nostra,
795 2439 878 2461 cum
904 2428 972 2462 dea
996 2448 1040 2452 —
1065 2429 1181 2463 sensit
1206 2428 1303 2463 enim
1331 2448 1374 2453 —-

367 2484 430 2518 illa
454 2484 553 2527 deos,
578 2485 707 2528 inquit,
734 2485 890 2529 peperit.

279 2564 413 2606 Porro
457 2565 502 2604 in
543 2564 738 2605 distichis
781 2568 965 2618 apparet
1006 2579 1090 2607 non
1130 2579 1258 2620 posse
1297 2569 1397 2607 ante
1434 2569 1670 2607 extremum

162 2633 421 2686 pentametri
442 2632 701 2685 semipedem
722 2633 853 2673 incidi
876 2647 1058 2685 sensum,
1080 2647 1219 2687 neque
1241 2635 1468 2687 quisquam
1491 2633 1672 2674 eundem

162 2701 483 2754 praepositione
516 2703 714 2741 constare
745 2715 896 2753 passus
927 2705 1003 2742 est.
1065 2716 1176 2755 quae
1206 2702 1543 2755 haudquaquam
1575 2716 1672 2743 nor-

163 2782 259 2809 mae
289 2767 471 2809 firmitas
502 2768 545 2808 in
576 2768 827 2810 hexametro
857 2770 1059 2823 optinuit,
1100 2771 1143 2811 in
1186 2771 1305 2811 cuius
1338 2770 1455 2811 exitu
1483 2770 1671 2811 Lucilius

164 2837 280 2890 (nam
311 2836 448 2877 Ennio
479 2836 586 2877 talia
621 2836 728 2877 haut
765 2841 926 2879 temere
964 2838 1151 2892 tribuas)
1193 2842 1235 2879 et
1274 2838 1411 2879 secuti
1451 2851 1546 2879 eum
1588 2838 1670 2879 Lu-

165 2904 323 2945 cretius
344 2908 474 2957 atque
496 2904 702 2945 Horatius
725 2905 937 2947 admisere
966 2906 1052 2956 illa,
1085 2919 1195 2959 quae
1227 2905 1281 2946 ab
1311 2905 1500 2959 elegiaco
1532 2909 1669 2947 metro

165 2986 258 3013 esse
300 2972 441 3014 aliena
480 2973 724 3013 memoravi.
787 2988 872 3027 qua
913 2974 1084 3027 quidem
1114 2975 1158 3014 in
1187 2988 1233 3015 re
1265 2974 1500 3017 notandum
1533 2988 1558 3015 a
1587 2974 1670 3023 Lu-
