1898 3292
732 217 970 243 OPVSCVLVM
989 219 1044 244 111.
1563 208 1643 248 565

341 318 401 352 hic
430 322 485 352 est
510 323 612 353 vasta
639 318 853 363 Charybdis,
882 322 919 353 et
943 319 1001 353 hic
1029 319 1196 353 Aetnaea
1224 320 1415 352 minantur

344 387 532 409 murmura
559 376 785 409 flammarum
812 388 951 409 rursum
977 389 1013 410 se
1041 377 1215 421 colligere
1245 377 1326 418 iras,

343 434 509 467 faucibus
535 437 686 477 eruptos
714 434 846 467 iterum
876 434 927 467 vis
953 438 993 467 ut
1023 437 1140 467 minat
1164 434 1259 477 ignis

342 490 386 523 ad
414 490 626 533 caelumque
650 490 745 532 ferret
769 490 934 531 slmnmwi
958 490 1110 533 fulan-ra
1135 502 1288 524 rursum.

343 558 434 590 quae
461 558 543 580 eum
570 557 704 589 mcc-(sna
731 546 847 580 modis
876 547 997 580 multis·
1030 547 1201 580 miranda
1226 547 1371 580 videtur

342 604 513 647 gentibus
539 603 705 636 humanis
731 604 832 647 regio
857 603 1078 647 visendaque
1106 605 1221 637 fertur

344 661 452 694 rebus
477 660 598 704 opima
623 660 738 701 bonis,
767 660 878 694 multa
906 660 1046 693 ›mmita
1073 661 1189 694 virum
1220 660 1264 697 vi,

342 717 391 750 nil
418 721 538 751 tamen
566 717 629 749 hoc
654 717 825 750 habuisse
851 718 927 751 viro
955 718 1179 761 praeclarius
1206 718 1242 750 in
1268 729 1304 750 se

343 785 409 808 nec
436 777 601 808 sanctum
627 775 743 817 magis
771 786 813 807 ac
839 775 969 807 mirum
997 786 1193 818 carumque
1221 774 1375 807 videtur.

138 848 293 901 quibus
336 848 492 888 similia
530 863 613 888 non
644 848 759 901 apud
793 862 1050 901 quemquam
1079 849 1392 901 insequentium
1423 849 1645 889 inveneris.

140 920 182 957 et
213 916 445 969 aliquando
467 916 694 957 immodico
727 930 873 957 amore
895 917 1044 957 talium
1068 916 1351 958 ludibriorum
1385 917 1441 957 ad
1462 917 1646 968 ineptias

139 990 237 1025 sunt
267 984 432 1038 delapsi
469 988 654 1034 veteres,
699 984 917 1025 cumulata
959 989 1001 1025 et
1041 989 1215 1038 praeter
1256 986 1377 1026 initia
1420 985 1647 1025 verborum

137 1053 284 1093 littera
316 1053 478 1103 eadelm
512 1053 629 1093 velut
658 1053 818 1093 Ennius
850 1057 950 1093 noto
983 1067 1127 1093 versu:

343 1144 363 1165 o
391 1132 472 1166 Tite
499 1136 577 1166 tute
603 1131 685 1165 Tati
710 1132 777 1165 tibi
802 1136 904 1166 tanta
933 1136 1087 1166 tui-anne
1113 1132 1246 1166 tulisti:

136 1206 247 1247 idem
277 1206 401 1247 alibi:

342 1297 560 1330 quamquam
586 1287 666 1328 (om.
693 1285 787 1329 cdd.)
815 1286 1010 1329 quicquam
1038 1287 1227 1330 quisquam
1254 1287 1460 1330 quoiquam⁷
1488 1288 1555 1320 sibi

722 1349 802 1386 (om.
830 1343 924 1385 cdd.)
951 1344 1049 1387 quod
1075 1344 1278 1385 conveniat,
1305 1344 1442 1387 neget?

136 1432 266 1471 porro
299 1421 450 1458 auctor
480 1417 670 1458 incertus
705 1417 920 1471 [Mai-tiam,
956 1418 1001 1466 V,
1036 1418 1155 1471 131<st

342 1497 399 1531 sol
424 1500 461 1531 et
486 1497 572 1530 luna
598 1497 678 1531 luce
705 1497 829 1531 lucent
855 1497 937 1531 alba
961 1497 1033 1531 leni
1059 1497 1189 1531 lactea.

138 1572 277 1612 minus
309 1571 575 1624 ineleganter
606 1570 810 1612 Naevius:

343 1651 459 1686 libera
483 1651 608 1695 lingua
631 1651 824 1695 loquamur
849 1651 943 1684 ludis
968 1651 1212 1686 Liberalibus.

139 1740 241 1766 sane
270 1725 377 1767 talia
406 1740 459 1766 ne
491 1725 605 1778 apud
638 1726 827 1767 Graecos
860 1725 1032 1778 quidem
1063 1725 1275 1768 inaudita.
1315 1729 1361 1766 ut
1393 1726 1648 1779 Sophocles:

344 1802 482 1848 τυφλός
508 1800 551 1838 τά
577 1801 603 1837 τ’
631 1798 706 1838 ὦτα
732 1800 797 1838 τόν
822 1817 857 1838 τε
883 1808 973 1838 νοῦν
1003 1800 1047 1837 τά
1072 1801 1098 1836 τ’
1125 1800 1281 1847 ὄμματα.

253 1886 342 1926 Iam
376 1885 430 1925 ab
458 1884 532 1925 illo
564 1899 710 1926 amore
743 1885 1064 1926 allitterationis
1103 1888 1202 1938 apte
1236 1889 1487 1937 repetentur
1520 1886 1649 1938 genii-

139 1959 243 1994 nata
274 1954 527 2007 plerumque
560 1954 675 2007 apud
707 1954 1028 2007 antiquissimos
1060 1954 1310 1994 Latinorum
1351 1954 1523 1993 nomina
1563 1954 1649 1994 sive

139 2022 271 2063 verba
313 2036 566 2076 synonyma,
613 2022 723 2063 sicut
764 2021 848 2062 alia
891 2021 1082 2062 locorum
1124 2021 1447 2074 propinquitate
1488 2021 1649 2073 iugata,

140 2105 235 2132 cum
267 2104 394 2131 sensu
416 2091 501 2131 sint
523 2090 704 2131 diversa.
766 2089 868 2142 quid
892 2089 1006 2142 quod
1030 2089 1384 2129 commendantur
1416 2088 1649 2141 aliquando

142 2162 185 2199 et
228 2158 538 2199 confirmantur
588 2159 861 2199 coniecturae
902 2157 1067 2210 figurae
1110 2157 1235 2198 huius
1278 2157 1432 2197 decore
1477 2157 1651 2198 addito?

139 2251 195 2257 —
217 2230 262 2267 at
294 2227 408 2280 apud
431 2226 643 2267 Catullum
677 2227 951 2267 continuatae
985 2225 1179 2279 exempla
1211 2225 1535 2266 allitterationis
1568 2240 1650 2266 non

139 2295 414 2347 reperiuntur
447 2295 528 2335 nisi
558 2296 601 2335 in
638 2294 910 2343 carminibus,
943 2308 1053 2346 quae
1086 2297 1186 2334 sunt
1218 2293 1272 2334 ad
1294 2293 1492 2334 Thallum
1525 2297 1565 2333 et
1599 2293 1650 2333 de

142 2363 243 2403 Atti.
300 2377 398 2403 nam
431 2367 474 2404 et
504 2363 629 2404 aliter
657 2364 699 2403 in
732 2376 860 2415 opere
892 2362 1176 2415 galliambico,
1209 2362 1351 2402 divino
1381 2361 1453 2401 illo
1488 2365 1530 2402 et
1560 2361 1651 2402 lau-

141 2430 266 2471 dibus
298 2431 494 2471 omnibus
526 2431 706 2479 maiore,
737 2431 930 2471 imitatus
963 2436 1027 2471 est
1057 2430 1367 2483 proprietatem
1405 2430 1651 2482 antiquissi-

140 2513 319 2540 morum.
381 2499 456 2539 sed
497 2503 725 2552 praeterea
766 2513 842 2538 nec
884 2498 954 2539 hic
985 2513 1063 2539 nec
1103 2498 1233 2539 ceteri
1276 2498 1547 2550 paucissimis
1581 2512 1651 2538 ex-

142 2568 276 2620 ceptis
298 2568 364 2608 usi
386 2567 693 2607 allitteratione
715 2567 797 2607 nisi
817 2567 1076 2619 permodice,
1106 2566 1269 2607 scilicet
1291 2570 1366 2606 aut
1392 2566 1435 2605 in
1457 2565 1652 2606 formulis

142 2634 374 2676 dictionum
419 2638 493 2675 aut
534 2635 576 2674 in
619 2635 887 2675 cumulandis
928 2634 1070 2675 verbis
1120 2648 1268 2675 sensus
1311 2634 1524 2686 comparis
1565 2634 1652 2674 sive

143 2703 374 2744 consimilis
405 2706 480 2743 aut
508 2717 584 2756 per
613 2703 956 2756 paronomasian.
1008 2703 1069 2743 ita
1100 2702 1152 2742 de
1182 2702 1320 2754 primo
1344 2715 1498 2753 genere
1534 2701 1651 2742 vides

142 2770 250 2811 haec
274 2769 409 2811 ‘albus
439 2785 491 2811 αη
524 2777 614 2811 (cler
647 2770 751 2826 [Cat.
786 2774 850 2816 93,
884 2771 948 2824 2]‚
992 2784 1102 2810 mort:
1133 2774 1328 2819 modoque
1360 2769 1480 2823 [Hor.
1515 2784 1547 2809 c.
1584 2769 1650 2813 IV,

144 2842 180 2882 2,
204 2839 288 2891 28],
315 2841 535 2887 firmabant
559 2843 736 2888 foedera
771 2837 911 2893 [Verg.
950 2852 1039 2878 aen.
1072 2838 1164 2886 XII,
1196 2837 1309 2890 212]
1335 2841 1488 2887 sasque
1513 2841 1652 2885 sidem-

144 2920 221 2957 que
253 2906 343 2960 [Sil.
374 2906 506 2952 XVII,
538 2905 621 2962 69],
648 2910 768 2955 fidem
794 2910 1024 2957 foedusque
1055 2904 1652 2959 [Sen.Thy.4e1]‚pacrihus
