1898 3292
247 212 269 250 2
277 214 299 251 2
306 214 327 251 2
845 219 965 244 LIBER
983 218 1157 244 TERTIVS.

244 338 342 365 nam
373 324 416 363 in
446 323 584 376 primo
615 322 738 372 libro,
771 322 892 362 cuius
923 335 1071 362 versus
1104 324 1203 362 sunt
1234 334 1266 361 c.
1296 320 1483 371 DCCCL,
1515 321 1651 361 utitur
1681 321 1756 362 illa

246 392 378 433 ferme
408 391 676 444 quingenties
707 390 924 443 nonagies.
978 393 1023 430 at
1045 389 1258 442 Vergilius
1292 388 1336 429 in
1357 388 1528 442 Eclogis
1561 402 1586 430 a
1616 389 1756 442 prima

245 460 301 501 ad
332 460 526 513 quintam
569 487 622 491 —
653 458 816 499 habent
845 461 984 498 metra
1016 457 1230 499 CCCCXX
1259 482 1316 487 ——
1358 457 1537 498 eandem
1570 458 1757 510 optinuit

245 528 342 582 plus
374 528 635 568 trecentiens
667 527 853 568 triciens.
905 526 1019 567 idem
1051 525 1154 567 alibi
1175 539 1254 579 pro
1277 525 1455 578 singulis
1476 525 1756 566 incisionibus

245 596 611 650 semiseptenariis
644 596 688 636 in
719 595 857 649 primo
889 594 1131 648 Georgicon
1173 597 1424 647 quaternas,
1464 594 1507 634 in
1545 593 1756 635 Aeneidos

245 669 392 706 ternas
425 665 559 706 habet
594 664 936 717 semiquinarias.
997 676 1126 717 porro
1159 662 1334 703 Ovidius
1373 663 1495 703 initio
1527 663 1755 703 Metamor-

244 734 437 788 phoseon
480 737 523 774 et
563 732 758 773 versibus
803 732 919 772 circa
964 730 1231 773 DCCLXXX
1277 745 1371 772 eam
1416 731 1521 772 locis
1567 731 1757 772 DCLXX

245 802 430 843 admisit.
507 801 608 854 quin
658 801 772 841 idem
821 800 958 853 primo
1011 800 1151 851 Artis,
1202 800 1322 840 cuius
1367 803 1467 840 sunt
1516 799 1757 840 hexametri

246 870 565 920 CCCLXXXV,
609 870 736 910 huius
783 868 902 910 dedit
942 867 1138 922 exempla
1179 867 1436 909 CCCXXXI.
1501 871 1593 908 tum
1632 867 1756 909 Clau-

245 940 396 980 dianus
437 939 479 979 in
522 937 784 979 carminibus
814 937 866 978 de
900 937 1147 978 Aniciorum
1180 940 1222 977 et
1254 935 1305 977 de
1337 936 1486 977 Manlii
1518 935 1756 985 consulatu,

248 1021 359 1061 quae
407 1006 622 1061 complent
668 1019 869 1047 numeros
915 1005 1152 1055 DCXVIII,
1203 1004 1336 1046 habet
1387 1004 1758 1058 penthemimerin]

248 1077 382 1118 ferme
415 1075 798 1130 quadringentiens
830 1074 1156 1128 quinquagiens.
1218 1074 1304 1114 iam
1335 1073 1513 1126 Vergilii
1550 1073 1758 1114 Valeriive

246 1159 397 1186 norma
429 1145 568 1186 Statio
601 1144 804 1197 Silioque,
834 1143 974 1184 Ovidii
1005 1146 1047 1184 et
1069 1142 1294 1184 Claudiani
1318 1142 1467 1183 Catoni
1500 1142 1756 1196 philosopho

248 1227 298 1254 ac
347 1213 519 1254 Sedulio
567 1216 775 1254 servatur.
850 1212 952 1265 quid
1000 1212 1115 1265 quod
1164 1211 1377 1252 Martialis
1429 1211 1471 1251 in
1517 1211 1665 1251 Xeniis
1717 1214 1760 1251 et

245 1282 536 1336 Apophoretis
559 1281 737 1335 potioris
760 1294 965 1322 caesurae
987 1280 1121 1322 habet
1153 1279 1349 1333 exempla
1381 1280 1496 1320 circa
1525 1278 1758 1329 CCCXXV,

246 1350 424 1391 alterius
446 1350 516 1391 vix
546 1350 766 1391 tricenas?
808 1363 938 1403 porro
962 1349 1240 1404 Symphosius
1262 1349 1305 1389 in
1326 1348 1520 1389 versibus
1542 1347 1638 1402 plus
1661 1347 1759 1389 CCC

246 1418 542 1472 quindeciens,
575 1432 660 1459 non
691 1418 892 1472 amplius,
936 1417 1136 1459 adhibuit
1165 1417 1587 1472 hephthemimerim,
1630 1430 1758 1469 quam

247 1492 289 1528 et
333 1487 584 1528 auctoribus
628 1487 865 1528 carminum
906 1486 1189 1540 Priapeorum
1234 1490 1276 1528 et
1317 1486 1509 1539 Eugenio
1551 1484 1758 1526 Toletano

245 1555 368 1596 valde
411 1556 680 1610 displicuisse
724 1559 904 1597 constat.
966 1555 1149 1608 denique
1192 1556 1322 1596 etiam
1354 1555 1524 1595 Persius
1564 1558 1606 1594 et
1637 1553 1758 1594 Iuve-

245 1624 355 1665 nalis
395 1625 559 1665 satirici
601 1624 742 1665 Ovidii
786 1625 958 1665 omnino
1002 1624 1244 1665 rationibus
1284 1637 1377 1665 sese
1419 1623 1757 1677 applicaverunt.

245 1696 485 1746 quaecum
514 1693 576 1734 ita
608 1693 704 1744 sint,
737 1692 1001 1746 intellegitur
1033 1692 1447 1747 hephthemimerim,
1478 1691 1553 1732 ubi
1575 1691 1759 1731 maxime

246 1762 494 1815 optinuerit,
536 1762 676 1803 minus
721 1762 895 1803 tertiam
941 1765 1110 1815 partem
1141 1775 1339 1803 versuum
1385 1760 1466 1802 sibi
1507 1759 1759 1810 vindicasse,

247 1830 322 1871 sed
372 1831 545 1884 saepius
595 1830 720 1884 longe
773 1831 967 1884 quintam
1027 1833 1245 1871 sextamve
1302 1833 1378 1870 aut
1435 1829 1563 1870 etiam
1621 1828 1758 1882 magis

246 1898 457 1951 exiguam.

358 1967 450 2008 Iam
485 1971 533 2008 ut
562 1981 801 2022 persequar
833 1971 1003 2020 coepta,
1043 1981 1139 2008 cum
1171 1966 1550 2020 semiseptenariae
1582 1965 1760 2020 propria

247 2036 331 2076 tria
364 2049 496 2090 supra
531 2037 831 2090 agnoverimus
863 2049 1041 2089 genera,
1083 2049 1265 2089 quorum
1298 2036 1542 2089 primumst,
1586 2034 1621 2074 si
1663 2038 1761 2087 post

245 2105 420 2146 tertiam
453 2105 584 2146 arsim
615 2105 745 2146 etiam
787 2104 843 2146 sit
882 2103 1050 2145 finitum
1091 2104 1291 2155 verbum,
1335 2104 1540 2154 alterum,
1582 2103 1617 2144 si
1661 2105 1761 2156 post

247 2173 497 2225 secundam,
529 2173 745 2225 ultimum,
789 2174 824 2214 si
855 2176 954 2226 post
983 2176 1199 2224 neutram,
1232 2173 1356 2214 binas
1390 2171 1583 2222 secundi,
1614 2175 1761 2212 ternas

245 2242 365 2283 tertii
396 2242 669 2284 distinximus
702 2243 877 2296 species.
940 2241 1136 2296 exempla
1168 2246 1267 2283 sunt
1297 2241 1427 2282 haec:

443 2344 475 2379 I.
501 2346 627 2379 oscula
649 2345 777 2380 libavit
802 2348 919 2379 natae.
969 2345 1102 2379 dehinc
1128 2345 1215 2379 talia
1240 2344 1347 2379 fatur.

419 2401 472 2435 ΙΙ.
498 2402 688 2436 infandum
714 2403 842 2447 regina
867 2403 971 2437 iubes
998 2413 1175 2436 renovare
1205 2401 1381 2435 dolorem.

502 2459 710 2504 despiciens
735 2471 835 2494 mare
860 2459 1057 2493 velivolum
1083 2462 1273 2503 terrasque
1301 2459 1472 2493 iacentes.

400 2515 476 2551 ΠΙ.
503 2517 680 2551 sternitur
705 2517 955 2560 exanimisque
980 2520 1142 2552 tremens
1164 2517 1377 2561 procumbit
1401 2515 1502 2549 humi
1527 2516 1605 2549 bos.

500 2586 572 2608 una
595 2574 791 2618 Eurusque
818 2573 1011 2618 Notusque
1037 2577 1148 2608 ruunt
1174 2574 1377 2617 creberque
1403 2572 1587 2617 procellis.

499 2631 590 2666 haec
617 2631 703 2665 dum
731 2630 920 2665 Dardanio
946 2631 1097 2665 Aeneae
1122 2631 1288 2664 miranda
1312 2630 1494 2665 videntur.

249 2728 300 2770 de
341 2730 454 2771 senis
493 2729 559 2770 his
605 2728 988 2782 hephthemimeris
1026 2728 1251 2782 speciebus
1293 2728 1434 2782 prima
1477 2740 1528 2767 ac
1571 2725 1761 2767 secunda

250 2812 390 2851 aequa
431 2798 647 2852 elegantia
689 2797 925 2846 habentur,
973 2810 1236 2850 quamquam
1281 2797 1417 2849 magis
1459 2796 1761 2848 frequentatur

249 2867 480 2920 posterior,
522 2870 568 2907 at
606 2880 628 2907 e
675 2867 830 2908 ceteris
870 2865 1001 2906 tertia
1038 2869 1239 2918 quartae,
1280 2865 1389 2906 haec
1429 2867 1596 2914 sextae,
1638 2866 1761 2904 sexta

249 2935 495 2989 praefertur
532 2935 720 2988 quintae.
780 2935 864 2984 ita,
907 2948 1002 2975 cum
1045 2934 1196 2975 incisio
1238 2934 1368 2974 tertia
1409 2932 1631 2974 trochaica
1670 2931 1760 2972 fere
