1898 3292
260 185 343 224 584
865 191 1105 218 OPVSCVLVM
1123 192 1174 217 1v.

261 296 470 337 excidisse
518 299 721 344 metrum,
773 294 817 335 id
868 294 982 348 quod
1033 294 1161 335 etiam
1214 294 1340 335 aliter
1390 297 1534 348 potest
1582 294 1771 348 probari.

259 365 415 406 etenim
453 379 549 405 cum
594 364 638 404 in
679 362 1051 417 praecedentibus
1099 376 1397 416 quaecumque
1439 371 1538 403 sunt
1570 364 1772 405 conclusa

261 433 483 474 enuntiato
514 432 776 482 intercalari,
807 432 844 473 is
877 434 1126 484 compareat
1158 445 1322 482 sensus,
1355 431 1499 472 omnia
1531 435 1649 472 certa
1680 432 1771 473 vice

259 502 322 542 ita
362 501 576 552 recreari,
616 504 665 542 ut
704 500 828 541 malis
873 499 1107 541 succedant
1138 499 1272 550 bona7
1318 499 1444 553 longe
1488 503 1587 540 sunt
1629 500 1770 541 aliena

261 569 408 623 qualia
438 584 552 611 nunc
582 569 780 611 feruntur
811 568 1029 622 proxima:

915 660 1108 704 gemmatis
1133 659 1278 693 roscida
1302 658 1416 693 Vesvi
1446 698 1449 699 ⁷

465 718 588 752 rident
611 720 717 762 prata
740 718 833 751 rosis
859 721 896 752 et
920 717 1072 752 floribus
1098 729 1183 751 arva
1206 719 1427 750 tumescunt.

466 776 588 820 pictus
614 786 702 819 ager
727 775 794 809 sub
820 774 911 809 flore
936 775 1048 818 latet,
1079 774 1142 808 dat
1166 775 1286 808 fronte
1313 785 1468 808 coronas

465 833 608 867 lascivis
635 835 765 866 natura
789 832 892 866 rosis.

261 913 410 954 debuit
432 913 542 953 enim
566 911 779 953 declarari
799 912 917 963 illud,
949 914 1047 965 post
1077 911 1242 952 finitam
1266 911 1435 952 demum
1468 915 1773 965 tempestatem

262 981 445 1023 existere
477 983 603 1021 istam
637 995 887 1034 camporum
919 979 1084 1021 faciem.
1153 970 1351 1021 videntur
1384 984 1528 1021 autem
1558 980 1601 1020 in
1634 980 1775 1033 capite

259 1050 410 1091 horum
444 1063 644 1091 versuum
677 1049 887 1091 excidisse
918 1048 1021 1090 bina
1051 1049 1325 1090 hemistichia
1354 1049 1471 1091 velut
1498 1048 1627 1090 haec:

743 1129 916 1163 discussis
942 1130 1121 1164 imbribus
1147 1132 1225 1163 atra

744 1198 827 1220 cum
853 1187 1033 1230 requievit
1058 1186 1184 1221 hiems.

377 1255 531 1306 Porro,
577 1255 704 1309 vulgo
735 1259 783 1297 ut
814 1259 1025 1306 notumst‚
1067 1270 1215 1298 versus
1254 1255 1537 1297 intercalares
1568 1269 1651 1297 non
1683 1255 1777 1296 ubi-

264 1339 347 1379 que
394 1325 599 1365 concinne
646 1325 866 1366 inseruere
915 1325 1177 1367 carminibus
1224 1324 1416 1366 Catullus
1463 1325 1558 1379 [6‘23
1612 1325 1684 1378 64]
1736 1327 1778 1364 et

262 1398 414 1436 auctor
454 1393 669 1447 peruigilii
702 1394 899 1444 Veneris,
943 1398 987 1435 at
1021 1398 1139 1435 certa
1180 1408 1276 1435 cum
1306 1394 1401 1449 lege
1436 1393 1649 1446 Vergilius
1684 1392 1775 1449 [ecl.

263 1464 307 1519 ὃ]
339 1467 381 1505 et
412 1463 695 1504 Nemesianus
730 1462 822 1519 [ecl.
854 1462 906 1519 4}
947 1488 1001 1493 —
1044 1467 1234 1504 ceterum
1276 1477 1360 1504 non
1403 1461 1628 1503 dissimiles
1662 1461 1775 1502 face-

262 1533 345 1574 tias
377 1533 418 1573 in
450 1531 627 1586 psalmis
657 1533 778 1587 [1363
812 1532 862 1573 cf.
896 1533 995 1587 118]
1027 1532 1293 1587 deprehendi
1325 1532 1429 1573 satis
1458 1535 1660 1572 notumst.

376 1601 610 1642 Praeterea
671 1601 951 1642 memoranda
1017 1605 1115 1642 sunt
1178 1601 1369 1642 carmina
1429 1600 1525 1654 pari
1578 1614 1777 1641 versuum

262 1683 440 1711 numero
473 1670 735 1720 constantia,
778 1684 888 1723 quae
921 1670 1122 1711 eveniunt
1150 1669 1403 1724 plerumque
1437 1669 1616 1710 alternis
1647 1669 1778 1710 versi-

263 1739 343 1780 bus
375 1742 418 1780 et
446 1741 595 1780 mutuo
627 1739 842 1779 orantium
875 1738 1120 1780 certamine.
1198 1737 1343 1791 qualia
1376 1738 1511 1779 habes
1542 1737 1585 1778 in
1618 1737 1777 1791 eclogis

264 1807 443 1861 Vergilii
482 1811 524 1848 et
561 1808 692 1849 tertia
731 1811 772 1848 et
811 1807 994 1861 septima
1034 1811 1076 1848 et
1108 1811 1282 1858 octava,
1328 1821 1458 1861 porro
1500 1807 1543 1848 in
1588 1807 1777 1848 carmine

263 1876 508 1918 Nemesiani
540 1890 601 1927 eo,
635 1876 750 1930 quod
781 1876 932 1930 incipit
973 1874 1167 1927 ‘populea
1190 1878 1366 1928 Lycidas
1388 1890 1463 1917 nec
1494 1890 1570 1917 non
1607 1884 1643 1917 et
1667 1879 1777 1927 Mop-

261 1961 330 1987 sus
357 1950 395 1986 ἱη
418 1942 601 1994 umhra'‚
634 1949 676 1986 et
698 1944 867 1986 Horatii
896 1944 969 1986 illo
992 1944 1079 2001 [HL
1103 1944 1143 2001 9]
1190 1943 1339 1986 ‘donec
1368 1953 1514 1997 qralus
1536 1959 1648 1986 erasm
1670 1947 1739 1986 tibi
1748 1942 1774 1986 ⁷.

265 2014 340 2056 sed
372 2014 490 2055 nulla
520 2014 599 2055 tali
632 2027 763 2055 causa
794 2014 866 2055 alii
889 2014 1117 2056 voluerunt
1148 2014 1358 2056 contineri
1388 2014 1522 2056 libros
1555 2028 1653 2056 suos
1686 2027 1778 2054 car-

266 2083 453 2125 minibus
485 2083 635 2137 aequis
669 2083 847 2134 ambitu,
881 2097 1062 2136 quorum
1090 2087 1139 2124 ut
1170 2097 1240 2124 ars
1273 2087 1315 2124 et
1346 2084 1456 2125 ratio
1488 2083 1611 2137 plene
1641 2082 1779 2137 perci-

262 2156 462 2207 peretur,
504 2166 588 2193 non
627 2153 770 2206 potuit
812 2166 904 2194 esse
947 2153 1148 2206 exiguum
1195 2153 1394 2206 spatium.
1474 2153 1557 2195 hoc
1607 2153 1778 2194 lusuum

263 2235 397 2280 genus
427 2221 531 2262 satis
561 2224 777 2262 vetustum
799 2246 854 2250 -—
876 2235 1061 2275 namque
1084 2221 1232 2262 Macer
1253 2221 1478 2263 familiaris
1507 2222 1579 2263 ille
1596 2221 1779 2263 Nasonis

263 2290 460 2331 volumen
493 2289 797 2344 opusculorum
833 2290 1056 2344 quaternis
1095 2290 1291 2332 versibus
1335 2291 1623 2332 constantium
1667 2304 1779 2332 com-

263 2359 410 2413 posuit
441 2383 492 2388 ——
526 2358 758 2399 admodum
789 2359 954 2412 placuit
984 2359 1226 2400 neotericis.
1297 2373 1396 2400 nam
1438 2363 1480 2400 et
1510 2359 1780 2401 monosticha

265 2427 442 2468 Ausonii
477 2431 519 2468 et
550 2426 803 2468 Columbani
846 2431 977 2480 atque
1017 2427 1200 2469 aliorum
1236 2431 1279 2469 et
1315 2428 1501 2469 disticha
1532 2428 1706 2469 Catonis
1738 2431 1781 2469 et

263 2495 464 2537 tristicha
513 2496 712 2537 feruntur
760 2496 986 2551 Symposii.
1075 2500 1306 2550 praeterea
1355 2497 1580 2538 Prudentii
1631 2500 1780 2538 extant

265 2564 524 2606 tetrasticha
573 2564 781 2606 historiae
831 2579 982 2606 sacrae
1034 2569 1077 2606 et
1136 2565 1263 2606 simili
1321 2569 1415 2607 arte
1471 2565 1702 2619 conscripti
1755 2579 1780 2606 a

266 2633 560 2687 grammaticis
592 2634 635 2674 in
656 2633 980 2687 praeclarorum
1012 2638 1159 2675 vatum
1191 2648 1321 2688 opera
1353 2634 1476 2676 multi
1506 2634 1780 2675 inveniuntur

263 2702 440 2743 indices.

380 2771 463 2813 Sed
498 2771 684 2812 maxime
726 2771 933 2812 memoria
972 2771 1089 2824 digni
1130 2772 1211 2813 XII
1249 2772 1492 2825 sapientum
1526 2771 1666 2822 lusus,
1705 2772 1779 2824 qui

266 2843 416 2881 extant
445 2840 489 2880 in
518 2839 779 2893 Anthologia
800 2840 955 2881 Latina
977 2841 1222 2895 [495-626
1255 2839 1318 2881 ed.
1341 2840 1484 2894 Ries.].
1546 2840 1619 2881 ubi
1651 2853 1777 2892 argu-

266 2913 411 2950 menta
433 2908 788 2950 scholasticorum
820 2923 901 2950 usu
928 2909 1033 2950 trita
1059 2909 1190 2950 veluti
1215 2909 1266 2950 de
1285 2909 1472 2963 Vergilio
1498 2914 1537 2949 ct
1561 2909 1778 2959 Cicerone,
