1898 3292
699 241 819 265 LIBER
838 240 1039 265 sEPTers.
1544 233 1624 269 485

235 347 466 387 Praeterea,
498 349 587 393 alis,
621 347 718 392 alid,
751 347 806 384 ate?
837 342 1073 383 adhibuere
1097 342 1318 382 Lucretius
1351 346 1393 382 et
1422 342 1623 383 Catullus.

120 416 172 456 de
193 415 357 456 Lucilio
388 428 457 455 res
487 413 700 466 ambigua.
750 425 849 453 nam
881 410 997 464 quod
1027 410 1125 452 olim
1158 409 1434 464 probavimus
1465 411 1536 457 IX,
1562 415 1626 454 30.

118 484 276 538 partim
310 482 459 524 alienis
489 481 671 522 inventis
700 481 778 530 usi,
811 480 969 534 partim
998 482 1167 520 nostro:

237 569 288 602 sic
313 569 402 602 item
425 564 536 611 ‘apud
564 563 616 601 se'
641 567 750 610 longe
776 565 848 599 alid
875 568 940 608 est⁷
968 576 1086 608 neque
1110 564 1211 598 idem
1232 564 1330 598 valet
1352 561 1409 598 'ad
1434 562 1498 607 se’,

121 649 164 690 id
200 662 353 702 parum
395 648 479 689 iam
517 647 679 701 placet,
720 647 902 700 primum
947 645 1061 699 quod
1100 645 1143 685 in
1185 644 1472 698 praecedente
1504 659 1628 686 versu

118 718 277 771 legitur
308 720 423 758 aliud
449 720 581 767 lonye,
613 715 765 757 deinde
798 715 899 768 quia
931 718 1029 755 ante
1059 713 1166 754 illud
1197 717 1254 754 ad
1282 726 1326 753 se
1356 712 1629 754 desideratur

121 794 253 837 atque.
306 784 440 826 codex
470 784 624 825 habet:
656 788 716 825 δίε
737 788 851 834 apud
881 785 976 837 (per
1007 781 1305 836 compendium
1328 781 1553 834 scriptum)
1585 796 1628 822 se

122 859 240 905 lonqe
271 856 387 895 aliud
417 867 504 893 esse
532 866 661 903 neque
691 857 827 894 eadem
861 856 964 893 vale(
998 855 1055 893 ad
1080 864 1136 900 se,
1178 863 1288 904 quae
1330 863 1382 891 ex
1424 854 1629 903 sequente

120 937 246 963 versu
276 922 372 962 tali:
408 925 515 961 intro
538 936 610 962 nos
642 928 755 962 vocal
786 925 842 962 (ccl
870 934 972 968 sese,
1006 927 1112 961 tenes
1143 923 1250 959 inlus
1273 922 1387 969 apud
1416 932 1460 959 se
1486 918 1629 960 labem

122 990 320 1031 videntur
350 989 545 1030 traxisse.
608 990 754 1042 itaque
787 989 1013 1042 legendum
1043 987 1227 1029 conicio:
1382 978 1385 981 ’

235 1082 286 1115 sic
316 1081 405 1115 item
430 1082 520 1124 aput
543 1079 689 1122 longest
714 1076 810 1110 aliud
836 1086 953 1119 neque
980 1075 1077 1109 idem
1103 1075 1200 1108 valet
1225 1077 1334 1118 atque
1361 1074 1415 1107 ad.

120 1176 249 1216 porro
290 1160 406 1202 haud
446 1159 667 1212 indignum
708 1157 915 1197 memoria
955 1156 997 1195 in
1041 1159 1254 1203 αῖίενῑιίιὋ,
1302 1168 1398 1195 cum
1438 1153 1630 1194 feminini

121 1234 324 1284 quartum
367 1242 511 1270 casum
551 1226 769 1280 geminata
811 1224 1035 1266 extulisset
1079 1223 1364 1264 declinatione
1402 1222 1629 1263 Lucretius

121 1299 188 1354 [V7
219 1298 337 1352 588}
379 1296 483 1338 alibi
522 1294 721 1345 eundem,
764 1294 875 1335 sicut
915 1296 1080 1334 ceteros
1122 1291 1375 1345 dactylicos,
1418 1291 1631 1344 integram

121 1380 294 1409 servare
324 1368 493 1420 partem
525 1364 724 1418 priorem.

235 1440 400 1482 Deinde
430 1437 754 1493 pronominibus
790 1435 1091 1490 personalibus
1121 1434 1187 1476 vel
1218 1434 1470 1488 possessivis
1501 1434 1630 1474 raris-

122 1511 226 1552 sime
268 1509 408 1551 evenit
447 1507 563 1561 apud
604 1506 739 1548 bonos
782 1508 981 1546 auctores
1028 1507 1075 1544 ut
1116 1502 1403 1544 adhaererent
1443 1503 1517 1543 illa
1556 1510 1633 1543 met

123 1578 189 1620 vel
227 1584 319 1630 pte,
351 1577 510 1631 quippe
542 1588 671 1629 quae,
717 1588 812 1615 cum
844 1573 1006 1614 nullum
1036 1571 1179 1614 verbis
1213 1571 1423 1612 adderent
1452 1571 1632 1625 pondus,

123 1647 248 1687 nimis
278 1646 405 1686 metri
435 1644 738 1686 necessitatem
762 1645 1004 1696 arguerent.
1054 1640 1184 1695 paulo
1216 1640 1486 1693 frequentius
1507 1639 1631 1690 illud;

118 1723 191 1766 ple
220 1717 388 1755 tantum
421 1712 536 1767 apud
567 1711 779 1753 Catullum
823 1712 906 1765 [51‚
942 1711 1011 1764 10]
1054 1713 1095 1750 et
1127 1709 1375 1750 Lucretium
1412 1708 1500 1763 [VL
1533 1708 1632 1762 755]

124 1787 243 1825 extat
273 1783 317 1823 in
352 1783 424 1829 eis,
468 1795 578 1834 quae
619 1784 720 1822 sunt
760 1786 920 1830 suopte,
952 1786 1109 1829 suapte.
1170 1777 1232 1818 ita
1267 1780 1310 1817 et
1340 1783 1441 1825 lule,
1475 1783 1635 1817 taleme!

123 1851 207 1905 (vel
239 1851 408 1904 intimet)
440 1850 675 1903 antiquata.
708 1873 763 1879 ——
792 1861 926 1896 meme,
961 1854 1038 1887 tete
1066 1847 1108 1887 in
1141 1846 1354 1901 dactylico
1387 1848 1523 1886 metro
1551 1859 1633 1885 non

123 1919 302 1961 invenio.
355 1922 506 1960 contra
536 1932 624 1959 sese
655 1931 732 1971 per
765 1929 888 1957 omne
916 1919 1085 1969 tempus
1108 1915 1266 1956 mansit
1286 1914 1413 1955 metri
1436 1913 1634 1954 servandi

126 1988 267 2042 gratia
298 1988 540 2041 promiscue
573 1986 812 2027 adhibitum
844 1998 922 2038 pro
956 1998 1028 2025 me.
1071 2009 1125 2013 -
1163 1983 1217 2024 ab
1250 1982 1386 2023 Ennio
1420 1986 1462 2023 et
1491 1982 1632 2023 imita-

123 2061 216 2098 tore
252 2057 342 2098 eius
375 2055 574 2097 Lucretio
606 2054 766 2095 dictum
802 2057 859 2095 sis
892 2057 1016 2094 oculis
1047 2066 1125 2107 pro
1155 2056 1254 2097 suis,
1289 2050 1344 2092 ab
1374 2050 1447 2092 illo
1480 2055 1522 2092 et
1553 2064 1632 2095 sos,

124 2139 193 2166 sas
222 2138 301 2178 pro
333 2138 413 2173 eos,
447 2137 515 2165 eas
545 2123 630 2164 iam
657 2123 683 2164 l.
715 2123 772 2164 IV
803 2123 960 2163 notavi.

238 2193 471 2234 Praeterea
510 2192 554 2233 in
599 2192 849 2246 pronomine
890 2194 967 2239 Ιιὶε,
1009 2194 1124 2238 haec,
1165 2194 1240 2231 hoc
1280 2190 1341 2230 ita
1382 2202 1452 2230 res
1492 2187 1636 2229 habet.

126 2262 286 2302 Ennius
319 2275 414 2302 cum
448 2261 691 2314 scripsisset
722 2259 839 2301 haud
871 2259 999 2300 dubie
1030 2259 1072 2299 in
1103 2258 1354 2299 hexametro
1387 2258 1502 2311 [ann.
1535 2256 1635 2309 ⁴294]

126 2334 250 2371 haece
272 2333 419 2371 locutu’
441 2337 566 2377 vocat,
600 2341 896 2382 quaecumque
918 2327 1033 2381 apud
1055 2327 1265 2368 Lucilium
1286 2326 1411 2380 posui
1431 2324 1637 2377 longioris

127 2398 289 2439 formae
318 2398 514 2452 exempla
543 2411 697 2451 parum
729 2401 849 2438 certa
880 2396 1165 2443 concedimus,
1198 2398 1377 2448 excepto
1407 2394 1481 2435 ubi
1512 2407 1637 2448 prae-

129 2466 242 2508 cedit
269 2482 289 2507 S
318 2466 478 2515 littera,
508 2470 556 2507 ut
586 2469 697 2507 hisce
727 2465 777 2519 [L
810 2466 895 2519 29].
957 2478 1054 2505 nam
1092 2464 1154 2504 ita
1192 2467 1235 2504 et
1264 2462 1380 2516 apud
1410 2462 1637 2503 Horatium

129 2535 340 2576 invenitur
388 2535 442 2589 [s.
474 2535 510 2583 Ι,
543 2538 579 2583 3,
613 2538 688 2585 703
730 2537 767 2584 4,
801 2534 849 2587 6]
895 2536 1086 2584 pluribus
1128 2535 1263 2579 hiso&
1307 2535 1427 2572 hosce
1462 2537 1635 2571 secum&

129 2602 390 2644 conferenda
434 2616 543 2656 quae
583 2603 824 2644 notavimus
869 2601 923 2642 ad
955 2601 1211 2642 Saturarum
1252 2600 1289 2649 Ι,
1323 2604 1365 2649 3,
1399 2602 1463 2640 70.
1525 2597 1639 2652 apud

130 2671 483 2724 castigatissimos
515 2671 791 2712 classicorum
825 2684 870 2711 εε
907 2684 991 2711 11011
1022 2673 1277 2723 usurpatum
1309 2668 1389 2709 nisi
1419 2668 1462 2708 in
1494 2680 1638 2707 mono-

130 2738 305 2793 syllabis
334 2739 482 2781 formis
515 2744 557 2780 et
588 2739 737 2780 addita
767 2739 965 2779 enclitica
995 2737 1307 2790 interrogativa
1340 2740 1382 2776 et
1415 2734 1587 2788 quidem
1618 2748 1639 2774 ε

130 2811 173 2850 111
204 2814 217 2850 ι’
248 2812 424 2859 mutato,
456 2812 504 2849 ut
535 2811 723 2853 huncine,
756 2810 912 2855 hocine,
944 2809 1103 2853 Ιιηείηε,
1131 2808 1298 2846 hascine
1330 2803 1441 2858 [val.
1465 2803 1524 2844 Fl.
1551 2802 1639 2852 VII,

131 2878 245 2932 417}
297 2891 395 2918 nam
425 2880 467 2917 et
496 2876 558 2917 ita
590 2875 736 2916 dixere
767 2878 906 2916 εἰσίηε.
939 2900 995 2904 -
1026 2887 1125 2915 mox
1146 2872 1382 2926 Appuleius
1410 2885 1461 2912 ac
1483 2871 1638 2911 Teren-

131 2946 274 2987 tianus
317 2959 412 2987 cum
449 2943 677 2986 neotericis
708 2943 1044 2984 vetustissimum
1081 2941 1292 2995 repetiere
1331 2954 1454 2981 usum
1492 2939 1640 2980 formis
