1898 3292
763 253 883 278 LIBER
901 252 1056 278 SEXTVS.
1581 244 1662 282 443

160 361 290 410 atque
322 357 383 397 ita
413 360 551 397 eadem
583 358 785 410 porrecta
812 355 969 408 legitur
1011 354 1199 396 secunda
1240 354 1353 407 apud
1385 354 1663 395 Prudentium

159 425 271 480 [peri
303 429 353 465 st.
388 429 422 475 1,
455 426 498 479 3]
543 427 585 465 et
622 423 855 465 Ausonium
889 424 979 477 [XL
1012 427 1048 473 2,
1082 427 1106 465 8
1138 423 1202 464 ed.
1235 422 1374 477 Sch.],
1416 436 1494 463 nec
1524 423 1664 463 minus

160 500 334 544 utraque
367 492 567 546 [cathem.
606 496 668 542 10,
702 497 747 543 53
778 492 871 545 peri
903 495 952 532 st.
982 495 1018 542 3,
1042 494 1118 542 8ος
1151 491 1371 544 apotheos.
1396 494 1499 542 32ος
1532 490 1663 544 epigr.

161 565 226 610 95,
260 565 282 602 2
315 560 378 602 ed.
412 560 529 611 Sch.;
570 561 690 614 epist.
727 564 761 610 1,
793 561 888 614 22],
933 560 1036 601 item
1087 559 1202 612 apud
1246 559 1366 600 illum
1408 562 1664 609 ridendaque

163 630 215 683 [c.
248 629 403 683 Symm.
432 629 468 679 I,
501 629 614 683 63Ο].
687 641 765 669 1160
808 628 918 669 6111111
960 627 1004 668 111
1046 627 1185 669 solent
1227 630 1381 681 poetae
1424 627 1665 679 promiscue

159 697 398 751 producere
438 697 611 738 brevem
657 700 862 750 sequente
909 711 981 747 qd,
1028 696 1080 737 de
1128 709 1214 749 qua
1252 695 1428 736 licentia
1470 694 1665 748 pluribus

159 766 321 807 dictum
350 765 472 806 initio
503 764 528 805 l.
562 765 608 806 V.

274 835 363 875 Iam
396 833 513 887 quod
542 836 585 874 et
622 833 716 874 aliis
754 832 958 886 exemplis
1000 832 1257 886 quibusdam
1300 831 1516 873 habentur
1556 830 1665 871 chri—

161 903 397 944 stianorum
425 901 469 942 in
504 901 627 942 libris
658 901 894 956 productae
927 901 1117 955 syllabae
1153 903 1334 942 accentu
1370 899 1578 953 insignes,
1619 902 1667 940 ut

159 972 203 1012 in
232 971 309 1021 eis,
351 983 462 1023 quae
490 974 589 1011 sunt
620 974 794 1020 crapula,
837 970 982 1024 [Prud.
1015 969 1126 1011 ham.
1159 969 1282 1023 323],
1325 972 1508 1009 centurio
1551 967 1666 1021 [Sed.

160 1039 300 1093 hymn.
320 1042 356 1089 2,
376 1038 462 1092 54],
494 1041 703 1090 chlamyde
732 1037 875 1091 [Mart.
899 1038 972 1087 IX,
991 1042 1085 1089 999,
1107 1039 1190 1091 ll],
1221 1041 1321 1088 {sula
1354 1036 1476 1090 [Lux.
1496 1039 1590 1086 314,
1613 1037 1666 1090 1],

161 1110 359 1148 Sardinia
392 1105 540 1159 [Prud.
573 1119 606 1147 0.
638 1106 792 1160 Symm.
825 1106 877 1156 ΙΙ,
911 1107 1031 1161 946],
1062 1109 1191 1157 spado
1226 1105 1314 1159 [Ar.
1342 1118 1377 1145 a.
1406 1118 1472 1158 ap.
1499 1104 1529 1155 Ι,
1553 1105 1667 1158 673],

161 1179 271 1216 tinea
306 1173 418 1230 [Sed.
450 1188 483 1215 c.
513 1189 553 1227 p.
585 1174 654 1224 IV,
687 1174 780 1230 21]‚
817 1175 925 1216 haec
957 1178 999 1216 et
1030 1173 1185 1216 similia
1215 1172 1446 1226 quaedam,
1478 1176 1526 1214 ut
1557 1172 1668 1213 raris

161 1242 380 1285 vocabulis
401 1242 467 1283 vel
488 1242 738 1296 peregrinis,
769 1243 812 1283 in
842 1242 908 1284 his
939 1246 1042 1284 nota
1070 1242 1286 1293 libertate,
1315 1242 1359 1282 in
1388 1241 1472 1282 illis
1503 1241 1668 1282 incerta

161 1311 432 1365 potissimum
462 1311 654 1364 priorum
690 1312 950 1352 auctoritate
983 1311 1173 1352 evenisse
1216 1313 1471 1362 statuemus,
1512 1308 1668 1363 quibus

162 1380 302 1421 causis
353 1379 482 1420 etiam
535 1379 637 1420 alibi
687 1379 940 1433 plerumque
990 1380 1104 1421 iusta
1153 1380 1406 1420 immutatur
1454 1391 1666 1419 mensura.

161 1462 290 1502 porro
323 1452 423 1489 sunt
453 1447 568 1501 apud
606 1447 861 1489 deterrimos
903 1447 1252 1498 christianorum,
1293 1460 1404 1500 quae
1444 1446 1563 1487 nulla
1596 1460 1666 1487 ex-

163 1517 400 1567 cusatione,
444 1515 519 1557 sed
548 1516 640 1557 sola
670 1516 943 1570 neglegentia
975 1516 1165 1557 evenisse
1197 1515 1453 1566 existimem,
1484 1517 1533 1556 ut
1562 1517 1669 1568 puta

164 1585 378 1626 Martiano
416 1589 558 1636 palam
599 1584 656 1639 [Ι,
692 1587 757 1636 91,
793 1585 862 1639 13]
907 1584 973 1626 vel
1017 1587 1156 1626 habitu
1201 1584 1278 1639 [II,
1312 1586 1406 1635 219,
1440 1583 1483 1637 6]
1527 1583 1669 1637 posita

162 1653 291 1707 longa
321 1667 358 1695 a.

277 1721 414 1774 Magis
445 1720 615 1762 videtur
645 1720 892 1774 optinuisse,
924 1724 973 1762 ut
994 1720 1162 1762 vocales
1193 1721 1348 1774 longae
1380 1723 1583 1762 accentus
1614 1719 1668 1761 ob

163 1789 377 1831 defectum
408 1788 720 1830 breviarentur.
780 1789 842 1830 ita
871 1789 983 1830 enim
1014 1788 1150 1830 habes
1184 1792 1384 1842 correpta
1414 1789 1574 1842 prima:

333 1857 489 1899 Darios
521 1858 639 1912 [Aus.
663 1870 728 1910 ep.
760 1862 796 1908 5,
820 1858 910 1911 23],
942 1857 1063 1898 Darii
1094 1858 1189 1911 (per
1218 1857 1519 1911 anapaestum)
1556 1855 1668 1912 [Sed.

334 1926 364 1977 I,
400 1926 519 1980 196],
559 1925 763 1979 ganeonis
804 1925 951 1980 [Prud.
982 1926 1094 1966 ham.
1128 1926 1249 1980 321],
1290 1925 1482 1966 Nolanus
1521 1924 1669 1979 [Prud.

333 2009 374 2048 p.
400 1997 451 2035 st.
481 1997 544 2044 ll,
567 1993 687 2048 208],
726 1993 879 2046 rubigo
914 1993 1060 2047 [Prud.
1083 1993 1227 2049 psych.
1255 1994 1372 2048 105],
1409 1992 1670 2035 temulentus

335 2062 421 2117 [Pr.
454 2075 487 2103 c.
520 2061 675 2116 Symm.
707 2061 738 2112 I,
776 2062 872 2115 135]

165 2145 216 2172 ac
246 2130 456 2173 secunda:

335 2198 594 2252 Aquitanica
627 2199 914 2252 [Aus.11],21
948 2197 1083 2253 Sch.],
1116 2198 1338 2240 Chelidoni
1372 2197 1517 2252 [Prud.
1547 2212 1585 2251 p.
1619 2201 1669 2238 st.

342 2270 406 2317 ll,
438 2266 552 2321 237],
584 2266 972 2308 controversiarum
1007 2266 1111 2320 [Sid.
1143 2281 1207 2321 ep.
1240 2267 1351 2318 VIII,
1387 2270 1448 2317 11,
1477 2265 1546 2322 29]

165 2335 252 2376 sive
281 2335 431 2376 tertia:

337 2403 631 2444 calceamenta
663 2402 808 2456 [Prud.
841 2418 880 2457 p.
908 2407 958 2444 st.
987 2407 1024 2453 6,
1053 2404 1141 2457 74],
1180 2403 1533 2445 concionaturum
1567 2401 1671 2456 [Sid.

341 2470 460 2512 euch.
483 2471 539 2512 ad
559 2470 703 2512 Faust.
730 2472 842 2525 125],
874 2471 1115 2525 Papianilla
1148 2471 1252 2525 [sid.
1274 2485 1394 2525 prop.
1417 2470 1473 2512 ad
1493 2469 1564 2511 lib.
1589 2469 1672 2525 37].

282 2540 338 2580 At
377 2539 421 2579 in
453 2538 631 2580 Graecis
662 2539 881 2581 vocabulis
921 2553 1006 2581 non
1048 2540 1218 2581 omnino
1258 2539 1453 2593 negarim
1492 2541 1673 2580 accentu

165 2607 258 2661 ipso
290 2607 571 2660 grammatico
604 2606 835 2660 aliquando
865 2607 1048 2661 produci
1069 2607 1233 2650 breves.
1284 2621 1384 2648 nam
1405 2610 1454 2648 ut
1475 2607 1672 2648 omittam

166 2674 380 2728 quaedam
420 2688 504 2716 non
544 2674 649 2716 satis
691 2679 831 2726 certa,
880 2676 1026 2729 qualia
1066 2679 1166 2717 sunt
1210 2677 1368 2727 Craqus
1411 2676 1503 2729 [Av.
1536 2674 1670 2716 descr.

167 2743 257 2785 orb.
294 2746 421 2794 1013;
452 2742 583 2783 Prisc.
616 2756 705 2796 per.
739 2744 858 2797 801],
899 2758 1042 2795 mdyus
1084 2743 1294 2800 [Ambros.
1327 2748 1364 2794 5,
1396 2746 1467 2794 123
1504 2741 1672 2784 Probae

167 2811 284 2852 Cent.
306 2809 441 2864 praef.
473 2809 536 2866 8],
566 2814 710 2861 sophia
743 2810 885 2866 [Prud.
910 2825 943 2852 0.
966 2811 1006 2853 S.
1028 2812 1059 2863 Ι,
1083 2811 1152 2868 34]
1185 2810 1379 2852 trochaei
1410 2810 1476 2852 vel
1506 2810 1671 2864 amphi-

167 2878 317 2920 brachi
346 2879 483 2919 instar
512 2878 671 2931 posita,
703 2879 818 2932 quod
848 2879 1107 2921 Prudentius
1139 2881 1419 2929 Asclepiadem
1453 2878 1507 2935 [p.
1531 2882 1581 2920 st.
1607 2881 1671 2928 10,

168 2946 253 3002 42],
285 2946 484 2988 Sidonius
506 2950 745 2999 Asidqenem
780 2946 891 3003 [pan.
909 2949 982 2989 Av.
1002 2949 1074 3002 80]
1106 2950 1149 2989 et
1178 2950 1417 2998 Euripidem
1450 2946 1671 3003 [1X,234],
