1898 3292
726 182 846 207 LIBER
865 182 1041 208 TERTIVS.
1558 176 1636 216 199

244 285 291 325 Id
322 285 522 338 quoniam
555 285 684 338 paulo
718 284 934 325 difficilius
965 288 1029 326 est
1061 285 1114 326 ad
1155 285 1509 339 intellegendum,
1545 302 1635 328 rein

128 353 325 407 probabo
359 353 563 406 exemplo.
614 353 747 406 igitur
770 356 818 393 ut
840 352 893 394 ab
915 353 1167 394 hexametro
1190 354 1515 407 proficiscamur
1537 355 1635 396 tali:

450 447 491 478 ut
517 447 692 488 superent
716 444 806 478 aliae
832 447 971 487 gentes,
999 444 1090 478 aliae
1116 444 1337 487 minuantur,

131 524 212 564 nisi
244 527 411 565 constet
442 527 562 564 certa
591 523 753 573 incisio,
788 528 994 576 quattuor
1026 523 1111 564 alia
1143 528 1281 565 metra
1310 539 1420 566 unus
1448 525 1518 566 hio
1545 539 1637 567 ver-

127 606 198 633 sus
229 591 465 643 exhibebit,
508 592 692 645 primum
731 591 902 645 quidem
935 591 1163 633 dimetrum
1196 592 1453 647 dactylicum
1484 593 1638 647 hyper-

126 660 383 701 catalectum
423 659 485 700 ‘ut
515 666 711 711 superent
742 657 887 709 aliaess
921 660 1073 701 deinde
1096 664 1395 702 tetrametrum
1427 662 1540 702 hunc
1574 661 1637 703 ‘ut

124 736 321 780 superent
341 732 448 770 allae
468 736 610 780 (sentes
623 725 650 778 ⁹,
682 742 811 782 porro
830 728 1059 770 dimetrum
1078 729 1400 783 anapaesticum
1424 728 1638 781 ‘superent

125 801 232 839 aliae
257 804 412 849 yentes,
444 794 572 838 aliae’
609 797 792 850 denique
814 797 1134 850 paroemiacum
1173 796 1346 849 ‘qentes,
1379 802 1486 840 aliae
1507 802 1636 840 minu-

126 863 291 907 antur'.
352 865 446 919 quis
486 865 529 905 in
571 868 695 906 tanta
734 866 944 906 varietate
984 869 1221 907 metrorum
1261 866 1511 920 principalis
1548 881 1633 909 me-

123 934 328 975 minerit‘.>
370 932 454 986 fige
494 933 745 975 incisionem
789 938 887 987 post
928 935 1101 975 tertiam
1149 935 1283 985 arsin,
1325 943 1409 976 non
1451 935 1633 977 habebis

123 1002 218 1056 plus
247 1002 413 1043 duobus
452 1001 667 1053 versibus,
709 1002 939 1043 dimetrum
978 1002 1141 1044 scilicet
1181 1003 1438 1058 dactylicum
1479 1003 1633 1058 hyper-

123 1070 382 1112 catalectum
415 1073 457 1111 et
478 1084 647 1111 versum
678 1071 1012 1124 paroemiaoum.
1064 1071 1126 1112 ita
1159 1071 1305 1113 divisis
1336 1071 1535 1126 partibus
1557 1087 1634 1126 per

123 1153 346 1180 caesuram
370 1153 466 1180 cum
489 1138 741 1180 concidatur
761 1139 937 1180 licentia
958 1139 1273 1193 multiplicandi
1300 1144 1451 1191 metra,
1482 1144 1633 1194 sponte

121 1206 450 1262 properabimus
480 1207 674 1248 membra
703 1207 861 1261 pedum
890 1208 1027 1249 mixta
1055 1212 1097 1249 et
1119 1209 1298 1250 confusa
1319 1208 1460 1250 verbis
1485 1208 1632 1250 celeri-

121 1279 212 1317 tate
242 1275 550 1329 pronuntiandi
583 1276 783 1328 coiugare
807 1276 860 1317 ad
885 1276 1160 1330 complendos
1182 1277 1397 1331 legitimos
1419 1291 1632 1318 numeros.

123 1345 184 1385 sic
216 1358 396 1386 caesura
428 1358 524 1385 cum
554 1343 650 1384 finis
684 1344 914 1386 denotetur
936 1345 1098 1386 ordinis
1121 1346 1302 1396 metrici,
1334 1346 1419 1386 iam
1442 1346 1631 1400 partium

122 1427 229 1467 quas
260 1412 477 1464 discernit,
509 1412 665 1466 singuli
694 1413 826 1466 pedes
858 1427 906 1454 eo
938 1414 1075 1455 artius
1107 1415 1435 1468 coniunguntur.

236 1481 444 1532 Caesura,
484 1485 531 1522 ut
562 1482 811 1532 memoravi,
856 1496 1024 1536 semper
1054 1481 1175 1524 finito
1210 1482 1457 1523 declaratur
1488 1482 1630 1524 verbo.

122 1564 231 1604 quae
273 1554 418 1591 tamen
454 1549 524 1590 lex
567 1549 681 1603 apud
714 1550 929 1592 Romanos
969 1550 1051 1591 hac
1088 1551 1335 1604 infringitur
1368 1552 1631 1605 exceptione,

121 1618 236 1672 quod
264 1618 481 1659 interdum
511 1618 554 1658 in
587 1619 834 1671 compositis
865 1619 984 1672 prior
1016 1633 1130 1673 pars,
1162 1620 1198 1660 si
1231 1623 1397 1660 constet
1418 1619 1484 1660 vel
1505 1634 1630 1674 prae-

119 1687 331 1741 positione
371 1686 438 1728 vel
478 1690 518 1727 ln
562 1686 762 1740 negativo
805 1686 971 1728 divulsa
1003 1701 1028 1728 a
1060 1692 1265 1741 sequente
1300 1688 1465 1742 proprii
1495 1688 1632 1730 instar

119 1756 305 1797 habetur
334 1755 544 1806 vocabuli,
575 1758 624 1796 ut
655 1755 771 1808 apud
803 1755 1055 1797 Horatium:

396 1858 461 1881 our
486 1858 553 1892 ego
580 1847 609 1881 si
634 1858 776 1891 nequeo
802 1847 1020 1892 ignoroque
1046 1852 1157 1892 poeta-
1184 1848 1344 1891 salutor3

120 1909 163 1946 et
194 1904 318 1946 alibi:

393 1973 481 2007 dum
505 1972 699 2017 flagrantia
724 1973 768 2007 de
784 1975 934 2017 torquet
959 1973 1004 2007 ad
1034 1973 1169 2008 oscula.

119 2053 171 2095 de
203 2067 289 2107 qua
321 2066 368 2094 re
400 2052 511 2094 libro
542 2053 600 2094 VI
633 2056 885 2106 exponetur.

233 2121 502 2175 Intellegitur
535 2125 678 2162 autem
713 2135 761 2162 eo
793 2120 962 2162 facilius
1005 2121 1156 2163 abesse
1197 2135 1323 2175 posse
1366 2122 1629 2173 incisionem,

119 2204 202 2244 quo
229 2190 410 2231 leviores
445 2190 666 2231 extiterint
697 2189 749 2230 ad
784 2203 878 2230 eam
908 2190 1218 2231 instituendam
1247 2204 1415 2241 causae,
1446 2190 1630 2243 ideoque

117 2259 161 2300 in
206 2258 442 2299 minoribus
487 2258 682 2299 versibus
729 2258 901 2312 saepius
945 2258 1084 2299 omitti
1128 2272 1257 2312 quam
1297 2259 1339 2299 in
1380 2259 1629 2300 maioribus.

119 2340 380 2380 quamquam
420 2325 528 2368 haec
565 2326 741 2368 licentia
782 2327 919 2380 magis
962 2328 1151 2380 pertinet
1182 2327 1237 2368 ad
1267 2327 1468 2369 Graecos.
1530 2341 1628 2368 nam

119 2395 300 2436 Romani
330 2408 382 2436 ne
410 2395 454 2435 in
482 2394 565 2435 hac
596 2394 769 2448 quidem
791 2398 914 2448 parte
942 2395 1115 2436 insitam
1137 2396 1319 2449 ingeniis
1343 2396 1629 2446 severitatem,

119 2477 205 2517 qua
246 2462 313 2504 vel
353 2462 586 2504 arbitraria
626 2463 826 2504 instituta
868 2477 947 2517 pro
987 2464 1243 2505 necessariis
1290 2468 1388 2505 sunt
1429 2464 1628 2518 amplexi,

119 2532 290 2586 saepius
320 2532 573 2585 migravere.
633 2535 777 2572 tamen
808 2545 956 2573 versus
989 2532 1153 2583 decem,
1187 2546 1270 2574 non
1301 2532 1505 2586 plurium,
1546 2531 1628 2586 syl-

117 2600 315 2642 labarum
345 2600 535 2653 legitime
567 2604 716 2641 carent
746 2600 962 2641 incisione.

231 2668 322 2709 Iam
363 2682 623 2721 quamquam
665 2682 844 2709 caesura
887 2672 1024 2709 metro
1056 2668 1215 2709 sufficit
1245 2669 1498 2723 plerumque
1530 2683 1627 2719 una,

118 2740 263 2777 tamen
295 2737 329 2777 si
359 2736 527 2789 longior
560 2737 615 2777 sit
636 2750 795 2787 versus,
828 2737 930 2789 quin
963 2736 1074 2777 duae
1104 2740 1321 2790 ponantur
1352 2736 1457 2777 nihil
1480 2736 1626 2787 officit,

119 2804 236 2846 velut
265 2805 308 2845 in
339 2804 612 2857 asclepiadeo
644 2805 827 2845 maiore:

327 2895 474 2938 nullam,
502 2894 610 2938 Vare,
637 2906 740 2929 sacra
768 2896 771 2938 Ι
799 2895 872 2929 vite
901 2896 1001 2939 prius
1030 2924 1032 2938 ,
1061 2896 1195 2929 severis
1222 2896 1400 2929 arborem.
