1898 3292
831 211 959 236 INDEX
979 211 1018 237 11.
1596 202 1675 241 623

281 312 508 354 conubium
541 316 619 354 302
652 327 712 366 sq.

280 381 451 435 coperio
483 384 577 432 294,
611 386 646 423 5.
709 381 879 435 coperio
911 384 1003 432 294,
1040 386 1074 422 5.
1109 385 1203 422 453.

281 449 433 503 copulo
465 453 559 491 453.
622 449 744 503 coplo
776 453 871 491 456.

282 532 355 558 cor
386 521 462 558 421
500 532 560 571 sq.

280 586 488 640 Corippus
524 590 614 627 143.
649 589 740 627 337.
777 600 855 627 em.
889 585 1018 640 (laud.
1051 586 1152 626 Iust.
1184 586 1213 635 Ι,
1245 588 1317 639 46)
1355 590 1447 627 351.

279 654 499 695 Cornelius
531 654 712 695 Severus
744 658 837 696 493.

279 737 384 764 cors.
433 722 483 763 cf.
517 722 682 764 cohors.

279 794 484 844 comptus
512 795 605 832 448.

278 873 425 901 cosero
459 864 551 901 594.

278 929 538 970 cottidianus
573 932 666 970 577.

277 998 396 1038 ouius
426 997 506 1038 adi.
541 1001 635 1038 517.

276 1070 428 1107 cuntus
460 1079 538 1120 pro
570 1069 746 1107 cunctus
781 1069 873 1107 579.

884 1191 945 1236 D.

275 1271 453 1312 Dativus
494 1271 659 1324 primae
690 1284 773 1311 non
806 1271 893 1311 exit
923 1271 965 1310 in
998 1271 1058 1311 -ai
1089 1274 1187 1311 471.
1250 1270 1423 1311 dativus
1456 1271 1670 1312 secundae

159 1340 202 1381 in
244 1339 461 1393 gerundiis
503 1353 735 1392 numquam
775 1342 999 1393 correptus
1037 1342 1131 1379 417.
1204 1339 1247 1379 in
1289 1339 1349 1380 -oi
1391 1338 1536 1380 finitus
1571 1343 1667 1382 473.

159 1409 202 1449 in
235 1409 268 1449 -i
299 1412 393 1450 484.
455 1407 624 1449 dativus
668 1408 824 1449 tertiae
863 1408 907 1448 in
953 1421 994 1448 -e
1036 1411 1130 1449 497.
1203 1407 1394 1448 eiusdem
1434 1408 1477 1448 in
1510 1412 1543 1449 -i
1573 1412 1667 1451 496.

159 1477 202 1518 in
233 1477 291 1518 -ei
323 1476 389 1518 vel
416 1478 447 1518 -i
481 1480 573 1518 315.
635 1477 676 1517 in
709 1477 792 1517 -sin
824 1480 918 1518 497.
980 1475 1124 1517 dativo
1157 1480 1342 1529 quartae
1380 1476 1503 1517 multi
1535 1476 1668 1518 absti-

158 1549 261 1586 nent
305 1549 458 1599 poetae
504 1549 599 1586 478.
674 1545 775 1586 item
823 1545 998 1598 quintae
1046 1544 1190 1585 dativo
1238 1549 1281 1585 et
1329 1545 1525 1597 genetivo
1573 1550 1667 1587 480.

159 1614 245 1656 dat.
278 1614 451 1668 quintae
483 1617 525 1654 et
556 1617 692 1667 genet.
714 1613 1001 1667 praecedente
1032 1614 1045 1653 i
1076 1614 1187 1654 male
1210 1614 1348 1654 flexus
1380 1613 1422 1653 in
1453 1614 1465 1653 i
1499 1618 1580 1655 479
1605 1628 1670 1667 sq.

274 1682 465 1723 Daunias
496 1684 590 1723 492.

274 1751 430 1792 decoro
460 1754 556 1792 454.

272 1819 435 1861 deerro.
482 1818 531 1860 cf.
563 1818 700 1860 derro.

273 1888 427 1929 dehinc
456 1887 676 1942 monosyll.
710 1890 789 1928 313
823 1901 883 1941 sq.

271 1957 406 1998 deicio
438 1955 586 2011 trisyll.
621 1959 715 1997 320.

274 2024 500 2066 Deidamia
529 2024 736 2079 tetrasyll.
770 2027 863 2065 325.

271 2093 471 2147 deinceps
504 2096 596 2134 313.
632 2096 724 2134 518.

271 2162 423 2204 deinde
455 2161 589 2216 (dein)
623 2164 715 2202 313.
750 2166 844 2204 499.

271 2231 410 2272 denuo
440 2234 534 2272 453.

270 2299 556 2341 derivationes
594 2298 959 2340 substantivorum
1002 2303 1095 2347 515,
1129 2302 1164 2339 6.
1227 2299 1534 2340 adiectivorum
1569 2303 1665 2343 516.

156 2367 455 2410 adverbiorum
489 2371 582 2418 516,
616 2371 651 2408 7.
712 2367 940 2409 verborum
974 2371 1067 2410 517.

269 2436 395 2477 derro
428 2440 520 2479 295.

268 2504 426 2545 desum.
464 2504 586 2545 desse
617 2508 710 2554 286,
743 2508 779 2544 7.
813 2507 905 2546 295.

269 2573 372 2614 deus
403 2586 480 2626 per
512 2572 809 2626 compendium
842 2573 1049 2625 scriptum
1082 2576 1174 2613 594.
1236 2572 1301 2613 dis
1334 2576 1425 2613 577.

266 2641 340 2682 di-.
386 2640 436 2682 cf.
469 2641 520 2682 l.:
553 2656 584 2682 z,

268 2709 408 2750 Diana
439 2709 640 2764 (Divana)
674 2713 766 2751 286.

266 2778 473 2832 Didymus
508 2791 627 2818 mons
662 2781 752 2819 175.

265 2846 367 2887 dies.
400 2845 484 2886 diei
516 2850 609 2888 288.

267 2914 429 2956 difficul
457 2919 551 2957 499.
