1898 3292
750 222 1024 247 PRsffiolssMIVM.
1589 215 1610 249 3
1617 215 1640 253 5

136 339 240 379 pore
273 322 477 366 Iuliorum
503 325 864 377 Claudiorumque
897 324 1210 373 dominationis,
1243 323 1390 364 eodem
1423 323 1523 372 fere,
1558 339 1641 378 quo

135 394 295 453 elegias
327 393 378 434 de
411 393 672 434 Maecenate.
726 395 884 446 quippe
918 393 971 433 ab
995 393 1178 445 Augusti
1211 392 1381 445 aequali
1414 406 1464 433 ac
1496 394 1641 434 statim

135 467 231 516 post
284 465 463 503 mortem
507 462 637 502 Drusi
690 460 972 514 compositum
1015 474 1066 500 ne
1115 464 1324 510 statuam,
1377 461 1642 513 argumentis

135 544 386 584 permoveor
417 530 471 571 ab
505 530 694 583 Hauptio
735 528 934 582 prolatis,
977 542 1237 581 quamquam
1283 528 1407 568 finxit
1437 532 1567 581 poeta
1598 543 1642 570 se

135 599 326 653 exequiis
358 599 486 640 Drusi
521 598 711 639 adfuisse
744 598 798 653 [v.
822 597 936 652 202],
969 597 1080 638 sicut
1110 597 1158 648 is,
1191 597 1263 650 qui
1295 597 1347 638 de
1381 596 1642 638 Maecenatis

135 671 273 709 morte
308 667 548 720 composuit
577 680 761 710 carmen.
794 680 838 707 se
870 665 923 706 ab
955 665 1092 706 amico
1125 666 1216 706 eius
1248 665 1299 706 de
1331 664 1403 706 illo
1427 665 1643 707 simulavit

135 737 333 778 edoctum
365 736 407 790 [9
441 736 533 790 sq.].
596 739 637 776 et
670 738 839 776 constat
870 734 931 774 illi
963 734 1170 774 imitando
1203 747 1408 788 expressa
1438 747 1501 785 ea,
1533 748 1642 787 quae

135 805 309 847 Ovidius
330 805 372 845 in
405 805 531 845 exilio
554 804 775 858 prompsit.
828 817 1008 856 cumque
1032 803 1265 855 elegiarum
1288 803 1468 843 istarum
1492 808 1644 844 auctor

134 875 176 915 in
218 874 429 928 principio
468 873 625 927 prioris
658 886 683 913 a
714 886 758 913 se
790 872 919 913 Drusi
951 871 1112 912 obitum
1146 871 1643 925 deploratumtestetur,

136 942 327 983 adducor
358 942 630 995 plerumque,
662 945 709 982 ut
741 941 949 994 Scaliger-i
985 940 1222 993 amplectar
1254 940 1529 987 sententiam.
1571 941 1644 993 qui

136 1012 470 1053 consolationem
518 1010 573 1051 ad
614 1010 794 1051 eundem
834 1008 1105 1050 referendam
1139 1009 1410 1049 existimavit.
1472 1023 1569 1049 nam
1603 1013 1644 1049 et

136 1081 429 1135 dignissimum
461 1080 667 1120 memoria
698 1078 824 1129 illud,
865 1078 978 1132 quod
1012 1078 1176 1118 Drusus
1215 1076 1269 1117 ab
1302 1080 1485 1130 utroque
1516 1081 1645 1131 poeta

135 1150 311 1205 [consol.
347 1153 420 1201 393
454 1148 505 1189 de
537 1148 671 1189 Maec.
699 1147 850 1188 morib.
882 1147 923 1201 G]
956 1149 1135 1187 vocatur
1178 1148 1367 1187 Caesaris
1398 1148 1501 1186 illud
1531 1159 1643 1196 opas,

136 1218 336 1271 quodque
382 1217 687 1258 consolationis
734 1229 881 1257 versus
925 1214 976 1255 de
1021 1214 1213 1255 Fortuna
1258 1214 1378 1269 [2572]
1419 1217 1489 1254 illa
1534 1217 1646 1264 rapit

136 1291 313 1335 iuvenes,
344 1289 515 1327 sustinet
546 1289 616 1326 illa
647 1298 763 1325 senes
796 1283 1035 1325 simillimus
1068 1286 1133 1323 est
1162 1283 1238 1332 eis,
1272 1295 1382 1335 quae
1412 1281 1464 1322 de
1493 1282 1645 1336 cymba

137 1355 346 1396 Charonis
386 1354 502 1395 dicta
546 1354 588 1394 in
632 1353 770 1406 elegia
804 1352 948 1406 priore
992 1352 1034 1406 [7
1067 1351 1172 1405 sq.]:
1215 1354 1286 1391 illa
1328 1354 1440 1401 rapit
1482 1354 1646 1391 iuvenes

133 1427 270 1474 prima
295 1428 468 1476 florente
498 1426 673 1471 iuventa,
706 1435 785 1462 71072
815 1424 937 1462 oblita,
969 1427 1100 1460 lanzen
1131 1423 1206 1460 sed
1236 1423 1347 1470 rapit
1367 1433 1494 1470 usque
1515 1433 1644 1460 senes.

138 1507 248 1547 quae
281 1507 376 1534 cum
409 1493 470 1533 ita
502 1492 606 1542 sint,
650 1491 763 1544 quod
796 1490 839 1531 in
872 1489 1163 1531 consolatione
1198 1487 1409 1541 quaedam
1442 1492 1541 1528 sunt
1573 1488 1647 1528 ad-

137 1563 270 1603 missa
303 1561 443 1603 aliena
474 1560 528 1601 ab
555 1564 648 1601 arte
671 1560 850 1600 metrica
873 1562 1116 1599 ceterorum
1139 1560 1181 1598 et
1202 1556 1416 1610 Propertii
1440 1556 1647 1597 similiora

139 1645 265 1684 quam
309 1630 468 1679 Ovidii,
511 1629 627 1670 velut
678 1628 866 1669 elisionis
918 1626 1214 1679 frequentiora
1256 1625 1452 1678 exempla
1493 1628 1536 1666 et
1582 1624 1647 1665 bis

139 1710 256 1740 terve
280 1699 469 1747 duriora,
499 1697 705 1750 longioris
729 1696 869 1750 operis
891 1696 1051 1749 poterit
1074 1693 1271 1735 excusari
1293 1693 1428 1734 venia.
1481 1693 1649 1733 accedit

141 1767 255 1821 quod
288 1770 330 1808 et
362 1770 567 1820 corrupta
594 1767 637 1806 in
660 1779 710 1807 ea
731 1766 876 1806 insunt
897 1764 1014 1805 haud
1036 1776 1176 1817 pauca
1198 1761 1496 1803 deficientibus
1518 1775 1647 1802 mem-

138 1836 286 1877 branis
319 1835 519 1889 quodque
549 1834 603 1876 ab
637 1833 874 1875 editoribus
905 1833 1018 1874 illius
1044 1845 1122 1886 per
1151 1831 1362 1873 incuriam
1394 1831 1648 1884 plerumque

140 1908 366 1959 peccatum
408 1907 560 1945 contra
602 1903 720 1957 leges
760 1901 975 1942 metricas
1048 1914 1155 1954 quas
1201 1899 1254 1940 ab
1303 1903 1479 1940 auctore
1527 1902 1649 1939 tanta

138 1973 357 2027 probitate
396 1976 611 2023 servatas,
648 1970 752 2012 nihil
793 1973 842 2011 ut
883 1973 1039 2023 arguat
1079 1981 1252 2009 carmen
1294 1967 1348 2008 ab
1390 1967 1649 2020 antiquitate

141 2042 342 2093 alienum,
376 2055 470 2083 cum
501 2041 585 2081 iam
617 2040 660 2081 in
690 2040 834 2094 priore
866 2038 1067 2079 dixissem
1100 2037 1298 2087 editione,
1328 2035 1446 2076 nulla
1475 2035 1650 2076 hercule

140 2110 222 2152 fuit
250 2124 392 2162 causa,
426 2124 502 2151 cur
533 2123 605 2150 eas
638 2108 879 2150 dubitarem
913 2119 1128 2148 enarrare.

256 2179 318 2220 De
340 2178 604 2220 Maecenatis
628 2177 748 2218 obitu
771 2180 813 2217 et
835 2176 886 2217 de
910 2174 1166 2216 moribundo
1190 2174 1440 2215 Maecenate
1463 2172 1650 2213 disticha

143 2262 403 2302 quamquam
445 2247 617 2288 fuerunt
659 2245 732 2298 qui
773 2244 1006 2286 deterrimo
1050 2247 1243 2296 tempore
1286 2241 1525 2295 composita
1557 2254 1650 2281 csse

142 2319 430 2367 autumarent,
463 2314 660 2368 equidem
685 2317 830 2354 tamen
854 2326 929 2353 cur
951 2313 1013 2353 ita
1034 2311 1213 2352 multum
1236 2314 1335 2364 post
1357 2309 1649 2351 Maecenatem

141 2386 278 2439 ipsum
315 2384 453 2425 dicam
485 2383 681 2437 prodisse
711 2381 884 2422 minime
915 2380 1095 2421 invenio.
1147 2379 1255 2419 adeo
1285 2381 1328 2419 et
1359 2377 1558 2419 dictionis
1589 2377 1650 2417 in—

142 2453 346 2506 tegritate
377 2452 516 2493 nitent
544 2476 601 2482 —-
627 2464 766 2503 neque
805 2450 916 2491 enim
958 2448 1194 2502 quidquam
1230 2447 1343 2488 inest
1372 2447 1414 2487 in
1447 2446 1506 2487 eis
1538 2445 1652 2498 quod

143 2522 383 2575 sequiorem
415 2520 621 2573 originem
653 2522 810 2572 arguat
840 2544 894 2548 —
926 2521 969 2559 et
1003 2517 1139 2570 magis
1168 2515 1296 2557 etiam
1320 2514 1653 2567 castigatissima

143 2605 343 2632 versuum
373 2589 599 2643 elegantia,
634 2602 744 2641 quae
776 2600 1038 2640 quamquam
1069 2599 1122 2626 ne
1143 2583 1458 2638 posterioribus
1480 2582 1653 2635 quidem

143 2673 320 2713 prorsus
350 2658 559 2699 inusitata
591 2657 673 2698 fuit
703 2654 971 2709 temporibus
1013 2653 1191 2708 propria
1230 2655 1375 2693 tamen
1418 2655 1483 2691 est
1524 2650 1652 2703 primi

143 2731 243 2781 post
273 2727 369 2769 Chr.
392 2742 431 2768 n.
454 2725 626 2768 saeculi.
679 2729 722 2766 et
754 2724 951 2765 convenit
982 2737 1003 2763 0
1034 2721 1175 2762 finalis
1208 2720 1439 2774 quantitas.
1494 2718 1654 2771 quippe

144 2797 188 2837 in
227 2795 420 2837 versibus
452 2794 704 2837 CLXXVIII
744 2806 828 2834 non
866 2791 1082 2832 invenitur
1122 2792 1322 2842 correpta
1363 2787 1444 2827 nisi
1486 2787 1529 2826 in
1573 2785 1654 2826 hoc

138 2872 263 2915 puto,
308 2864 374 2905 cui
417 2863 581 2904 scilicet
620 2862 720 2903 inde.
761 2861 814 2902 ab
858 2859 1158 2912 antiquissima
1204 2860 1347 2897 aetate
1392 2854 1515 2895 licuit
1561 2867 1654 2894 esse

145 2933 415 2987 pyrrichiaco
447 2932 561 2986 [109‚
585 2935 656 2982 603
689 2930 773 2984 66].
830 2933 875 2969 at
902 2927 1076 2969 hercule
1108 2926 1406 2980 producuntur
1438 2937 1536 2974 erqo
1578 2922 1652 2976 [ib.

1333 2990 1380 3025 3*
