1898 3292
778 233 895 257 Lmen
916 233 1072 259 SEXTVS.
1348 229 1352 232 '
1596 227 1677 265 469

173 349 271 375 nam
308 338 348 375 et
380 335 484 375 illud
526 339 732 376 certumst
762 335 877 385 mihi,
918 335 1003 376 alia
1042 336 1225 376 elatione
1259 337 1373 376 vocis
1414 335 1555 377 efferri
1596 337 1676 390 syl-

171 402 315 443 labam
349 406 474 444 aouto
506 403 764 457 insignitam,
798 404 832 445 si
854 407 1011 445 natura
1033 404 1088 445 sit
1109 403 1248 457 longa,
1279 404 1376 454 alia,
1410 405 1443 446 si
1466 405 1677 458 positione

171 470 383 524 producta
405 475 480 512 aut
511 471 680 512 omnino
712 471 863 513 brevis.
917 485 1176 525 quamquam
1208 471 1332 513 facile
1364 472 1550 514 concedo
1580 473 1676 514 ulti-

171 552 336 579 morum
367 543 608 592 temporum
644 539 910 586 hominibus,
956 543 1004 581 ut
1045 540 1117 592 qui
1155 540 1282 593 plane
1323 541 1434 581 siout
1473 555 1549 582 nos
1590 555 1677 582 ser-

172 620 338 647 monem
370 607 567 648 Latinum
600 608 844 661 praeceptis
875 608 1272 661 grammaticorum,
1307 622 1391 649 non
1422 608 1566 650 nativo
1598 623 1678 650 usu

171 674 487 728 perdiscerem,
530 675 598 716 vix
639 675 764 717 aliter
807 678 1000 718 sonuisse
1041 675 1228 729 priorem
1269 676 1312 716 in
1345 676 1404 717 eis
1436 690 1547 729 quae
1579 680 1678 717 sunt

171 756 273 783 nave
304 746 346 783 et
376 750 519 784 (bicolor
551 758 679 797 quam
701 744 743 785 in
766 747 859 785 ›1ch
889 748 933 785 et
959 751 1091 795 accolo,
1123 744 1268 797 qualia
1290 758 1458 799 semper
1479 745 1677 787 eveniunt

169 809 317 864 lingua
347 810 570 864 degenere.

286 879 341 919 Et
370 878 477 919 haec
500 878 588 920 fere
611 883 710 920 ante
732 894 865 922 annos
887 880 982 934 plus
1006 881 1126 922 XXX
1148 880 1470 934 scripseramus.
1523 880 1677 922 deinde

171 947 327 987 iterum
357 946 409 988 de
441 951 620 988 accentu
643 948 795 989 Latino
828 949 991 1001 egimus
1013 949 1054 989 in
1078 949 1318 990 Summario
1341 948 1677 1002 orthographiae

174 1018 216 1055 et
247 1015 474 1068 prosodiae
507 1015 687 1057 Latinae
720 1015 802 1071 [pg.
836 1017 1020 1073 28—53]
1064 1020 1106 1058 et
1145 1017 1188 1058 in
1218 1016 1328 1058 libro
1361 1017 1413 1058 de
1443 1031 1569 1058 versu
1601 1017 1676 1058 Sa-

170 1083 312 1124 turnio
347 1082 429 1138 [pg.
461 1083 658 1140 31—34].
724 1085 779 1125 ad
811 1099 921 1138 quae
960 1086 1032 1138 qui
1061 1084 1256 1139 pluribus
1289 1085 1433 1126 doceri
1465 1085 1678 1126 voluerint

171 1150 223 1191 de
255 1151 452 1205 opinione
485 1155 631 1193 nostra
663 1152 915 1206 relegamus.
