1898 3292
949 810 1083 861 XII.

690 944 733 991 (ψ)
753 941 794 991 Ρ
811 941 853 991 V
872 940 904 987 S
926 940 965 991 (f
985 940 1027 991 V
1045 940 1085 991 L
1102 941 1145 991 V
1167 940 1211 991 M
1268 940 1356 990 IV.

720 1165 793 1205 DE
826 1165 894 1206 LV
903 1164 1108 1205 DlssRus
1140 1164 1313 1204 ARTIS.

379 1269 764 1311 Alexandrinorum
797 1271 1021 1321 poetarum
1053 1271 1245 1320 tempore
1269 1281 1364 1307 oum
1388 1267 1529 1319 magni
1552 1266 1613 1306 illi
1634 1266 1773 1307 fontes

263 1339 428 1388 musici,
462 1337 618 1390 quibus
650 1336 936 1389 antiquissimi
961 1336 1225 1376 Graecorum
1258 1349 1334 1376 ora
1366 1349 1443 1375 sua
1474 1335 1772 1387 irrigaverunt,

262 1408 305 1447 in
349 1410 499 1447 tenues
541 1405 685 1446 diduci
729 1405 869 1458 coepti
917 1408 1059 1445 essent
1103 1404 1283 1447 rivulos,
1333 1403 1512 1444 abiectis
1558 1403 1773 1456 plerisque

263 1478 516 1524 metrorum,
558 1473 712 1527 quibus
742 1474 873 1526 prisci
904 1473 965 1513 illi
998 1476 1121 1514 erant
1151 1472 1372 1522 delectati7
1412 1473 1499 1512 sive
1531 1485 1582 1512 ea
1610 1472 1775 1512 incuria

265 1543 346 1584 fuit
383 1544 471 1584 sive
499 1542 756 1595 ignorantia,
799 1555 929 1583 novas
972 1541 1152 1582 facetias
1186 1541 1414 1582 commenti
1447 1544 1545 1581 sunt
1576 1545 1775 1581 auctores

265 1612 319 1652 ad
351 1611 562 1652 lectorum
595 1610 847 1651 vincendum
880 1610 1112 1651 fastidium.

379 1680 491 1720 Sane
534 1679 690 1720 vetusti
739 1679 858 1719 lusus
898 1679 1077 1732 poetici,
1124 1692 1260 1731 paene
1300 1682 1347 1718 ut
1392 1677 1540 1718 eodem
1582 1681 1775 1731 tempore

264 1748 449 1789 artificia
471 1751 706 1789 metrorum
728 1747 956 1789 videantur
977 1747 1237 1800 provenisse,
1268 1760 1351 1799 quo
1374 1747 1468 1799 ipsa
1491 1760 1561 1786 ars
1584 1745 1773 1786 invaluit.

264 1831 362 1858 nam
396 1820 438 1857 et
470 1817 621 1868 Lasos,
663 1817 736 1869 qui
767 1816 1001 1857 Pindarum
1039 1815 1398 1869 dithyrambioam
1443 1819 1576 1855 artem
1618 1814 1775 1864 docuit,

265 1886 457 1927 earmina
488 1883 650 1940 ἄσιγμοι
684 1885 974 1938 composuisse
1006 1884 1177 1934 dicitur,
1209 1888 1252 1925 et
1283 1884 1504 1934 Simonidi,
1541 1898 1634 1924 oum
1670 1883 1775 1923 Her-

265 1955 403 1996 culem
434 1953 656 1996 laudasset
685 1953 879 1995 versibus
911 1953 1050 1994 hisce:

521 2023 656 2061 ,Μοῦσά
680 2040 741 2071 μοι
765 2022 955 2071 Ἀλκμήνης
980 2022 1230 2069 καλλισφύρου
1257 2024 1339 2059 υἱὸν
1366 2023 1475 2060 ἄειδε.

518 2083 602 2119 υἱὸν
625 2080 820 2128 Ἀλκμήνης
845 2079 941 2118 ἄειδε
971 2079 1106 2117 Μοῦσα
1131 2096 1190 2126 μοι
1218 2079 1478 2126 καλλισφύρου.

265 2156 518 2196 Timocreon
550 2153 815 2210 παρῳδήσας
847 2153 909 2193 ita
940 2152 1184 2206 rescripsit:

522 2230 621 2271 Κήία
645 2240 686 2270 με
716 2229 902 2271 προςῆλθε
929 2227 1093 2270 φλυαρία
1121 2223 1187 2260 ov'u
1214 2224 1402 2260 ἐθέλοντα.

521 2281 587 2318 οὐκ
613 2279 793 2318 ἐθέλοντα
817 2296 859 2326 με
886 2284 1072 2327 προςιηλθε
1100 2284 1199 2326 Κηιά
1227 2285 1404 2327 φλυαρία.

268 2368 375 2408 quos
407 2358 579 2395 secutus
612 2353 794 2394 Sotades
826 2366 994 2394 versum
1026 2351 1202 2393 Homeri
1234 2352 1298 2406 [Il.
1331 2352 1465 2402 XXII,
1502 2352 1618 2405 133]:

521 2429 627 2461 σείων
655 2422 823 2470 Πηλιάδα
848 2427 974 2470 μελίην
999 2423 1092 2459 κατα
1120 2423 1240 2468 δεξιὸν
1266 2419 1366 2469 ὦμον

267 2497 330 2538 ita
363 2497 535 2538 refinxit
561 2496 604 2536 in
636 2495 882 2537 sotadeum:

522 2571 629 2603 σείων
655 2570 782 2613 μελίην
810 2564 979 2612 Πηλιάδα
1007 2566 1128 2611 δεξιὸν
1153 2565 1230 2602 κατ’
1260 2562 1383 2612 ὦμονς

268 2640 342 2681 ubi
377 2637 578 2694 Πηλιάδα
610 2638 760 2692 implet
791 2638 1020 2692 dactylum.
1082 2652 1132 2678 ae
1164 2637 1319 2678 similia
1360 2638 1553 2678 luserunt
1594 2635 1666 2677 alii
1707 2636 1778 2691 [of.

269 2708 413 2749 Herm.
446 2707 565 2748 elem.
601 2706 638 2747 d.
672 2721 724 2747 m.
753 2721 821 2759 pg.
853 2710 937 2747 444
968 2706 1060 2759 sq.].

385 2776 485 2816 Mox
517 2779 560 2816 et
595 2775 840 2816 acrosticha
872 2778 911 2815 et
948 2774 1176 2815 telestieha
1216 2788 1266 2814 ae
1307 2774 1502 2815 similiter
1542 2774 1584 2814 in
1623 2773 1779 2814 litteris

270 2845 414 2898 posita
464 2843 653 2884 ludibria
704 2857 782 2883 nee
833 2843 971 2883 minus
1017 2857 1166 2884 versus
1224 2846 1495 2883 recurrentes
1546 2843 1632 2882 sive
1681 2855 1779 2881 ean-

272 2913 449 2954 cellatos
492 2916 534 2953 et
575 2913 648 2965 qui
689 2926 765 2966 per
807 2911 1078 2965 epanalepsis
1123 2911 1296 2952 schema
1335 2911 1568 2951 decurrunt
1610 2910 1780 2962 aliaque
