1898 3292
268 238 344 275 166
841 246 961 270 LIBER
981 246 1188 271 SECVNDVS.

263 347 434 400 placita.
485 362 580 387 nam
605 348 688 399 ille,
718 348 968 401 paenultimi
997 347 1118 401 pedis
1142 362 1226 401 quo
1253 347 1550 390 difficultatem
1574 348 1769 399 molliret,

262 415 387 468 longe
426 416 571 469 plures
613 416 812 457 adhibuit
852 420 1110 470 anapaestos
1149 431 1279 470 quam
1322 417 1464 458 cuncti
1505 416 1665 458 relicui.
1728 420 1770 457 et

266 483 437 536 quidem
474 484 611 537 primo
645 488 687 525 et
718 485 866 537 quinto
898 485 1191 526 trimetrorum
1219 484 1313 526 loco
1344 485 1586 538 promiscue
1626 485 1769 538 posuit

264 551 372 602 illos,
403 552 518 604 quod
548 552 591 592 in
622 553 751 593 tertio
783 556 966 606 apparet
999 567 1083 594 non
1113 553 1304 606 potuisse
1334 552 1429 594 fieri
1459 553 1539 594 nisi
1571 553 1645 594 ubi
1674 556 1773 606 post

265 623 464 673 quartam
487 620 628 661 thesin
659 634 808 661 versus
838 621 1112 662 incideretur.
1164 622 1247 662 hoc
1278 621 1351 662 ubi
1384 621 1552 671 accidit,
1583 621 1626 661 in
1647 634 1771 662 voca-

264 689 377 730 bulis
411 689 602 742 legitime
641 689 853 730 concessis
892 693 1154 743 anapaestus
1190 690 1292 743 quin
1324 689 1625 730 admitteretur
1656 689 1773 730 nulla

266 756 347 798 fuit
379 771 527 808 causa,
560 771 643 799 non
675 761 723 798 ut
757 757 881 798 nimis
915 772 1014 799 raro
1046 757 1338 811 probarentur
1366 758 1428 798 1111
1457 771 1603 798 versus
1635 757 1773 810 qualis

266 829 331 866 est
375 825 489 880 [Seu.
527 825 628 867 Oed.
663 827 763 880 776]
808 825 935 867 ‘Inter
973 841 1106 868 senem
1153 830 1430 877 iuvenemque,
1480 830 1555 867 sed
1597 829 1773 877 propior

264 891 391 934 seni'.
452 894 515 935 ita
546 895 676 935 etiam
708 894 933 936 Petronius
962 896 1049 949 [S9,
1081 895 1175 949 49]:

631 968 795 1002 infirmus
821 969 1025 1003 auxiliator.
1074 969 1251 1003 invadunt
1280 969 1408 1003 virum.

381 1031 415 1070 E
448 1031 600 1072 ceteris
632 1032 801 1072 omnino
833 1031 1135 1073 abstinuerunt
1166 1036 1401 1086 anapaesto
1433 1032 1638 1081 Catullus,
1671 1032 1772 1072 Ver-

267 1099 405 1151 gilius,
437 1103 636 1141 auctores
658 1100 948 1154 priapeorum,
981 1101 1188 1142 Horatius
1211 1105 1334 1142 extra
1355 1101 1586 1151 trimetros,
1617 1100 1774 1141 Dama.-

267 1182 338 1208 sus
369 1167 553 1221 [Daniel.
586 1169 616 1215 Ι,
646 1169 708 1222 8],
741 1168 951 1219 bedulhrs,
985 1169 1208 1219 Luxorius,
1244 1168 1461 1210 Ennodius
1491 1169 1564 1224 [ib.
1597 1169 1627 1219 Ι,
1663 1169 1775 1223 121]

268 1237 510 1289 Drepanius
552 1236 700 1291 [Mign.
733 1236 842 1287 LXI,
878 1238 1017 1291 1084]
1079 1241 1122 1278 et
1162 1238 1302 1291 prima
1342 1241 1509 1278 tantum
1546 1241 1670 1290 parte
1702 1237 1775 1277 ad-

269 1305 442 1345 missum
476 1304 640 1346 habent
670 1309 953 1358 anapaestum
984 1306 1141 1356 Varro,
1172 1305 1362 1356 Persius,
1394 1306 1621 1346 Petronius
1654 1309 1777 1346 extra

266 1372 414 1423 Iliada,
446 1373 653 1414 Boethius
686 1377 728 1414 et
758 1373 973 1414 Martialis
1000 1374 1043 1414 in
1074 1373 1372 1427 hipponacteis
1392 1400 1449 1404 ——
1471 1375 1629 1427 quippe
1666 1373 1776 1415 male

266 1441 399 1483 habet
430 1441 544 1495 quod
578 1441 696 1483 (ledit
727 1441 1074 1483 Schneidewinus
1106 1442 1149 1482 in
1179 1442 1306 1484 huius
1335 1442 1457 1484 libris
1489 1443 1581 1498 [HL
1614 1446 1679 1486 93,
1703 1443 1776 1497 24]

260 1509 491 1551 ‘sternatur
532 1525 556 1551 α
594 1513 740 1552 Coride
781 1514 1046 1552 arclze'cle'nico
1087 1508 1236 1552 lectzcs’
1283 1536 1353 1562 ——,
1395 1525 1524 1565 porro
1565 1511 1776 1561 Sidonius,

267 1578 508 1619 Martianus
538 1604 593 1608 —
624 1593 721 1619 nam
755 1579 827 1632 qui
859 1579 974 1620 solus
1004 1579 1105 1620 huic
1138 1580 1393 1621 adversatur
1424 1580 1598 1633 regulae
1631 1593 1777 1620 versus

267 1647 359 1701 ΠΧ,
383 1650 477 1698 999,
505 1648 574 1701 18]
611 1645 800 1698 ‘ipsoque
833 1651 983 1689 dudum
1005 1650 1279 1689 bombinatore
1305 1646 1495 1700 flosculo'
1536 1648 1670 1689 falsus
1692 1651 1777 1699 est3

267 1719 384 1756 recte
406 1715 771 1770 Eyssenhardius:
805 1719 1046 1757 bombilante
1075 1742 1142 1767 -,
1175 1717 1358 1770 denique
1379 1717 1422 1757 in
1444 1716 1599 1758 iambis
1621 1716 1777 1757 Teren-

268 1785 411 1825 tianus
443 1798 539 1826 cum
572 1784 794 1826 Venantio.
856 1787 1008 1825 contra
1043 1785 1174 1826 etiam
1205 1785 1471 1839 paenultima
1500 1785 1600 1826 sede
1630 1799 1778 1826 versus

268 1852 449 1894 eundem
471 1853 624 1907 pedem
646 1857 811 1906 ponunt
832 1853 1026 1903 Laevius,
1059 1854 1329 1905 Prudentius,
1352 1853 1616 1904 Ambrosius,
1640 1853 1777 1894 Hora-

267 1923 353 1963 tius
392 1922 436 1962 in
477 1922 701 1972 trimetris,
743 1921 906 1963 Seneca
942 1922 986 1962 in
1017 1922 1138 1973 ludo,
1178 1922 1383 1964 Boethius
1417 1925 1459 1963 et
1490 1922 1704 1963 Martialis
1734 1923 1777 1962 in

267 1990 422 2032 iambis
464 2004 548 2031 11011
596 1990 962 2041 claudicantibus,
1007 1990 1170 2032 Seneca
1212 2005 1262 2032 ac
1293 1991 1576 2032 Terentianus
1616 1991 1660 2031 in
1689 1994 1778 2032 tro-

269 2059 430 2108 chaeis,
471 2059 676 2109 Avienus,
717 2062 867 2100 auctor
897 2059 1111 2112 pervigilii
1143 2060 1332 2101 Veneris.
1393 2060 1479 2100 iam
1521 2073 1573 2100 ex
1613 2059 1679 2100 his
1714 2059 1778 2099 in-

268 2128 518 2180 frequenter
549 2127 756 2181 plerique,
792 2127 967 2180 quidam
995 2128 1214 2169 rarissime
1247 2131 1530 2181 anapaestum
1550 2131 1774 2181 usurpant.

267 2195 399 2236 veluti
430 2195 687 2248 quinquiens
719 2210 816 2237 eum
846 2195 980 2237 habet
1010 2196 1218 2237 Horatius
1251 2196 1393 2251 [epod.
1426 2200 1463 2247 2,
1498 2200 1549 2238 35
1581 2195 1668 2247 bis,
1702 2200 1777 2247 653

270 2269 306 2315 5,
339 2267 411 2315 793
448 2267 515 2314 11,
548 2265 644 2318 23],
685 2267 752 2305 ter
790 2267 942 2305 auctor
982 2264 1194 2318 pervigilii
1235 2265 1414 2306 Veneris
1453 2266 1549 2319 [103
1585 2268 1658 2315 173
1693 2264 1777 2318 21],

269 2332 436 2373 sexiens
458 2332 561 2373 item
582 2333 625 2373 in
646 2333 911 2374 tetrametris
933 2332 1216 2374 Terentianus
1249 2334 1350 2388 [407
1364 2349 1372 2385 3
1404 2336 1508 2385 5643
1541 2335 1643 2384 6283
1676 2336 1777 2383 6493

271 2404 375 2452 7483
408 2401 520 2454 792]
573 2400 708 2454 quid‘?
740 2401 1004 2442 Fortunatus
1034 2416 1136 2442 num
1162 2402 1334 2455 saepius
1357 2415 1484 2454 quam
1508 2401 1637 2443 semel
1658 2401 1779 2455 ponit

270 2468 452 2510 eundem
481 2468 525 2509 in
557 2468 765 2520 dimetris,
797 2473 844 2510 ut
871 2473 977 2523 puta
1008 2470 1078 2524 [IL
1112 2473 1148 2520 6,
1182 2473 1233 2510 22
1266 2469 1331 2511 ed.
1362 2469 1448 2524 L.]:

745 2543 906 2586 pretium
931 2543 1111 2587 pependit
1133 2543 1279 2577 saeculi.

271 2609 316 2646 at
355 2605 422 2646 bis
463 2605 507 2646 in
547 2605 697 2646 eodem
741 2609 878 2647 metro
911 2606 1163 2648 Ambrosius
1195 2607 1252 2661 [4,
1288 2609 1359 2658 133
1390 2607 1472 2660 15]
1534 2610 1684 2647 contra.
1716 2605 1777 2646 di-

270 2688 416 2715 versus
449 2687 528 2727 pro
559 2674 770 2715 varietate
810 2674 951 2727 operis
984 2674 1265 2725 Prudentius,
1311 2675 1384 2728 qui
1425 2688 1521 2715 cum
1561 2674 1663 2716 alibi
1706 2688 1776 2715 ex-

270 2746 395 2795 cepta
425 2743 564 2795 prima
596 2742 771 2795 dipodia
801 2756 1011 2795 perparce
1038 2757 1116 2796 pro
1140 2747 1263 2784 tanta
1284 2757 1482 2784 versuum
1504 2742 1777 2783 multitudine

268 2813 417 2851 utatur
457 2814 714 2864 anapaesto,
757 2810 938 2851 eundem
975 2811 1019 2851 in
1059 2812 1248 2852 carmine
1284 2811 1335 2852 de
1363 2812 1556 2852 Romano
1587 2814 1776 2864 martyre

269 2880 327 2932 [p.
355 2882 405 2919 st.
442 2879 536 2933 10],
570 2878 686 2931 quod
716 2878 904 2933 epylliist
933 2879 1087 2929 instar,
1120 2880 1271 2933 quinta
1301 2879 1485 2921 trimetri
1516 2877 1616 2919 sede
1646 2878 1778 2919 habet

268 2947 443 2988 triciens
473 2950 638 3000 quater.
