1898 3292
278 166 356 205 164
858 174 977 199 LIBER
996 173 1205 201 SECVNDVS.

271 277 384 318 illius
429 277 541 318 binis
588 277 797 318 contineri
843 277 1073 318 vocabulis.
1153 290 1252 317 nam
1297 277 1340 317 in
1385 276 1467 317 hac
1509 276 1785 317 inveniuntur

271 345 390 396 talia,
424 358 684 398 quamquam
709 358 806 386 raro
831 350 873 386 et
893 345 1161 398 potissimum
1187 345 1301 398 apud
1319 345 1537 391 Senecam,
1570 348 1616 385 ut
1638 345 1783 398 [Herc.

272 413 351 454 fur.
383 416 488 464 2473
520 413 677 453 Phoen.
712 416 815 465 3943
849 414 899 454 H.
932 413 958 454 f.
993 417 1094 464 2363
1131 413 1279 467 1035]:

547 504 613 526 nec
641 492 686 526 ad
712 503 819 526 omne
847 493 985 526 clarum
1011 492 1152 526 facinus
1178 492 1335 526 audaces
1360 504 1498 525 manus.

545 549 628 583 vide
653 552 694 582 ut
720 552 798 582 atra
824 550 938 583 nubes
964 549 1113 593 pulvere
1140 549 1344 583 abscondat
1368 549 1475 583 diem.

546 609 583 640 et
601 606 731 640 adusta
755 606 896 640 medius
922 618 1035 650 regna
1060 617 1151 649 quae
1177 609 1296 640 torret
1321 606 1408 639 (lies.

545 665 640 698 bene
666 663 787 698 habet.
837 663 999 707 pudendi
1026 663 1121 707 regis
1148 664 1307 697 excisast
1332 663 1472 697 domus.

271 736 421 773 contra
452 732 551 773 falsi
586 736 684 773 suut
715 746 862 773 versus
894 745 977 772 non
1011 732 1135 772 modo
1167 732 1298 773 tales:

546 812 701 855 imperia
730 822 837 845 saeva
864 823 934 844 non
961 821 1107 845 manere
1134 814 1271 855 queunt
1296 812 1369 853 (liu7

270 880 344 921 sed
375 880 505 921 etiam
536 880 601 921 hi:

544 960 593 993 nil
620 959 731 993 Troia
755 959 847 993 vidit
871 960 1045 994 maestius
1071 969 1134 993 nec
1159 960 1340 994 acerbius.

544 1029 616 1051 non
642 1029 706 1051 vos
734 1020 774 1051 ut
797 1017 922 1051 hostes
948 1017 1135 1061 recipiam,
1161 1017 1225 1050 sed
1250 1021 1290 1050 ut
1315 1017 1490 1061 hospites,

271 1100 349 1127 nec
379 1086 570 1139 potiores
602 1086 681 1136 illi,
716 1085 872 1139 quibus
906 1090 1073 1127 constet
1104 1086 1237 1127 thesis
1268 1086 1389 1139 perlis
1421 1086 1545 1126 istius
1577 1084 1778 1126 finalibus

269 1155 436 1196 duabus
478 1155 815 1207 quanticumque
857 1154 1055 1195 vocabuli
1096 1155 1284 1208 syllabis.
1346 1168 1474 1208 quam
1516 1154 1570 1194 ob
1604 1167 1779 1195 causam

267 1223 377 1264 male
410 1222 573 1264 habent
605 1223 802 1276 exempla
832 1223 960 1264 haec:

542 1303 658 1336 fertur
684 1302 837 1336 deorum
863 1313 949 1346 rege
976 1305 1151 1346 prosatus
1178 1302 1371 1337 Hercules.

543 1360 682 1393 crinem
708 1360 827 1393 soluta
853 1372 1000 1394 maenas
1027 1372 1071 1394 en
1096 1360 1174 1393 ruit
1200 1360 1343 1394 enthea.

269 1443 380 1483 quae
404 1443 497 1470 cuni
521 1429 583 1470 ita
606 1429 702 1480 sint,
734 1430 929 1482 sequitur
951 1443 1034 1470 uon
1061 1443 1186 1483 posse
1220 1430 1367 1482 reponi
1390 1429 1531 1470 thesin
1554 1429 1778 1481 anapaesti

265 1498 346 1538 nisi
380 1499 422 1538 in
454 1497 675 1539 vocabulis
717 1498 938 1539 minimum
979 1497 1214 1552 trisyllabis
1256 1503 1298 1539 et
1340 1498 1530 1550 exceptis
1572 1498 1632 1538 eis
1666 1511 1776 1550 quae

265 1566 308 1606 in
346 1566 564 1620 dactylum
610 1570 778 1607 exeunt.
839 1567 987 1619 itaque
1019 1566 1096 1606 hos
1131 1580 1276 1607 versus
1307 1567 1496 1607 invenies
1526 1566 1778 1606 satisfacere

265 1635 464 1687 regulae:

540 1691 682 1725 inferna
706 1691 841 1736 tetigit,
869 1695 995 1736 posset
1020 1695 1061 1726 ut
1085 1700 1221 1735 supera
1247 1692 1400 1735 assequi.

543 1748 735 1792 Ereboque
761 1752 870 1792 capto
896 1749 1039 1792 potitur
1064 1752 1101 1783 et
1125 1749 1253 1792 reteqit
1280 1748 1406 1793 Styga.

540 1817 581 1839 ac
609 1806 747 1849 templa
774 1806 903 1839 summi
929 1806 1038 1839 vidua
1063 1805 1206 1839 deserui
1231 1806 1399 1840 aetheris.

539 1863 693 1897 sublime
720 1863 854 1896 classes
880 1862 978 1896 sidus
1005 1862 1199 1906 Aoyolv'cas
1225 1864 1312 1908 agit.

539 1920 634 1954 inter
662 1931 786 1954 senem
810 1921 1054 1963 iuvenemque,
1081 1920 1144 1954 sed
1172 1920 1329 1963 propior
1355 1920 1442 1953 seni.

265 1988 373 2030 haec
404 1992 547 2030 autem
578 1988 648 2029 lex
680 1992 891 2042 exempto,
924 1992 972 2029 ut
999 1989 1083 2029 iam
1117 1988 1216 2040 dixi,
1248 1988 1357 2042 pede
1389 1989 1527 2042 primo
1558 1991 1645 2029 tam
1679 2002 1775 2029 con-

263 2060 430 2098 stanter
461 2057 622 2111 ubique
655 2057 911 2098 observatur
944 2071 968 2098 a
998 2058 1137 2110 poetis
1171 2057 1373 2108 classicis,
1406 2071 1458 2098 ne
1489 2058 1652 2098 Seneca
1683 2058 1775 2110 qui-

262 2125 358 2166 dem
391 2139 486 2166 cum
510 2125 716 2167 Octaviae
747 2129 925 2167 auctore
956 2126 999 2167 in
1031 2129 1096 2167 tot
1118 2126 1289 2167 milibus
1313 2139 1510 2167 versuum
1533 2129 1581 2166 ut
1603 2126 1776 2166 violarit

262 2194 356 2235 eain
408 2194 599 2247 exceptis
651 2194 732 2234 XII
782 2194 971 2248 [Thyest.
1008 2198 1137 2247 10883
1179 2195 1336 2236 Phoen.
1371 2198 1472 2246 3543
1512 2194 1665 2235 Troad.
1699 2198 1773 2246 433

262 2262 372 2303 Med.
407 2266 508 2314 1263
542 2266 644 2315 8973
676 2263 800 2304 Herc.
835 2262 926 2304 Oet.
960 2266 1064 2314 2463
1097 2266 1201 2315 4063
1235 2266 1339 2314 4813
1374 2266 1476 2314 7573
1509 2266 1639 2313 18473
1682 2263 1773 2303 Oct.

262 2334 365 2382 3933
400 2331 514 2384 452]
578 2345 760 2384 quorum
793 2331 965 2385 quidem
997 2346 1126 2373 unus:

538 2405 715 2449 quidquid
741 2408 896 2450 negaret
921 2405 1102 2450 Iuppiter,
1129 2405 1235 2439 daret
1259 2404 1443 2439 Hercules

261 2472 395 2513 habet
417 2475 739 2515 excusationem
773 2489 797 2515 a
830 2474 1072 2516 nominibus
1103 2474 1303 2528 propriis,
1335 2477 1563 2527 praeterea
1586 2473 1640 2514 ab
1664 2473 1772 2514 anti-

260 2541 393 2592 theto,
427 2541 537 2582 alter
569 2546 713 2583 autem
745 2543 867 2584 talis:

741 2619 824 2650 toro
853 2617 1013 2650 caruisse
1042 2616 1230 2660 regnantis
1256 2617 1380 2651 levest.

534 2671 606 2706 alte
632 2672 693 2706 illa
722 2673 867 2716 cecidit,
896 2684 986 2716 quae
1012 2674 1089 2706 viro
1118 2676 1216 2707 caret
1241 2673 1405 2707 Hercule

258 2739 504 2781 defenditur
544 2741 644 2782 item
691 2741 860 2782 nomine
900 2742 1075 2793 proprio
1117 2755 1195 2782 nec
1234 2742 1373 2782 minus
1404 2742 1560 2783 iterato
1596 2741 1770 2782 carendi

257 2808 388 2849 verbo
435 2812 477 2849 et
521 2809 716 2850 oratione
763 2809 952 2862 graviter
997 2810 1225 2851 concitata.
1298 2809 1424 2851 simili
1473 2810 1601 2849 etiam
1648 2809 1770 2849 venia

256 2876 481 2929 mitigatur
515 2877 673 2918 omissa
704 2890 855 2917 norma
883 2877 925 2917 in
958 2877 1045 2918 his:
