1898 3292
732 223 851 247 LIBER
869 224 1025 249 PRIMVS.
1555 217 1634 255 103

127 330 175 366 ut
202 325 468 375 hexameter,
511 326 663 366 incerti
696 339 787 366 esse
820 326 1028 375 auctoris,
1072 326 1126 365 ab
1158 326 1241 365 illis
1276 331 1418 366 tamen
1449 328 1631 380 primum

126 394 281 434 litteris
314 392 498 434 additus.

241 462 292 503 Ei
333 461 549 514 legitimus
587 462 706 503 locus
746 462 789 502 in
832 461 1027 503 distichis
1066 461 1276 515 elegiacis.
1339 464 1633 505 continuatum

125 544 308 584 posuere
332 530 542 571 Ausonius
575 535 617 571 et
640 530 881 572 Martianus
913 544 963 571 ac
996 531 1127 571 multo
1151 534 1249 571 ante
1270 531 1460 573 incertus
1492 537 1632 585 poeta,

126 598 356 640 Commodo
388 598 640 652 imperatori
670 598 874 652 aequalis,
910 613 1036 652 quem
1059 598 1331 652 Lampridius
1355 600 1460 640 citat
1482 601 1524 641 in
1546 602 1634 642 vita

126 667 381 708 Diadumeni
413 667 464 721 [c.
491 667 532 721 7]
563 670 610 708 ut
643 666 796 708 Graeci
827 667 1150 720 epigrammatis
1182 667 1473 721 interpretem.
1531 684 1633 710 sane

129 739 171 776 et
213 735 327 789 apud
371 736 560 776 Graecos
599 735 704 776 talia
745 736 936 776 carmina
978 749 1236 788 provenere,
1283 735 1358 777 sed
1400 737 1633 781 rarissime.

124 818 223 844 nam
256 803 432 857 Vergilii
470 803 575 844 illud
615 807 675 844 sic
714 818 780 844 vos
822 818 901 844 non
935 807 1042 844 vobis
1085 807 1239 857 quater
1279 805 1509 858 repetitum
1550 806 1634 847 huc

124 887 207 913 non
240 872 451 926 pertinet,
493 872 695 925 quoniam
736 872 830 913 ioco
863 872 1087 913 notissimo
1120 872 1210 913 eius
1242 886 1326 913 non
1366 888 1516 923 unum,
1558 875 1632 915 sed

124 944 330 993 quattuor
362 940 548 981 disticha
580 940 805 994 designata
836 940 906 995 [cf.
941 940 1084 982 Herm.
1120 940 1170 981 el.
1194 940 1231 982 d.
1256 955 1307 981 m.
1340 954 1406 994 pg.
1432 943 1544 997 360]
1578 968 1631 973 —

125 1009 240 1049 aliud
273 1013 415 1050 autem
447 1009 706 1063 pentametri
738 1023 892 1062 genus,
936 1009 1050 1062 quod
1082 1013 1202 1050 caret
1234 1010 1320 1051 arsi
1352 1010 1523 1061 ultima,
1558 1012 1629 1052 ad-

121 1077 263 1118 hibuit
292 1077 476 1119 Serenus
508 1077 570 1118 ita
607 1077 677 1132 [cf.
709 1077 823 1118 Mall.
855 1077 1064 1118 Theodor.
1095 1091 1155 1131 gr.
1188 1078 1212 1118 1.
1246 1079 1312 1129 VI,
1347 1079 1469 1134 590]:

443 1166 480 1197 et
505 1162 593 1196 nihil
620 1166 676 1197 est
701 1164 799 1207 quod
823 1175 942 1198 amem
966 1162 1146 1197 Flaminia
1170 1164 1300 1197 minus.

236 1243 425 1284 Proximi
458 1247 556 1284 sunt
585 1244 829 1284 tetrametri
857 1243 1068 1298 dactylici.
1122 1244 1182 1284 eis
1204 1244 1367 1297 primus
1390 1245 1431 1285 in
1455 1259 1630 1299 asynar-

123 1311 224 1352 tetis
246 1326 348 1352 usus
371 1311 589 1362 Horatius,
612 1326 710 1357 mox
732 1312 910 1365 integris
935 1313 1097 1353 Seneca
1120 1316 1162 1353 et
1184 1312 1442 1366 Pomponius
1464 1315 1629 1367 tragici,

122 1394 207 1420 una
239 1379 404 1434 syllaba
436 1380 610 1421 minutis
642 1381 867 1431 Horatius,
913 1382 985 1434 qui
1023 1381 1205 1434 sumpsit
1236 1385 1466 1434 utrumque
1497 1396 1630 1435 genus

121 1448 176 1489 ab
210 1448 489 1499 Archilocho,
530 1449 616 1489 arsi
658 1453 815 1502 quarta
853 1450 984 1490 finitis
1025 1449 1111 1490 iam
1151 1463 1246 1490 cum
1289 1450 1446 1491 Laevio
1481 1451 1629 1501 Varro,

120 1517 329 1570 siquidem
363 1517 576 1570 integrum
608 1517 776 1559 videtur
810 1518 983 1572 explere
1023 1532 1192 1560 versum
1223 1518 1512 1572 fragmentum
1543 1519 1629 1560 tale

120 1585 244 1640 [Non.
281 1589 372 1636 179,
404 1586 469 1640 4]:

624 1654 730 1677 aerea
754 1645 849 1677 terta
876 1643 968 1677 nitet
992 1643 1107 1687 galea.

119 1710 172 1752 de
204 1725 288 1764 quo
318 1696 454 1752 metro
486 1711 548 1752 ita
579 1711 862 1753 Terentianus
893 1712 1022 1766 [1975
1056 1712 1158 1766 sq.]:

417 1785 618 1830 Septimius
637 1786 772 1829 ,docuit
796 1797 868 1830 quo
894 1787 988 1820 ruris
1014 1787 1193 1831 opuscula
1218 1786 1323 1829 libro,

415 1843 486 1877 hoc
515 1854 650 1888 genere
677 1843 827 1878 adsidue
855 1844 1000 1878 cecinit.

119 1912 324 1953 Serenum
359 1911 439 1962 hic,
472 1915 519 1953 ut
550 1912 734 1966 saepius,
767 1913 903 1954 secuti
932 1912 1192 1954 Prudentius
1224 1916 1266 1953 et
1286 1913 1512 1954 Ausonius.

234 1981 373 2033 Atque
394 1980 477 2021 hoc
497 1980 591 2022 loco
613 1995 698 2022 non
719 1981 863 2034 inepte
886 1981 1143 2035 adiungetur
1167 1985 1350 2022 metrum
1369 1981 1627 2032 Calabrium,

119 2052 166 2090 ut
195 2053 321 2090 vocat
357 2048 521 2090 Marius
553 2049 799 2090 Victorinus
833 2050 995 2104 [2579],
1029 2064 1112 2102 quo
1146 2050 1365 2091 Annianus
1395 2065 1510 2101 usus,
1542 2051 1628 2091 for-

117 2120 233 2158 tasse
264 2120 307 2158 et
338 2116 583 2170 Septimius,
617 2117 714 2159 dein
737 2117 1020 2159 Terentianus
1049 2132 1100 2159 ac
1124 2118 1342 2159 Boethius.
1395 2119 1510 2171 quod
1531 2123 1629 2173 post

118 2189 206 2226 tres
238 2185 433 2239 dactylos
465 2185 653 2241 adsumit
694 2186 958 2240 pyrrichium
998 2186 1064 2227 vel
1101 2187 1303 2228 iambum.
1366 2201 1628 2241 quamquam

116 2254 260 2307 potius
291 2257 469 2307 putasse
501 2258 700 2296 auctores
733 2256 1018 2308 compositum
1057 2269 1109 2296 ex
1140 2255 1468 2309 penthemimeri
1498 2256 1628 2297 hexa-

117 2322 243 2363 metri
275 2326 317 2363 et
353 2322 740 2376 proceleusmatico
781 2324 846 2364 vel
886 2337 1051 2377 paeone
1095 2327 1250 2377 quarto
1291 2323 1390 2366 inde
1433 2328 1627 2378 apparet,

118 2391 232 2444 quod
262 2394 361 2445 post
389 2391 564 2432 tertiam
586 2391 703 2432 arsin
724 2395 899 2446 praeter
929 2392 1046 2433 locos
1069 2392 1176 2434 duos
1198 2392 1445 2434 Terentiam
1477 2393 1627 2447 [19963

121 2460 247 2514 1998]
291 2463 332 2500 et
373 2473 500 2500 unum
534 2459 705 2501 Boethii
747 2460 845 2515 [HL
882 2464 914 2511 l,
948 2461 991 2515 3]
1036 2460 1145 2502 solet
1181 2460 1294 2501 finiri
1333 2460 1523 2502 verbum.
1584 2461 1627 2501 id

116 2528 248 2581 igitur
279 2541 412 2581 genus
445 2542 593 2569 versus
621 2528 942 2570 subabsurdum
966 2529 1021 2570 ad
1044 2529 1365 2569 similitudinem
1387 2529 1627 2589 hexametri

116 2597 266 2650 myuri,
297 2596 348 2637 de
381 2610 465 2649 quo
493 2601 645 2650 postea
676 2597 998 2648 memorabitur,
1029 2597 1173 2638 fictum
1208 2597 1416 2638 existimo.

231 2666 346 2705 Raro
389 2665 518 2705 etiam
563 2666 759 2706 trimeter
798 2666 1077 2707 catalecticus
1121 2666 1357 2720 reperitur,
1398 2666 1471 2718 qui
1514 2679 1626 2706 com-

118 2733 259 2786 pletur
303 2732 471 2774 duobus
512 2733 693 2788 dactylis
735 2748 831 2775 cum
873 2734 1100 2788 semipede.
1174 2735 1338 2788 primus
1379 2733 1627 2775 Archilochi

118 2801 311 2854 exemplo
346 2801 544 2842 adhibuit
576 2802 780 2843 Horatius
810 2803 862 2857 [c.
894 2803 962 2853 IV,
995 2804 1051 2857 7].

231 2870 437 2923 Superest
467 2869 648 2911 adonius
680 2884 902 2921 numerus,
939 2872 1011 2923 qui
1045 2874 1214 2912 constat
1250 2884 1301 2910 ex
1333 2869 1531 2911 bucolica
1562 2871 1623 2911 in-

118 2938 288 2979 cisione.
350 2952 433 2991 quo
476 2939 646 2991 integra
688 2940 879 2980 carmina
915 2940 1205 2993 composuisse
1239 2939 1412 2992 Sappho
1445 2943 1625 2980 narrant
