1898 3292
265 236 345 274 506
846 244 965 270 LrBER
984 244 1182 270 SEPvas.

263 346 561 400 philosophum
587 346 730 387 ullum.
763 361 814 387 ne
838 346 975 386 (licam
1003 347 1186 399 Epicuri.
1219 347 1442 387 dialectice
1477 351 1517 387 et
1546 347 1766 387 enucleate

262 429 340 468 per
369 414 492 455 initia
523 429 573 455 ac
603 414 708 455 fines
740 416 1103 468 persequeretur?
1164 418 1209 455 at
1251 415 1424 456 hercule
1464 415 1660 468 legerunt
1701 430 1766 456 sa-

263 483 425 532 tiricos,
457 482 500 523 id
531 481 645 535 quod
676 482 779 535 ipsis
811 483 1058 537 Hieronymi
1090 483 1231 524 verbis
1263 483 1485 537 probatur,
1518 483 1629 524 inter
1660 497 1766 536 quos

263 565 390 604 quam
422 551 577 603 insigni
617 550 811 591 floruerit
850 551 1108 591 auctoritate
1146 551 1346 601 Lucilius,
1384 551 1635 602 Quintiliani
1670 551 1766 592 Gel-

261 619 394 672 liique
427 633 476 659 ac
508 618 633 659 Nonii
665 632 743 659 nec
774 619 912 659 minus
945 619 1126 660 aliorum
1158 622 1340 672 apparet
1371 619 1588 672 exemplis.
1640 619 1766 660 huius

261 688 392 740 igitur
441 701 593 728 nomen
642 686 758 727 haud
804 690 1057 728 cunctanter
1098 687 1454 728 restituendumst
1495 687 1764 741 Hieronymo.

262 769 522 809 quamquam
556 769 639 796 non
672 755 815 808 agitur
842 755 894 795 (le
929 756 1245 796 commentariis
1279 756 1321 795 in
1353 758 1490 796 totum
1514 755 1767 796 Saturarum

262 823 413 864 Lucilii
437 838 592 877 corpus
616 823 875 876 compositis,
903 823 976 864 sed
998 823 1040 864 in
1064 823 1354 876 anthologiam
1373 823 1601 877 quandam,
1628 824 1768 876 qualis

262 892 391 933 etiam
424 891 610 932 Ausonio
644 890 793 932 adfuit.

379 960 610 1001 Praeterea
650 960 761 1000 sicut
801 959 1006 1010 Lucilius,
1048 959 1263 1009 Valerius,
1305 959 1387 1000 *alii
1432 959 1631 1001 dixerunt
1671 964 1769 1000 ante

264 1028 454 1069 vocalem
496 1031 681 1079 quodsln,
717 1031 857 1078 atquin
900 1027 946 1083 [s.
979 1028 1047 1078 IV,
1080 1031 1156 1079 223
1200 1041 1287 1081 arg.
1323 1028 1367 1076 V,
1400 1032 1503 1078 6683
1543 1027 1668 1081 Prop.
1700 1028 1769 1078 IV,

266 1100 300 1146 1,
333 1101 408 1147 413
441 1096 548 1137 Stat.
582 1096 649 1145 VI,
687 1095 802 1151 161]‚
845 1096 1033 1137 Lucilius
1074 1096 1219 1150 posuit
1260 1100 1359 1147 quid
1384 1099 1444 1136 sin
1490 1095 1638 1137 addita
1672 1110 1769 1137 con—

264 1178 368 1206 sona
411 1164 577 1220 [xxm
608 1163 698 1220 82]:
743 1163 804 1205 ‘at
848 1178 924 1205 non
958 1172 1052 1205 seme
1094 1168 1242 1205 smiles
1274 1178 1403 1215 neque
1435 1168 1544 1205 dant.
1609 1168 1767 1215 quidse'n

264 1238 366 1274 dare
397 1230 588 1273 vellent?
652 1233 695 1272 in
737 1232 892 1285 quibus
925 1232 1066 1273 verbis
1105 1233 1342 1285 antiquitus
1380 1232 1632 1274 traditumst
1674 1237 1773 1283 quid

261 1305 353 1342 sint.
402 1300 584 1354 denique
617 1308 659 1341 ut
692 1305 733 1342 et
764 1304 822 1341 ule?
855 1300 1072 1354 aequabili
1094 1301 1226 1341 ferme
1249 1301 1421 1354 viguere
1443 1301 1615 1342 honore.
1659 1301 1770 1342 unde

264 1373 306 1410 ct
336 1369 503 1410 librarii
535 1369 766 1422 aliquando
798 1369 1031 1422 longiorem
1061 1369 1241 1410 formam
1274 1383 1352 1422 pro
1381 1369 1575 1410 breviore
1609 1373 1651 1409 et
1679 1383 1769 1409 sae-

264 1438 359 1490 pius
400 1437 511 1478 hanc
556 1452 634 1491 pro
675 1437 749 1478 illa
789 1451 983 1491 posuere.
1055 1452 1152 1478 nam
1198 1451 1335 1490 neque
1360 1437 1558 1478 <Laevius
1601 1437 1772 1490 scripsit

264 1509 400 1547 metro
431 1506 571 1547 ionico
615 1505 691 1546 ‘im
725 1509 780 1546 uli
818 1508 911 1547 alba
940 1503 1224 1554 noctilueast',
1270 1505 1442 1558 scripsit
1485 1503 1561 1546 ‘lla
1596 1503 1682 1554 ut'‚
1729 1509 1772 1546 et

264 1574 531 1615 restituenda
574 1578 673 1615 sunt
717 1574 880 1614 Lucilio
928 1572 1020 1630 [IIL
1059 1577 1103 1625 ὃς
1146 1574 1302 1624 XXVI,
1344 1572 1433 1629 11],
1478 1572 1770 1625 ‘deyrzcmabc'5,

263 1640 359 1692 κη’,
405 1641 482 1683 ‘ita
512 1646 570 1683 uti
600 1640 808 1693 qzce‘sque’,
842 1642 1032 1695 Eugenio
1066 1641 1147 1698 [23
1181 1642 1222 1699 9]
1263 1640 1357 1692 ‘stro
1389 1644 1459 1683 tihi
1492 1639 1587 1691 ΜΓ,
1628 1641 1666 1682 ei
1698 1642 1771 1694 qui

264 1711 436 1764 scripsit
467 1711 518 1752 de
550 1711 698 1764 figuris
730 1711 820 1765 [40]
867 1709 1105 1751 ‘communio
1136 1714 1195 1751 uti
1225 1708 1313 1752 se'l'.

379 1781 435 1820 At
466 1779 508 1819 in
540 1779 680 1820 verbis
711 1779 894 1832 primum
917 1792 1000 1819 non
1021 1778 1286 1831 indignumst
1306 1779 1512 1820 memoria
1534 1792 1596 1828 ea,
1627 1778 1770 1831 qualia

263 1851 362 1888 sunt
391 1854 589 1888 steterunt
622 1851 664 1888 et
692 1855 854 1898 slelere,
875 1850 1064 1888 credaris
1095 1851 1137 1887 et
1168 1851 1356 1893 credam,
1386 1851 1496 1898 cinffl'
1527 1851 1569 1887 et
1600 1850 1769 1898 cinyc‘er,

262 1919 502 1969 poetarum,
536 1916 794 1969 quicumque
826 1919 1055 1969 utramque
1087 1915 1293 1956 adhibent
1327 1915 1520 1965 formam7
1563 1929 1641 1956 usu
1672 1914 1771 1968 poni

264 1984 569 2025 indifferenter.

378 2053 444 2094 Ita
475 2052 583 2093 dixit
616 2052 836 2093 bucolicus
867 2052 1171 2093 Einsidelensis
1205 2051 1258 2108 [2,
1292 2051 1383 2108 23];

472 2131 620 2166 Saturni
647 2131 789 2166 rediere
816 2131 904 2174 dies,
932 2132 1028 2166 redit
1052 2132 1185 2165 astrica
1209 2132 1324 2175 virgo⁷

470 2192 620 2233 totaque
650 2189 685 2222 in
715 2189 885 2232 antiquos
911 2189 1100 2223 redierunt
1124 2189 1269 2223 saecula
1294 2200 1435 2231 morcs3

263 2258 366 2299 item
398 2258 560 2299 Statius
595 2256 724 2313 [theb.
759 2258 828 2307 XI⁷
861 2258 986 2311 449J:

469 2337 525 2371 bis
552 2349 674 2371 cassae
701 2337 845 2381 periere
870 2337 949 2370 viae
976 2348 1162 2380 puraeque
1190 2336 1337 2370 nefandi

471 2394 655 2438 sanguinis
681 2394 838 2437 obliquis
865 2393 1079 2428 ceciderunt
1104 2393 1239 2428 ictibus
1264 2393 1408 2435 hastae:

266 2466 309 2504 et
342 2463 470 2504 Silius
503 2462 588 2518 [XL
626 2461 741 2517 175]:

676 2542 713 2575 hi
739 2545 823 2575 sunt
849 2542 909 2585 qui
934 2542 1012 2575 iura
1039 2541 1173 2575 dedere

471 2602 612 2633 terrore
640 2599 790 2642 expulso
818 2598 1053 2642 Sidicinaque
1079 2599 1175 2633 bella
1199 2602 1407 2640 remorunt3

266 2683 314 2709 ac
345 2668 588 2709 Priscianus
623 2667 799 2721 [perieg.
833 2666 951 2723 222]:

472 2747 685 2790 disposuere
710 2747 785 2779 vias
811 2747 871 2790 qui
897 2747 992 2780 vitae
1018 2750 1140 2781 mente
1167 2747 1310 2790 potenti

471 2807 508 2838 et
532 2803 639 2847 primi
666 2803 848 2836 dederunt
873 2804 993 2837 sulcos
1020 2807 1056 2837 et
1081 2804 1217 2837 semina
1244 2804 1362 2838 terris.

264 2873 334 2916 vix
366 2876 508 2913 tamen
542 2872 677 2912 ausim
710 2871 772 2913 uti
805 2871 998 2924 exemplo
1031 2871 1186 2913 Catulli
1219 2871 1300 2927 [6⁶2,
1334 2873 1428 2926 2s]:

471 2963 563 3000 quae
590 2951 766 2996 pepigere
792 2951 870 2995 viri,
898 2952 1121 2996 pepigerunt
1146 2955 1228 2986 ante
1256 2954 1438 2996 parentes,
