1898 3292
721 252 838 276 LIBER
858 252 1014 277 anvs.
1569 248 1621 283 99

115 354 277 395 Livium
308 353 463 395 iambis
495 355 701 407 scriptum
732 354 864 407 (quod
895 353 1065 407 quidem
1098 355 1160 395 ita
1191 354 1543 407 intellegendum,
1575 359 1622 396 ut

112 424 336 477 potissima
367 437 563 475 quaeque
597 437 646 463 ex
682 423 785 463 Livii
818 424 998 464 historia
1036 424 1078 463 in
1110 437 1257 463 versus
1298 423 1530 475 redegerit,
1576 429 1622 464 ut

114 496 156 532 et
190 491 322 532 Alfius
356 492 505 532 Avitus
538 491 651 539 fecit,
685 492 735 532 de
769 506 853 544 quo
886 506 984 533 mox
1016 492 1200 544 dicetur)
1233 495 1418 532 testatur
1451 492 1621 533 Servius

113 560 186 614 [ad
219 574 309 600 aen.
344 560 399 602 X.
435 563 539 611 2723
575 560 686 614 388]
749 560 868 601 fuere
911 564 1054 600 autem
1096 559 1211 600 haud
1255 559 1383 600 dubie
1424 561 1620 610 trimetri,

114 628 270 682 quibus
315 628 442 669 etiam
491 629 823 681 descriptionem
873 642 973 669 orae
1023 628 1309 669 maritimaest
1357 633 1620 681 persecutus.

113 711 210 737 nam
253 696 399 737 eodem
441 710 618 737 numero
652 696 908 737 Prudentius
950 711 1053 738 usus
1093 700 1156 737 est
1195 696 1239 736 in
1279 695 1408 737 rebus
1440 697 1621 737 Romani

112 766 312 819 martyris
341 765 592 806 enarrandis
624 765 734 820 [peri
763 766 898 819 steph.
927 766 1008 820 10],
1041 765 1112 818 qui
1143 765 1254 806 liber
1275 778 1357 805 non
1382 767 1621 818 argumenti

112 834 237 875 modo
270 833 560 883 similitudine,
594 835 721 874 etiam
756 835 884 888 spatii
918 835 1099 874 circuitu
1133 834 1315 874 sustinet
1343 847 1479 887 paene
1513 835 1620 887 epici

113 903 313 943 carminis
334 903 658 956 proprietatem.
711 916 973 955 quamquam
996 902 1256 942 Prudentius
1290 915 1367 942 sua
1389 908 1621 947 excusatur

112 972 235 1012 venia
285 972 381 1024 (nec
423 971 532 1011 enim
576 985 779 1024 umquam
823 972 865 1011 in
916 971 1150 1011 volumine.
1204 970 1318 1024 quod
1369 971 1621 1012 inscribitur

111 1039 468 1093 Peristephanon,
511 1040 701 1080 continui
741 1040 794 1080 ab
836 1053 885 1080 eo
927 1039 1109 1080 adhibiti
1154 1039 1431 1092 hexametri),
1485 1041 1620 1092 magis

110 1109 370 1150 incusandus
394 1111 459 1149 est
482 1109 666 1149 Avienus
690 1112 732 1149 et
754 1108 991 1149 deficientis
1014 1107 1267 1148 manifestus
1291 1108 1408 1148 artis.
1457 1108 1619 1148 similli-

112 1192 204 1218 mus
226 1181 368 1218 autem
392 1177 604 1230 pravitate
637 1176 719 1217 fuit
742 1176 873 1218 Alfius
898 1177 1059 1225 Avitus,
1093 1190 1219 1229 quem
1253 1190 1513 1229 quamquam
1536 1191 1619 1217 non

111 1246 216 1287 satis
249 1249 365 1287 certo
397 1245 506 1285 dixit
528 1245 828 1285 Lachmannus
862 1244 1012 1299 [praef.
1037 1245 1129 1286 Ter.
1153 1260 1191 1298 p.
1215 1245 1282 1299 12]
1315 1259 1340 1285 a
1362 1246 1619 1286 Terentiano

111 1318 283 1368 poetam
315 1314 380 1355 sui
412 1314 619 1367 temporis
656 1313 888 1364 autumari,
929 1318 1075 1354 tamen
1117 1312 1388 1354 referendum
1433 1327 1524 1354 esse
1565 1314 1619 1354 ad

112 1384 322 1424 decimum
354 1397 393 1423 u.
427 1396 459 1423 0.
493 1381 712 1422 saeculum
744 1386 937 1435 apparet.
999 1395 1098 1422 nam
1139 1381 1291 1434 nequis
1331 1385 1419 1422 tam
1450 1382 1619 1435 ineptos

112 1455 291 1493 conatus
337 1450 481 1504 aliquo
528 1450 818 1503 antiquiorum
866 1450 1016 1503 dignos
1065 1449 1227 1491 habeat
1275 1463 1359 1490 non
1410 1463 1617 1491 veremur.

113 1533 294 1574 cumque
324 1520 410 1560 iam
434 1519 662 1560 Frontonis
685 1519 939 1572 aequalibus
960 1518 1139 1559 mirifice
1160 1518 1425 1572 placuissent
1447 1517 1618 1559 dimetri

110 1589 306 1638 iambici,
346 1588 390 1630 id
434 1587 547 1640 quod
583 1591 684 1628 noto
718 1586 844 1628 Gellii
889 1587 1209 1628 demonstratur
1238 1587 1332 1628 loco
1371 1586 1503 1641 [xm
1537 1587 1619 1641 11],

112 1658 185 1699 ubi
214 1656 426 1698 distichon
459 1655 674 1709 quoddam
700 1655 911 1696 Graecum
939 1656 1136 1697 redditur
1157 1660 1294 1696 met-ro
1316 1655 1389 1695 illo
1419 1680 1476 1684 ——
1506 1655 1618 1695 unde

111 1726 358 1767 Hadrianus
398 1725 634 1778 imperator
676 1738 729 1765 ne
760 1724 910 1765 mortis
942 1724 1113 1777 quidem
1144 1723 1384 1777 ingruent-is
1415 1728 1532 1764 metu
1564 1723 1618 1764 ab

113 1795 174 1836 eis
207 1798 272 1836 est
302 1793 534 1835 deterritus
565 1819 642 1843 —,
685 1792 870 1834 adaucto
910 1792 1113 1846 captandi
1154 1792 1328 1833 insolita
1368 1791 1510 1832 studio
1541 1791 1619 1832 hos

110 1878 258 1905 versus
287 1863 374 1903 iam
411 1865 604 1915 tempore
637 1861 785 1918 Sereni
825 1861 1079 1915 plerumque
1120 1861 1372 1914 optinuisse,
1417 1860 1490 1901 ubi
1534 1873 1618 1901 non

111 1931 313 1981 decebat,
361 1944 444 1972 non
477 1933 542 1971 est
575 1929 690 1983 quod
720 1930 888 1971 mirere.
946 1943 1085 1983 neque
1119 1930 1228 1970 enim
1263 1928 1340 1970 soli
1373 1929 1497 1969 Avito
1526 1928 1617 1981 pla-

112 2001 249 2041 cuisse
290 2000 438 2052 inepta
476 2002 645 2040 constat
675 1998 922 2039 Terentiani
960 1998 1225 2048 testimonio,
1271 1997 1343 2050 qui
1385 1997 1445 2037 sic
1484 1997 1618 2037 tradit

112 2069 164 2109 de
194 2068 276 2109 hoc
306 2071 443 2109 metro
476 2067 606 2121 [2446
637 2067 748 2121 sqq]
797 2064 1052 2117 ‘plerumque
1084 2080 1158 2107 nec
1190 2079 1353 2106 carmen
1385 2069 1513 2114 modo,
1544 2070 1621 2105 secl

111 2145 148 2177 et
179 2141 357 2178 volumen
389 2139 585 2186 explicat,
617 2142 661 2175 ‘ut
683 2138 847 2186 pridem
882 2139 1018 2175 Avitus
1047 2139 1170 2184 Alfius
1201 2137 1324 2175 libros
1352 2141 1479 2184 poeta
1507 2137 1617 2184 plus-

111 2209 222 2246 culos
243 2219 342 2245 usus
365 2208 534 2246 dimetro
558 2207 724 2254 perpeti
745 2206 966 2244 conscribit
986 2200 1305 2244 excellentium'.
1344 2206 1617 2255 persecutum

111 2277 253 2315 autem
286 2286 378 2314 esse
408 2272 523 2313 hunc
553 2271 661 2324 Livii
701 2272 967 2314 renarrando
1006 2271 1139 2312 libros
1172 2285 1239 2312 res
1271 2270 1487 2311 Romanas
1519 2270 1617 2310 inde

112 2342 166 2382 ab
209 2342 373 2395 origine
416 2340 536 2382 urbis
577 2341 787 2382 incertum
830 2340 1002 2393 quidem
1044 2354 1120 2393 per
1159 2338 1315 2380 aetatis
1347 2339 1532 2392 spatium
1566 2352 1617 2379 nc

110 2411 154 2450 in
184 2413 308 2451 tanta
335 2409 507 2462 quidem
539 2408 819 2462 reliquiarum
857 2409 1077 2462 paucitate
1115 2408 1260 2461 inepte
1292 2406 1616 2447 coniectabitur.

110 2492 209 2519 nam
249 2478 293 2518 in
335 2477 472 2531 primo
502 2476 614 2518 libro
647 2477 700 2517 ad
732 2481 905 2530 raptum
936 2476 1194 2517 Sabinarum
1226 2475 1469 2529 spectantia
1499 2474 1617 2515 fuere

110 2547 219 2587 haec
260 2544 424 2587 ‘marite
453 2549 489 2586 se·
519 2549 688 2596 sanquis
717 2540 847 2594 Curis,
876 2548 1028 2586 Sabina
1059 2548 1094 2585 si
1125 2547 1273 2585 caedes
1301 2547 1453 2593 placet,
1485 2546 1525 2582 ‘in
1558 2557 1618 2582 me

112 2629 182 2656 oro
215 2621 427 2656 convertas
458 2611 656 2654 manum’.
718 2613 815 2654 dein
846 2613 1032 2654 secundo
1064 2612 1330 2653 Faliscorum
1360 2611 1617 2651 litteratoris

110 2682 294 2736 perfidia
314 2683 464 2723 relata.
518 2681 619 2722 huic
651 2686 793 2722 autem
830 2695 914 2722 11011
947 2681 1188 2734 argumenti
1218 2680 1355 2732 magis
1389 2692 1439 2719 ac
1460 2682 1617 2719 metro-

111 2765 205 2791 rum
247 2764 374 2803 quam
417 2754 658 2803 temporum
700 2749 976 2790 similitudine
1019 2750 1211 2790 iunctum
1251 2747 1383 2788 fuisse
1424 2747 1619 2800 suspicor

112 2818 353 2860 Marianum
386 2818 686 2871 Lupercalium
725 2821 920 2871 poetam,
963 2817 1082 2858 cuius
1125 2815 1240 2869 quod
1282 2815 1454 2855 unicum
1499 2818 1618 2855 extat

112 2886 398 2939 fragmentum
438 2900 463 2926 a
496 2886 671 2938 Vergilii
712 2885 1023 2939 interpretibus
1065 2888 1280 2925 servatum
1328 2883 1532 2936 [Philarg.
1564 2883 1618 2923 ad

114 2955 246 3005 eclog.
274 2959 308 3004 l,
331 2954 404 3008 520]
435 2968 530 2994 cum
561 2954 754 2994 dimetris
782 2954 978 2994 iambicis
1012 2952 1218 2994 contineri
1250 2951 1391 2991 divino
1426 2951 1618 3003 Scaliger

1294 3020 1342 3053 7*
