1898 3292
790 251 1067 277 PROHOEMTVM.
1632 247 1654 285 3
1663 249 1686 286 9

179 354 463 404 inveniuntur,
495 354 610 394 velut
644 355 865 394 Aratorem
901 358 943 394 et
977 354 1293 395 Maximianum.
1356 357 1470 409 quod
1502 372 1595 398 cum
1627 359 1687 399 ita

179 423 253 472 sit,
297 422 543 475 priusquam
589 422 845 474 scriptorum
887 422 1081 463 codicum
1124 425 1380 465 testimoniis
1420 425 1684 467 Lachmanni

177 490 401 531 firmentur
445 493 703 540 commenta,
744 504 827 530 non
866 491 948 531 erit
980 491 1081 543 quin
1113 491 1273 533 ultimis
1304 493 1473 546 imperii
1505 494 1684 535 Romani

177 558 442 612 temporibus
482 558 520 599 h.
554 572 588 599 0.
627 573 735 599 saec.
769 562 923 612 quarto
968 559 1169 613 quintove
1218 560 1465 602 adscribam
1512 562 1683 604 fabulas

179 627 340 668 Aviani.

293 697 347 736 At
376 694 550 736 hercule
581 695 708 749 plane
751 695 853 736 mihi
897 695 1159 749 probantur,
1202 711 1313 750 quae
1357 697 1409 738 de
1439 698 1685 740 Terentiani

177 768 319 805 aetate
348 763 402 805 ab
427 764 575 804 eodem
598 764 872 805 Lachmanno
905 768 1004 805 sunt
1036 765 1215 817 prolata.
1269 766 1388 807 cuius
1421 769 1685 820 argumentis

176 848 259 874 0011
290 833 434 886 inepte
467 832 672 873 accedent
716 847 841 883 nova,
883 848 994 886 quae
1027 833 1078 874 (10
1110 834 1226 874 tertii
1262 835 1492 887 quartique
1525 836 1683 877 saeculi

175 901 343 956 placitis
376 901 562 941 metricis
595 901 728 954 primo
759 915 784 941 a
816 916 881 942 100
911 901 1021 942 libro
1058 906 1337 955 exponentur.

289 969 529 1024 Symphosii
561 971 677 1023 (nam
708 970 770 1010 ita
802 969 1073 1011 scribendum
1098 972 1269 1024 nomen)
1302 972 1548 1024 aenigmata
1580 987 1683 1025 quo-

173 1053 271 1079 nam
305 1038 466 1091 seripta
489 1038 573 1079 sint
595 1042 787 1091 tempore
810 1039 1052 1091 quaesitum
1077 1054 1101 1079 a
1123 1039 1198 1080 Th.
1222 1039 1355 1080 Paulo
1379 1039 1682 1082 dissertatione

174 1107 361 1148 Berolini
394 1121 430 1147 a.
461 1106 741 1148 MDCUULIV
775 1107 902 1148 edita.
965 1108 1037 1160 qui
1070 1111 1215 1149 tamen
1247 1108 1310 1149 ita
1342 1123 1428 1149 rem
1461 1110 1595 1161 gessit
1637 1114 1684 1151 ut

174 1190 348 1229 prorsus
372 1175 473 1215 mihi
507 1178 620 1216 esset
651 1175 705 1216 ab
739 1189 787 1216 eo
820 1175 1170 1217 dissentiendum.
1222 1191 1406 1230 namque
1434 1177 1504 1218 ille
1528 1182 1682 1231 quarto

172 1244 237 1285 vel
271 1245 419 1297 quinto
451 1244 534 1284 ista
556 1243 710 1284 tribuit
732 1243 925 1295 saeculo;
957 1258 1035 1297 ego
1059 1245 1164 1285 nihil
1187 1245 1325 1286 habeo
1350 1260 1426 1286 cur
1448 1261 1473 1286 a
1495 1247 1682 1287 secundo

173 1317 248 1353 aut
269 1313 395 1354 tertio
418 1312 600 1353 habeam
624 1312 775 1353 aliena.
822 1327 1085 1366 quamquam
1111 1313 1297 1354 concedo
1320 1314 1510 1367 potuisse
1533 1314 1682 1355 eadem

173 1381 383 1422 conscribi
416 1381 588 1422 saeculo
622 1385 776 1434 quarto
819 1381 885 1422 vel
926 1382 1033 1423 adeo
1076 1382 1197 1423 initio
1241 1383 1398 1435 quinti⁷
1440 1383 1479 1423 h.
1511 1398 1543 1424 e.
1577 1388 1681 1424 tem-

173 1464 274 1503 pore
307 1449 531 1491 Claudiani
564 1464 615 1490 ac
648 1449 917 1501 Namatiani3
960 1464 1067 1503 nego
1107 1451 1239 1491 ullum
1281 1450 1471 1492 labantis
1502 1452 1608 1492 artis
1641 1456 1683 1492 et

172 1518 370 1572 propriae
416 1518 751 1559 christianorum
797 1518 841 1558 in
888 1519 947 1559 eis
998 1533 1247 1572 comparere
1297 1520 1534 1572 vestigium.
1608 1521 1682 1562 sed

171 1587 349 1628 Paulum
372 1590 420 1628 ut
450 1587 735 1628 demonstrem
768 1601 912 1627 rerum
944 1587 1221 1628 metricarum
1252 1601 1335 1628 non
1366 1589 1470 1629 satis
1493 1590 1679 1643 amplum

172 1670 264 1697 esse
302 1655 505 1705 iudicem,
547 1655 729 1708 primum
773 1656 972 1709 graviora
1016 1656 1228 1708 quaedam
1270 1656 1458 1697 eiusdem
1504 1662 1682 1710 peecata

171 1725 362 1766 afferam.
394 1725 541 1777 itaque
565 1723 741 1764 damnat
763 1724 966 1778 [11361111
984 1724 1220 1765 Claudiano
1243 1728 1464 1778 tamquam
1482 1726 1681 1767 vitiosum

170 1797 317 1834 Italum
348 1793 559 1847 producta
588 1793 727 1845 prima
758 1793 980 1833 immemor
1014 1793 1240 1834 Horatiani
1281 1792 1411 1834 ‘miles
1441 1798 1613 1845 saqillas
1645 1802 1682 1835 et

170 1867 341 1903 celerem
364 1866 510 1913 fussam
534 1864 689 1909 Parthi,
723 1868 891 1902 calenas
909 1865 1088 1902 Parthus
1110 1870 1147 1902 ec
1169 1864 1316 1902 [calum
1337 1860 1492 1903 robur.'
1528 1862 1680 1903 deinde

173 1930 405 1971 Prudentio
428 1929 674 1983 exprobrat,
706 1933 794 1980 spei
817 1930 1058 1982 genetivum
1083 1929 1196 1983 quod
1217 1944 1291 1982 pro
1309 1930 1452 1971 iambo
1477 1931 1678 1983 posuerit7

172 1999 313 2040 011110
356 2001 499 2051 spreto
532 1997 704 2047 Flacco,
751 1998 870 2039 euius
909 2002 1007 2039 sunt
1048 1998 1156 2039 haec
1195 1997 1466 2049 ‘conlemptae
1498 2003 1681 2040 (lominus

170 2070 427 2118 splendidior
458 2064 546 2107 νεῖ]
601 2066 714 2107 1(1010
746 2070 967 2119 tamquam
998 2067 1215 2119 singulare
1246 2066 1288 2107 in
1313 2067 1523 2108 Venantio
1546 2072 1680 2116 notat,

171 2135 286 2189 quod
335 2135 441 2176 illud
497 2138 822 2186 quandoquidem
871 2134 990 2175 brevi
1039 2134 1246 2176 adhibeat
1298 2136 1678 2189 an‘oepaenulffima,

172 2204 295 2258 quasi
318 2218 399 2244 non
423 2217 568 2245 omnes
591 2204 779 2245 omnium
801 2206 1041 2256 temporum
1062 2207 1214 2256 poetae
1233 2204 1469 2257 corripiant
1487 2204 1679 2244 eandem.

171 2286 308 2325 neque
342 2272 426 2312 alia
458 2275 557 2313 sunt
586 2272 786 2313 rectiora.
839 2271 969 2312 veluti
1001 2286 1033 2312 0.
1059 2275 1110 2313 93
1135 2286 1168 2312 v,
1194 2275 1216 2312 2
1248 2272 1291 2312 in
1324 2275 1448 2325 parte
1471 2272 1679 2313 librorum

172 2341 429 2394 scriptorum
452 2355 547 2382 cum
569 2340 796 2381 incohetur
829 2341 913 2381 sic:
944 2354 1018 2381 sear«
1043 2345 1175 2391 pedes
1207 2343 1343 2389 habai,
1375 2344 1520 2381 tamen
1553 2355 1681 2394 quam

172 2410 227 2450 sit
256 2408 541 2463 improbabile
573 2412 742 2462 poetam
788 2408 978 2462 alioquin
1020 2408 1384 2462 elegantissimum
1422 2412 1510 2450 tam
1557 2409 1680 2450 foede

174 2491 372 2531 peccasse
405 2492 497 2518 01110
533 2491 607 2530 1101·
634 2491 677 2517 50
712 2481 911 2530 apparet,
954 2481 1043 2517 tum
1087 2477 1185 2518 inde
1218 2477 1332 2530 quod
1365 2476 1419 2518 ab
1453 2477 1603 2518 eodem
1634 2481 1681 2518 ut

166 2560 243 2597 pes
275 2545 405 2587 semel
436 2546 521 2600 [40‚
554 2546 596 2600 2]
627 2545 755 2598 longa
788 2545 937 2595 vocali,
969 2546 1031 2585 ita
1056 2550 1200 2595 pedes,
1234 2548 1412 2595 pedibus
1446 2545 1678 2586 identidem

174 2615 356 2667 positum
389 2613 536 2654 eadem
568 2613 776 2654 breviata.
827 2613 901 2654 sed
931 2613 1042 2666 finge
1073 2614 1266 2666 potuisse
1296 2613 1414 2654 illum
1449 2613 1680 2654 admittere

171 2686 260 2723 tam
290 2686 416 2735 turpe
447 2682 612 2732 vitium,
656 2685 799 2722 tamen
841 2696 867 2722 a
899 2682 1112 2722 sententia
1143 2682 1253 2722 male
1285 2681 1446 2722 habent
1478 2681 1551 2721 illa
1586 2680 1680 2723 ‘seat

166 2755 296 2801 pedes
330 2748 492 2800 habas,
534 2753 581 2790 ut
613 2764 680 2799 ea,
721 2764 830 2803 quae
864 2751 1140 2791 Heumannus
1169 2750 1223 2790 ad
1256 2750 1388 2790 verba
1423 2749 1573 2790 eadem
1606 2749 1679 2790 ad·

172 2820 353 2869 notavit,
395 2833 447 2859 110
487 2818 641 2870 legisse
683 2819 853 2871 quidem
897 2818 1095 2859 videatur
1135 2818 1304 2858 Paulus.
1366 2821 1554 2858 ceterum
1595 2833 1680 2859 non

173 2887 323 2927 melius
355 2890 432 2935 est,
464 2886 579 2939 quod
602 2886 880 2927 Heumannus
912 2886 1044 2927 obicit
1076 2886 1243 2925 auctori
1277 2885 1412 2925 eidem
1438 2890 1680 2939 correptam

172 2955 215 2995 in
247 2958 454 3006 conchylio
485 2970 521 3006 y.
584 2968 681 2994 nam
721 2955 914 3007 quamvis
957 2954 1106 3004 ceteri,
1148 2967 1254 3006 quos
1286 2967 1363 3006 ego
1396 2955 1679 3008 cognoverim,
