<?xml version="1.0" encoding="UTF-8"?>
<!DOCTYPE html PUBLIC "-//W3C//DTD XHTML 1.0 Transitional//EN"
    "http://www.w3.org/TR/xhtml1/DTD/xhtml1-transitional.dtd">
<html xmlns="http://www.w3.org/1999/xhtml" xml:lang="en" lang="en">
 <head>
  <title>
</title>
<meta http-equiv="Content-Type" content="text/html;charset=utf-8" />
  <meta name='ocr-system' content='tesseract 3.04.00' />
  <meta name='ocr-capabilities' content='ocr_page ocr_carea ocr_par ocr_line ocrx_word'/>
</head>
<body>
  <div class='ocr_page' id='page_1' title='image "./deremetricapoeta00mluoft_0615.png"; bbox 0 0 1898 3292; ppageno 0'>
   <div class='ocr_carea' id='block_1_1' title="bbox 781 195 1683 234">
    <p class='ocr_par' dir='ltr' id='par_1_1' title="bbox 781 195 1683 234">
     <span class='ocr_line' id='line_1_1' title="bbox 781 195 1683 234; baseline 0.003 -3"><span class='ocrx_word' id='word_1_1' title='bbox 781 205 828 232; x_wconf 82' lang='lat' dir='ltr'>OP</span> <span class='ocrx_word' id='word_1_2' title='bbox 836 204 1018 232; x_wconf 76' lang='lat' dir='ltr'>vschvM</span> <span class='ocrx_word' id='word_1_3' title='bbox 1035 205 1087 231; x_wconf 88' lang='lat' dir='ltr'>1v.</span> <span class='ocrx_word' id='word_1_4' title='bbox 1602 195 1683 234; x_wconf 81' lang='lat'>589</span> 
     </span>
    </p>
   </div>
   <div class='ocr_carea' id='block_1_2' title="bbox 173 305 1693 1526">
    <p class='ocr_par' dir='ltr' id='par_1_2' title="bbox 173 305 1693 772">
     <span class='ocr_line' id='line_1_2' title="bbox 177 305 1682 361; baseline -0.005 -9"><span class='ocrx_word' id='word_1_5' title='bbox 177 310 366 352; x_wconf 86' lang='lat' dir='ltr'>Graecos</span> <span class='ocrx_word' id='word_1_6' title='bbox 397 308 641 350; x_wconf 83' lang='lat' dir='ltr'>Alexandro</span> <span class='ocrx_word' id='word_1_7' title='bbox 674 307 830 361; x_wconf 87' lang='lat' dir='ltr'>Magno</span> <span class='ocrx_word' id='word_1_8' title='bbox 862 307 1121 361; x_wconf 74' lang='lat' dir='ltr'>posteriores</span> <span class='ocrx_word' id='word_1_9' title='bbox 1153 305 1287 347; x_wconf 88' lang='lat' dir='ltr'>habes</span> <span class='ocrx_word' id='word_1_10' title='bbox 1319 305 1516 355; x_wconf 88' lang='lat' dir='ltr'>facetias,</span> <span class='ocrx_word' id='word_1_11' title='bbox 1555 305 1682 346; x_wconf 73' lang='lat' dir='ltr'>veluti</span> 
     </span>
     <span class='ocr_line' id='line_1_3' title="bbox 173 373 1682 426; baseline -0.005 -6"><span class='ocrx_word' id='word_1_12' title='bbox 173 378 391 420; x_wconf 83' lang='lat' dir='ltr'>Theocriti</span> <span class='ocrx_word' id='word_1_13' title='bbox 423 376 642 426; x_wconf 86' lang='lat' dir='ltr'>Fistulam,</span> <span class='ocrx_word' id='word_1_14' title='bbox 676 376 876 417; x_wconf 77' lang='lat' dir='ltr'>Simmiae</span> <span class='ocrx_word' id='word_1_15' title='bbox 908 375 1099 416; x_wconf 84' lang='lat' dir='ltr'>Securim</span> <span class='ocrx_word' id='word_1_16' title='bbox 1132 378 1173 416; x_wconf 88' lang='lat' dir='ltr'>et</span> <span class='ocrx_word' id='word_1_17' title='bbox 1196 374 1329 415; x_wconf 91' lang='lat' dir='ltr'>Ovum</span> <span class='ocrx_word' id='word_1_18' title='bbox 1363 387 1440 414; x_wconf 91' lang='lat' dir='ltr'>nec</span> <span class='ocrx_word' id='word_1_19' title='bbox 1468 387 1551 414; x_wconf 88' lang='lat' dir='ltr'>non</span> <span class='ocrx_word' id='word_1_20' title='bbox 1582 373 1682 414; x_wconf 87' lang='lat' dir='ltr'>Alas</span> 
     </span>
     <span class='ocr_line' id='line_1_4' title="bbox 175 441 1683 498; baseline -0.005 -10"><span class='ocrx_word' id='word_1_21' title='bbox 175 447 355 497; x_wconf 88' lang='lat' dir='ltr'>Amoris,</span> <span class='ocrx_word' id='word_1_22' title='bbox 387 446 570 498; x_wconf 87' lang='lat' dir='ltr'>denique</span> <span class='ocrx_word' id='word_1_23' title='bbox 594 444 808 486; x_wconf 77' lang='lat' dir='ltr'>Dosiadae</span> <span class='ocrx_word' id='word_1_24' title='bbox 833 446 973 494; x_wconf 84' lang='lat' dir='ltr'>Aram,</span> <span class='ocrx_word' id='word_1_25' title='bbox 1005 444 1108 484; x_wconf 90' lang='lat' dir='ltr'>item</span> <span class='ocrx_word' id='word_1_26' title='bbox 1140 443 1372 492; x_wconf 84' lang='lat' dir='ltr'>Besantini,</span> <span class='ocrx_word' id='word_1_27' title='bbox 1405 441 1477 482; x_wconf 88' lang='lat' dir='ltr'>sed</span> <span class='ocrx_word' id='word_1_28' title='bbox 1512 442 1683 482; x_wconf 90' lang='lat' dir='ltr'>minime</span> 
     </span>
     <span class='ocr_line' id='line_1_5' title="bbox 175 510 1684 567; baseline -0.004 -11"><span class='ocrx_word' id='word_1_29' title='bbox 175 514 326 556; x_wconf 88' lang='lat' dir='ltr'>eadem</span> <span class='ocrx_word' id='word_1_30' title='bbox 359 514 474 555; x_wconf 87' lang='lat' dir='ltr'>circa</span> <span class='ocrx_word' id='word_1_31' title='bbox 505 512 747 567; x_wconf 88' lang='lat' dir='ltr'>augendum</span> <span class='ocrx_word' id='word_1_32' title='bbox 788 512 1149 564; x_wconf 86' lang='lat' dir='ltr'>minuendumque</span> <span class='ocrx_word' id='word_1_33' title='bbox 1185 510 1429 551; x_wconf 90' lang='lat' dir='ltr'>litterarum</span> <span class='ocrx_word' id='word_1_34' title='bbox 1461 524 1684 551; x_wconf 89' lang='lat' dir='ltr'>numerum</span> 
     </span>
     <span class='ocr_line' id='line_1_6' title="bbox 175 577 1693 633; baseline -0.004 -9"><span class='ocrx_word' id='word_1_35' title='bbox 175 597 290 624; x_wconf 87' lang='lat' dir='ltr'>cura.</span> <span class='ocrx_word' id='word_1_36' title='bbox 351 582 454 623; x_wconf 90' lang='lat' dir='ltr'>alibi</span> <span class='ocrx_word' id='word_1_37' title='bbox 493 585 636 623; x_wconf 86' lang='lat' dir='ltr'>autem</span> <span class='ocrx_word' id='word_1_38' title='bbox 677 580 843 622; x_wconf 89' lang='lat' dir='ltr'>mediae</span> <span class='ocrx_word' id='word_1_39' title='bbox 880 580 1116 621; x_wconf 79' lang='lat' dir='ltr'>carminum</span> <span class='ocrx_word' id='word_1_40' title='bbox 1158 579 1273 633; x_wconf 88' lang='lat' dir='ltr'>parti</span> <span class='ocrx_word' id='word_1_41' title='bbox 1314 578 1475 620; x_wconf 90' lang='lat' dir='ltr'>inditae</span> <span class='ocrx_word' id='word_1_42' title='bbox 1507 577 1693 631; x_wconf 83' lang='lat' dir='ltr'>figurae,‘</span> 
     </span>
     <span class='ocr_line' id='line_1_7' title="bbox 174 647 1684 701; baseline -0.004 -9"><span class='ocrx_word' id='word_1_43' title='bbox 174 651 290 692; x_wconf 87' lang='lat' dir='ltr'>velut</span> <span class='ocrx_word' id='word_1_44' title='bbox 339 651 383 691; x_wconf 91' lang='lat' dir='ltr'>in</span> <span class='ocrx_word' id='word_1_45' title='bbox 433 650 750 692; x_wconf 86' lang='lat' dir='ltr'>undevicesimo</span> <span class='ocrx_word' id='word_1_46' title='bbox 801 648 936 690; x_wconf 88' lang='lat' dir='ltr'>habes</span> <span class='ocrx_word' id='word_1_47' title='bbox 995 648 1216 690; x_wconf 75' lang='lat' dir='ltr'>naviculae</span> <span class='ocrx_word' id='word_1_48' title='bbox 1269 647 1453 701; x_wconf 85' lang='lat' dir='ltr'>speciem</span> <span class='ocrx_word' id='word_1_49' title='bbox 1516 647 1684 688; x_wconf 76' lang='lat' dir='ltr'>adiecto</span> 
     </span>
     <span class='ocr_line' id='line_1_8' title="bbox 175 719 746 772; baseline -0.004 -12"><span class='ocrx_word' id='word_1_50' title='bbox 175 719 335 761; x_wconf 79' lang='lat' dir='ltr'>Christi</span> <span class='ocrx_word' id='word_1_51' title='bbox 365 722 746 772; x_wconf 77' lang='lat' dir='ltr'>monogrammate.</span> 
     </span>
    </p>

    <p class='ocr_par' dir='ltr' id='par_1_3' title="bbox 175 785 1684 906">
     <span class='ocr_line' id='line_1_9' title="bbox 291 785 1684 840; baseline -0.003 -11"><span class='ocrx_word' id='word_1_52' title='bbox 291 788 374 829; x_wconf 85' lang='lat' dir='ltr'>Sed</span> <span class='ocrx_word' id='word_1_53' title='bbox 405 787 487 829; x_wconf 87' lang='lat' dir='ltr'>hoc</span> <span class='ocrx_word' id='word_1_54' title='bbox 519 787 674 828; x_wconf 90' lang='lat' dir='ltr'>omisso</span> <span class='ocrx_word' id='word_1_55' title='bbox 705 786 833 840; x_wconf 89' lang='lat' dir='ltr'>paulo</span> <span class='ocrx_word' id='word_1_56' title='bbox 856 786 1052 839; x_wconf 86' lang='lat' dir='ltr'>pluribus</span> <span class='ocrx_word' id='word_1_57' title='bbox 1085 799 1262 838; x_wconf 79' lang='lat' dir='ltr'>agamus</span> <span class='ocrx_word' id='word_1_58' title='bbox 1295 785 1346 826; x_wconf 89' lang='lat' dir='ltr'>de</span> <span class='ocrx_word' id='word_1_59' title='bbox 1376 785 1542 835; x_wconf 89' lang='lat' dir='ltr'>ceteris,</span> <span class='ocrx_word' id='word_1_60' title='bbox 1574 798 1684 837; x_wconf 84' lang='lat' dir='ltr'>quae</span> 
     </span>
     <span class='ocr_line' id='line_1_10' title="bbox 175 855 603 906; baseline -0.002 -9"><span class='ocrx_word' id='word_1_61' title='bbox 175 856 420 906; x_wconf 75' lang='lat' dir='ltr'>memoravi,</span> <span class='ocrx_word' id='word_1_62' title='bbox 451 855 603 896; x_wconf 87' lang='lat' dir='ltr'>tribus.</span> 
     </span>
    </p>

    <p class='ocr_par' dir='ltr' id='par_1_4' title="bbox 176 921 1690 1526">
     <span class='ocr_line' id='line_1_11' title="bbox 290 921 1686 979; baseline -0.003 -14"><span class='ocrx_word' id='word_1_63' title='bbox 290 924 354 965; x_wconf 81' lang='lat' dir='ltr'>Ex</span> <span class='ocrx_word' id='word_1_64' title='bbox 384 923 540 977; x_wconf 91' lang='lat' dir='ltr'>quibus</span> <span class='ocrx_word' id='word_1_65' title='bbox 570 924 768 977; x_wconf 82' lang='lat' dir='ltr'>primum,</span> <span class='ocrx_word' id='word_1_66' title='bbox 801 936 884 976; x_wconf 89' lang='lat' dir='ltr'>quo</span> <span class='ocrx_word' id='word_1_67' title='bbox 914 936 991 963; x_wconf 86' lang='lat' dir='ltr'>ara</span> <span class='ocrx_word' id='word_1_68' title='bbox 1022 922 1250 976; x_wconf 87' lang='lat' dir='ltr'>effingitur,</span> <span class='ocrx_word' id='word_1_69' title='bbox 1287 921 1519 979; x_wconf 85' lang='lat' dir='ltr'>decurrens</span> <span class='ocrx_word' id='word_1_70' title='bbox 1542 921 1686 961; x_wconf 80' lang='lat' dir='ltr'>trime-</span> 
     </span>
     <span class='ocr_line' id='line_1_12' title="bbox 176 990 1687 1044; baseline -0.003 -10"><span class='ocrx_word' id='word_1_71' title='bbox 176 993 255 1034; x_wconf 91' lang='lat' dir='ltr'>tris</span> <span class='ocrx_word' id='word_1_72' title='bbox 286 992 483 1034; x_wconf 83' lang='lat' dir='ltr'>iambicis</span> <span class='ocrx_word' id='word_1_73' title='bbox 516 991 653 1033; x_wconf 85' lang='lat' dir='ltr'>XXIV</span> <span class='ocrx_word' id='word_1_74' title='bbox 688 1005 887 1041; x_wconf 83' lang='lat' dir='ltr'>numero,</span> <span class='ocrx_word' id='word_1_75' title='bbox 928 990 1060 1031; x_wconf 83' lang='lat' dir='ltr'>habet</span> <span class='ocrx_word' id='word_1_76' title='bbox 1100 991 1141 1031; x_wconf 91' lang='lat' dir='ltr'>in</span> <span class='ocrx_word' id='word_1_77' title='bbox 1186 1004 1351 1032; x_wconf 88' lang='lat' dir='ltr'>summa</span> <span class='ocrx_word' id='word_1_78' title='bbox 1384 994 1508 1044; x_wconf 91' lang='lat' dir='ltr'>parte</span> <span class='ocrx_word' id='word_1_79' title='bbox 1539 1003 1687 1030; x_wconf 89' lang='lat' dir='ltr'>versus</span> 
     </span>
     <span class='ocr_line' id='line_1_13' title="bbox 177 1058 1689 1112; baseline -0.002 -10"><span class='ocrx_word' id='word_1_80' title='bbox 177 1061 283 1103; x_wconf 92' lang='lat' dir='ltr'>duos</span> <span class='ocrx_word' id='word_1_81' title='bbox 325 1061 569 1102; x_wconf 88' lang='lat' dir='ltr'>litterarum</span> <span class='ocrx_word' id='word_1_82' title='bbox 612 1060 760 1102; x_wconf 81' lang='lat' dir='ltr'>XXVI.</span> <span class='ocrx_word' id='word_1_83' title='bbox 823 1059 1109 1101; x_wconf 87' lang='lat' dir='ltr'>subsecuntur</span> <span class='ocrx_word' id='word_1_84' title='bbox 1141 1063 1358 1112; x_wconf 84' lang='lat' dir='ltr'>quattuor,</span> <span class='ocrx_word' id='word_1_85' title='bbox 1392 1072 1570 1112; x_wconf 87' lang='lat' dir='ltr'>quorum</span> <span class='ocrx_word' id='word_1_86' title='bbox 1604 1058 1689 1111; x_wconf 88' lang='lat' dir='ltr'>pri-</span> 
     </span>
     <span class='ocr_line' id='line_1_14' title="bbox 176 1126 1689 1179; baseline -0.003 -8"><span class='ocrx_word' id='word_1_87' title='bbox 176 1144 270 1171; x_wconf 90' lang='lat' dir='ltr'>mus</span> <span class='ocrx_word' id='word_1_88' title='bbox 301 1133 366 1171; x_wconf 90' lang='lat' dir='ltr'>est</span> <span class='ocrx_word' id='word_1_89' title='bbox 395 1129 639 1171; x_wconf 89' lang='lat' dir='ltr'>litterarum</span> <span class='ocrx_word' id='word_1_90' title='bbox 670 1128 871 1179; x_wconf 80' lang='lat' dir='ltr'>XXXVI,</span> <span class='ocrx_word' id='word_1_91' title='bbox 912 1128 1043 1169; x_wconf 89' lang='lat' dir='ltr'>ceteri</span> <span class='ocrx_word' id='word_1_92' title='bbox 1076 1127 1186 1168; x_wconf 89' lang='lat' dir='ltr'>binis</span> <span class='ocrx_word' id='word_1_93' title='bbox 1219 1128 1483 1169; x_wconf 90' lang='lat' dir='ltr'>decrescunt.</span> <span class='ocrx_word' id='word_1_94' title='bbox 1545 1126 1589 1167; x_wconf 87' lang='lat' dir='ltr'>hi</span> <span class='ocrx_word' id='word_1_95' title='bbox 1619 1140 1689 1167; x_wconf 83' lang='lat' dir='ltr'>ex-</span> 
     </span>
     <span class='ocr_line' id='line_1_15' title="bbox 180 1195 1690 1252; baseline -0.003 -13"><span class='ocrx_word' id='word_1_96' title='bbox 180 1198 398 1252; x_wconf 89' lang='lat' dir='ltr'>cipiuntur</span> <span class='ocrx_word' id='word_1_97' title='bbox 429 1197 654 1239; x_wconf 86' lang='lat' dir='ltr'>duodecim</span> <span class='ocrx_word' id='word_1_98' title='bbox 686 1197 804 1247; x_wconf 88' lang='lat' dir='ltr'>aliis,</span> <span class='ocrx_word' id='word_1_99' title='bbox 838 1210 1019 1250; x_wconf 88' lang='lat' dir='ltr'>quorum</span> <span class='ocrx_word' id='word_1_100' title='bbox 1052 1196 1207 1250; x_wconf 84' lang='lat' dir='ltr'>singuli</span> <span class='ocrx_word' id='word_1_101' title='bbox 1239 1199 1438 1237; x_wconf 88' lang='lat' dir='ltr'>constant</span> <span class='ocrx_word' id='word_1_102' title='bbox 1469 1195 1690 1237; x_wconf 90' lang='lat' dir='ltr'>elementis</span> 
     </span>
     <span class='ocr_line' id='line_1_16' title="bbox 179 1263 1689 1317; baseline -0.003 -9"><span class='ocrx_word' id='word_1_103' title='bbox 179 1267 376 1317; x_wconf 87' lang='lat' dir='ltr'>XXVIII,</span> <span class='ocrx_word' id='word_1_104' title='bbox 410 1265 646 1307; x_wconf 90' lang='lat' dir='ltr'>succedunt</span> <span class='ocrx_word' id='word_1_105' title='bbox 671 1269 759 1306; x_wconf 88' lang='lat' dir='ltr'>tres</span> <span class='ocrx_word' id='word_1_106' title='bbox 792 1265 1099 1306; x_wconf 89' lang='lat' dir='ltr'>elementorum</span> <span class='ocrx_word' id='word_1_107' title='bbox 1122 1264 1254 1314; x_wconf 87' lang='lat' dir='ltr'>XXX,</span> <span class='ocrx_word' id='word_1_108' title='bbox 1289 1264 1463 1314; x_wconf 84' lang='lat' dir='ltr'>XXXII,</span> <span class='ocrx_word' id='word_1_109' title='bbox 1497 1263 1689 1313; x_wconf 86' lang='lat' dir='ltr'>XXXIV,</span> 
     </span>
     <span class='ocr_line' id='line_1_17' title="bbox 177 1333 1686 1387; baseline -0.003 -11"><span class='ocrx_word' id='word_1_110' title='bbox 177 1334 303 1376; x_wconf 88' lang='lat' dir='ltr'>finem</span> <span class='ocrx_word' id='word_1_111' title='bbox 334 1334 499 1376; x_wconf 87' lang='lat' dir='ltr'>faciunt</span> <span class='ocrx_word' id='word_1_112' title='bbox 519 1334 668 1375; x_wconf 89' lang='lat' dir='ltr'>itidem</span> <span class='ocrx_word' id='word_1_113' title='bbox 690 1338 790 1384; x_wconf 90' lang='lat' dir='ltr'>tres,</span> <span class='ocrx_word' id='word_1_114' title='bbox 824 1347 900 1387; x_wconf 87' lang='lat' dir='ltr'>pro</span> <span class='ocrx_word' id='word_1_115' title='bbox 923 1347 966 1374; x_wconf 92' lang='lat' dir='ltr'>se</span> <span class='ocrx_word' id='word_1_116' title='bbox 990 1333 1171 1387; x_wconf 89' lang='lat' dir='ltr'>quisque</span> <span class='ocrx_word' id='word_1_117' title='bbox 1189 1333 1451 1374; x_wconf 88' lang='lat' dir='ltr'>tricenorum</span> <span class='ocrx_word' id='word_1_118' title='bbox 1474 1346 1686 1373; x_wconf 88' lang='lat' dir='ltr'>senorum.</span> 
     </span>
     <span class='ocr_line' id='line_1_18' title="bbox 178 1401 1690 1456; baseline -0.003 -11"><span class='ocrx_word' id='word_1_119' title='bbox 178 1429 232 1435; x_wconf 90' lang='lat'>—</span> <span class='ocrx_word' id='word_1_120' title='bbox 265 1403 488 1445; x_wconf 86' lang='lat' dir='ltr'>emendavi</span> <span class='ocrx_word' id='word_1_121' title='bbox 520 1403 762 1444; x_wconf 76' lang='lat' dir='ltr'>trimetrum</span> <span class='ocrx_word' id='word_1_122' title='bbox 793 1403 990 1453; x_wconf 88' lang='lat' dir='ltr'>tertium,</span> <span class='ocrx_word' id='word_1_123' title='bbox 1036 1402 1108 1456; x_wconf 89' lang='lat' dir='ltr'>qui</span> <span class='ocrx_word' id='word_1_124' title='bbox 1155 1416 1249 1443; x_wconf 89' lang='lat' dir='ltr'>cum</span> <span class='ocrx_word' id='word_1_125' title='bbox 1291 1401 1477 1443; x_wconf 87' lang='lat' dir='ltr'>ferretur</span> <span class='ocrx_word' id='word_1_126' title='bbox 1519 1401 1690 1442; x_wconf 90' lang='lat' dir='ltr'>omnino</span> 
     </span>
     <span class='ocr_line' id='line_1_19' title="bbox 179 1471 884 1526; baseline -0.004 -12"><span class='ocrx_word' id='word_1_127' title='bbox 179 1472 350 1526; x_wconf 89' lang='lat' dir='ltr'>ineptus</span> <span class='ocrx_word' id='word_1_128' title='bbox 382 1476 424 1513; x_wconf 91' lang='lat' dir='ltr'>et</span> <span class='ocrx_word' id='word_1_129' title='bbox 453 1471 731 1513; x_wconf 87' lang='lat' dir='ltr'>inconcinnus</span> <span class='ocrx_word' id='word_1_130' title='bbox 764 1471 884 1512; x_wconf 88' lang='lat' dir='ltr'>talis:</span> 
     </span>
    </p>
   </div>
   <div class='ocr_carea' id='block_1_3' title="bbox 385 1548 1663 1596">
    <p class='ocr_par' dir='ltr' id='par_1_5' title="bbox 385 1548 1663 1596">
     <span class='ocr_line' id='line_1_20' title="bbox 385 1548 1663 1596; baseline -0.002 -11"><span class='ocrx_word' id='word_1_131' title='bbox 385 1552 438 1586; x_wconf 86' lang='lat' dir='ltr'>sic</span> <span class='ocrx_word' id='word_1_132' title='bbox 468 1551 622 1596; x_wconf 82' lang='lat' dir='ltr'>pulchra</span> <span class='ocrx_word' id='word_1_133' title='bbox 652 1551 895 1585; x_wconf 81' lang='lat' dir='ltr'>sacratissima</span> <span class='ocrx_word' id='word_1_134' title='bbox 923 1550 1145 1594; x_wconf 85' lang='lat' dir='ltr'>(sacrissima</span> <span class='ocrx_word' id='word_1_135' title='bbox 1172 1550 1364 1593; x_wconf 76' lang='lat' dir='ltr'>Bernens.)</span> <span class='ocrx_word' id='word_1_136' title='bbox 1392 1561 1481 1594; x_wconf 82' lang='lat' dir='ltr'>gens</span> <span class='ocrx_word' id='word_1_137' title='bbox 1511 1548 1663 1583; x_wconf 87' lang='lat' dir='ltr'>Phoebo</span> 
     </span>
    </p>
   </div>
   <div class='ocr_carea' id='block_1_4' title="bbox 181 1607 1431 1696">
    <p class='ocr_par' dir='ltr' id='par_1_6' title="bbox 181 1607 1431 1696">
     <span class='ocr_line' id='line_1_21' title="bbox 1286 1607 1431 1650; baseline 0.007 -10"><span class='ocrx_word' id='word_1_138' title='bbox 1286 1607 1431 1650; x_wconf 86' lang='lat' dir='ltr'>decens,</span> 
     </span>
     <span class='ocr_line' id='line_1_22' title="bbox 181 1654 673 1696; baseline -0.002 0"><span class='ocrx_word' id='word_1_139' title='bbox 181 1655 244 1696; x_wconf 88' lang='lat' dir='ltr'>ita</span> <span class='ocrx_word' id='word_1_140' title='bbox 275 1658 368 1696; x_wconf 86' lang='lat' dir='ltr'>erat</span> <span class='ocrx_word' id='word_1_141' title='bbox 399 1654 651 1696; x_wconf 88' lang='lat' dir='ltr'>scribendus</span> <span class='ocrx_word' id='word_1_142' title='bbox 666 1670 673 1695; x_wconf 93' lang='lat'>:</span> 
     </span>
    </p>
   </div>
   <div class='ocr_carea' id='block_1_5' title="bbox 390 1732 1371 1778">
    <p class='ocr_par' dir='ltr' id='par_1_7' title="bbox 390 1732 1371 1778">
     <span class='ocr_line' id='line_1_23' title="bbox 390 1732 1371 1778; baseline -0.002 -10"><span class='ocrx_word' id='word_1_143' title='bbox 390 1735 441 1768; x_wconf 86' lang='lat' dir='ltr'>sic</span> <span class='ocrx_word' id='word_1_144' title='bbox 466 1733 620 1778; x_wconf 85' lang='lat' dir='ltr'>pulchra</span> <span class='ocrx_word' id='word_1_145' title='bbox 646 1745 749 1768; x_wconf 85' lang='lat' dir='ltr'>sacra</span> <span class='ocrx_word' id='word_1_146' title='bbox 774 1733 830 1767; x_wconf 84' lang='lat' dir='ltr'>dis</span> <span class='ocrx_word' id='word_1_147' title='bbox 858 1744 980 1778; x_wconf 82' lang='lat' dir='ltr'>agens,</span> <span class='ocrx_word' id='word_1_148' title='bbox 1007 1732 1200 1768; x_wconf 88' lang='lat' dir='ltr'>Phoebum</span> <span class='ocrx_word' id='word_1_149' title='bbox 1226 1733 1371 1767; x_wconf 84' lang='lat' dir='ltr'>decens.</span> 
     </span>
    </p>
   </div>
   <div class='ocr_carea' id='block_1_6' title="bbox 182 1800 1699 2962">
    <p class='ocr_par' dir='ltr' id='par_1_8' title="bbox 182 1800 1696 1983">
     <span class='ocr_line' id='line_1_24' title="bbox 298 1800 1696 1856; baseline -0.003 -11"><span class='ocrx_word' id='word_1_150' title='bbox 298 1806 354 1845; x_wconf 90' lang='lat' dir='ltr'>At</span> <span class='ocrx_word' id='word_1_151' title='bbox 383 1804 426 1844; x_wconf 91' lang='lat' dir='ltr'>in</span> <span class='ocrx_word' id='word_1_152' title='bbox 455 1803 614 1853; x_wconf 81' lang='lat' dir='ltr'>fistula,</span> <span class='ocrx_word' id='word_1_153' title='bbox 647 1803 761 1856; x_wconf 88' lang='lat' dir='ltr'>quod</span> <span class='ocrx_word' id='word_1_154' title='bbox 794 1807 856 1844; x_wconf 90' lang='lat' dir='ltr'>est</span> <span class='ocrx_word' id='word_1_155' title='bbox 890 1816 1061 1843; x_wconf 88' lang='lat' dir='ltr'>carmen</span> <span class='ocrx_word' id='word_1_156' title='bbox 1087 1816 1285 1844; x_wconf 87' lang='lat' dir='ltr'>versuum</span> <span class='ocrx_word' id='word_1_157' title='bbox 1308 1802 1580 1843; x_wconf 89' lang='lat' dir='ltr'>heroicorum</span> <span class='ocrx_word' id='word_1_158' title='bbox 1605 1800 1696 1851; x_wconf 70' lang='lat' dir='ltr'>XV,</span> 
     </span>
     <span class='ocr_line' id='line_1_25' title="bbox 182 1870 1689 1927; baseline -0.002 -13"><span class='ocrx_word' id='word_1_159' title='bbox 182 1887 259 1927; x_wconf 87' lang='lat' dir='ltr'>per</span> <span class='ocrx_word' id='word_1_160' title='bbox 291 1871 481 1926; x_wconf 87' lang='lat' dir='ltr'>singulas</span> <span class='ocrx_word' id='word_1_161' title='bbox 511 1872 681 1913; x_wconf 83' lang='lat' dir='ltr'>litteras</span> <span class='ocrx_word' id='word_1_162' title='bbox 713 1872 922 1913; x_wconf 87' lang='lat' dir='ltr'>adauctus</span> <span class='ocrx_word' id='word_1_163' title='bbox 944 1871 992 1912; x_wconf 89' lang='lat' dir='ltr'>fit</span> <span class='ocrx_word' id='word_1_164' title='bbox 1024 1871 1089 1912; x_wconf 84' lang='lat' dir='ltr'>vel</span> <span class='ocrx_word' id='word_1_165' title='bbox 1119 1871 1323 1912; x_wconf 90' lang='lat' dir='ltr'>defectus.</span> <span class='ocrx_word' id='word_1_166' title='bbox 1385 1870 1517 1912; x_wconf 88' lang='lat' dir='ltr'>habet</span> <span class='ocrx_word' id='word_1_167' title='bbox 1548 1873 1689 1911; x_wconf 86' lang='lat' dir='ltr'>autem</span> 
     </span>
     <span class='ocr_line' id='line_1_26' title="bbox 183 1940 606 1983; baseline -0.002 -1"><span class='ocrx_word' id='word_1_168' title='bbox 183 1942 382 1983; x_wconf 90' lang='lat' dir='ltr'>minimus</span> <span class='ocrx_word' id='word_1_169' title='bbox 414 1940 606 1981; x_wconf 89' lang='lat' dir='ltr'>XXVIII.</span> 
     </span>
    </p>

    <p class='ocr_par' dir='ltr' id='par_1_9' title="bbox 183 2006 1696 2406">
     <span class='ocr_line' id='line_1_27' title="bbox 299 2006 1695 2063; baseline -0.002 -13"><span class='ocrx_word' id='word_1_170' title='bbox 299 2009 459 2063; x_wconf 89' lang='lat' dir='ltr'>Organi</span> <span class='ocrx_word' id='word_1_171' title='bbox 490 2022 592 2062; x_wconf 88' lang='lat' dir='ltr'>pars</span> <span class='ocrx_word' id='word_1_172' title='bbox 624 2008 819 2062; x_wconf 88' lang='lat' dir='ltr'>superior</span> <span class='ocrx_word' id='word_1_173' title='bbox 843 2008 1001 2048; x_wconf 85' lang='lat' dir='ltr'>vicenis</span> <span class='ocrx_word' id='word_1_174' title='bbox 1033 2009 1146 2049; x_wconf 89' lang='lat' dir='ltr'>senis</span> <span class='ocrx_word' id='word_1_175' title='bbox 1173 2007 1436 2048; x_wconf 82' lang='lat' dir='ltr'>hexametris</span> <span class='ocrx_word' id='word_1_176' title='bbox 1459 2006 1695 2061; x_wconf 73' lang='lat' dir='ltr'>dactylicis,</span> 
     </span>
     <span class='ocr_line' id='line_1_28' title="bbox 184 2076 1695 2129; baseline -0.003 -10"><span class='ocrx_word' id='word_1_177' title='bbox 184 2077 361 2120; x_wconf 90' lang='lat' dir='ltr'>inferior</span> <span class='ocrx_word' id='word_1_178' title='bbox 382 2077 561 2119; x_wconf 89' lang='lat' dir='ltr'>totidem</span> <span class='ocrx_word' id='word_1_179' title='bbox 585 2077 777 2118; x_wconf 90' lang='lat' dir='ltr'>dimetris</span> <span class='ocrx_word' id='word_1_180' title='bbox 808 2076 1003 2118; x_wconf 85' lang='lat' dir='ltr'>iambicis</span> <span class='ocrx_word' id='word_1_181' title='bbox 1036 2076 1300 2117; x_wconf 89' lang='lat' dir='ltr'>catalecticis</span> <span class='ocrx_word' id='word_1_182' title='bbox 1333 2079 1514 2116; x_wconf 87' lang='lat' dir='ltr'>constat.</span> <span class='ocrx_word' id='word_1_183' title='bbox 1564 2088 1695 2129; x_wconf 88' lang='lat' dir='ltr'>porro</span> 
     </span>
     <span class='ocr_line' id='line_1_29' title="bbox 183 2143 1696 2199; baseline -0.003 -11"><span class='ocrx_word' id='word_1_184' title='bbox 183 2146 336 2188; x_wconf 91' lang='lat' dir='ltr'>horum</span> <span class='ocrx_word' id='word_1_185' title='bbox 369 2146 663 2199; x_wconf 87' lang='lat' dir='ltr'>unusquisque</span> <span class='ocrx_word' id='word_1_186' title='bbox 698 2145 1047 2186; x_wconf 87' lang='lat' dir='ltr'>elementorumst</span> <span class='ocrx_word' id='word_1_187' title='bbox 1079 2145 1239 2195; x_wconf 79' lang='lat' dir='ltr'>XVIII,</span> <span class='ocrx_word' id='word_1_188' title='bbox 1286 2143 1456 2185; x_wconf 89' lang='lat' dir='ltr'>illorum</span> <span class='ocrx_word' id='word_1_189' title='bbox 1497 2143 1696 2184; x_wconf 82' lang='lat' dir='ltr'>brevissi-</span> 
     </span>
     <span class='ocr_line' id='line_1_30' title="bbox 184 2213 1696 2266; baseline -0.003 -10"><span class='ocrx_word' id='word_1_190' title='bbox 184 2229 279 2256; x_wconf 91' lang='lat' dir='ltr'>mus</span> <span class='ocrx_word' id='word_1_191' title='bbox 311 2228 406 2256; x_wconf 91' lang='lat' dir='ltr'>cum</span> <span class='ocrx_word' id='word_1_192' title='bbox 436 2213 597 2255; x_wconf 89' lang='lat' dir='ltr'>habeat</span> <span class='ocrx_word' id='word_1_193' title='bbox 627 2214 757 2264; x_wconf 87' lang='lat' dir='ltr'>XXV,</span> <span class='ocrx_word' id='word_1_194' title='bbox 802 2214 933 2255; x_wconf 89' lang='lat' dir='ltr'>ceteri</span> <span class='ocrx_word' id='word_1_195' title='bbox 965 2214 1211 2255; x_wconf 89' lang='lat' dir='ltr'>increscunt</span> <span class='ocrx_word' id='word_1_196' title='bbox 1243 2213 1444 2266; x_wconf 87' lang='lat' dir='ltr'>singulis,</span> <span class='ocrx_word' id='word_1_197' title='bbox 1484 2213 1696 2253; x_wconf 85' lang='lat' dir='ltr'>maximus</span> 
     </span>
     <span class='ocr_line' id='line_1_31' title="bbox 185 2282 1696 2337; baseline -0.003 -12"><span class='ocrx_word' id='word_1_198' title='bbox 185 2287 234 2325; x_wconf 91' lang='lat' dir='ltr'>ut</span> <span class='ocrx_word' id='word_1_199' title='bbox 273 2283 464 2337; x_wconf 86' lang='lat' dir='ltr'>duplicet</span> <span class='ocrx_word' id='word_1_200' title='bbox 503 2297 727 2324; x_wconf 84' lang='lat' dir='ltr'>numerum</span> <span class='ocrx_word' id='word_1_201' title='bbox 770 2283 943 2323; x_wconf 89' lang='lat' dir='ltr'>minimi.</span> <span class='ocrx_word' id='word_1_202' title='bbox 1004 2282 1294 2336; x_wconf 86' lang='lat' dir='ltr'>interponitur</span> <span class='ocrx_word' id='word_1_203' title='bbox 1325 2284 1468 2322; x_wconf 86' lang='lat' dir='ltr'>autem</span> <span class='ocrx_word' id='word_1_204' title='bbox 1504 2294 1580 2334; x_wconf 87' lang='lat' dir='ltr'>per</span> <span class='ocrx_word' id='word_1_205' title='bbox 1611 2294 1696 2321; x_wconf 89' lang='lat' dir='ltr'>me-</span> 
     </span>
     <span class='ocr_line' id='line_1_32' title="bbox 187 2351 1045 2406; baseline -0.001 -13"><span class='ocrx_word' id='word_1_206' title='bbox 187 2352 300 2393; x_wconf 86' lang='lat' dir='ltr'>diam</span> <span class='ocrx_word' id='word_1_207' title='bbox 331 2355 499 2406; x_wconf 86' lang='lat' dir='ltr'>partem</span> <span class='ocrx_word' id='word_1_208' title='bbox 532 2365 708 2393; x_wconf 89' lang='lat' dir='ltr'>currens</span> <span class='ocrx_word' id='word_1_209' title='bbox 740 2365 911 2392; x_wconf 89' lang='lat' dir='ltr'>carmen</span> <span class='ocrx_word' id='word_1_210' title='bbox 944 2351 1045 2392; x_wconf 88' lang='lat' dir='ltr'>hoc:</span> 
     </span>
    </p>

    <p class='ocr_par' dir='ltr' id='par_1_10' title="bbox 188 2430 1263 2554">
     <span class='ocr_line' id='line_1_33' title="bbox 392 2430 1263 2476; baseline -0.002 -11"><span class='ocrx_word' id='word_1_211' title='bbox 392 2432 563 2476; x_wconf 85' lang='lat' dir='ltr'>Augusto</span> <span class='ocrx_word' id='word_1_212' title='bbox 590 2432 731 2466; x_wconf 82' lang='lat' dir='ltr'>victore</span> <span class='ocrx_word' id='word_1_213' title='bbox 758 2432 858 2465; x_wconf 82' lang='lat' dir='ltr'>iuvat</span> <span class='ocrx_word' id='word_1_214' title='bbox 885 2434 963 2464; x_wconf 84' lang='lat' dir='ltr'>rata</span> <span class='ocrx_word' id='word_1_215' title='bbox 988 2430 1142 2465; x_wconf 85' lang='lat' dir='ltr'>reddere</span> <span class='ocrx_word' id='word_1_216' title='bbox 1168 2434 1263 2464; x_wconf 88' lang='lat' dir='ltr'>vota.</span> 
     </span>
     <span class='ocr_line' id='line_1_34' title="bbox 188 2499 1102 2554; baseline -0.001 -13"><span class='ocrx_word' id='word_1_217' title='bbox 188 2500 303 2553; x_wconf 90' lang='lat' dir='ltr'>quod</span> <span class='ocrx_word' id='word_1_218' title='bbox 335 2500 458 2553; x_wconf 82' lang='lat' dir='ltr'>quasi</span> <span class='ocrx_word' id='word_1_219' title='bbox 487 2500 680 2554; x_wconf 88' lang='lat' dir='ltr'>regulam</span> <span class='ocrx_word' id='word_1_220' title='bbox 713 2499 864 2553; x_wconf 88' lang='lat' dir='ltr'>organi</span> <span class='ocrx_word' id='word_1_221' title='bbox 894 2499 1102 2552; x_wconf 86' lang='lat' dir='ltr'>designat.</span> 
     </span>
    </p>

    <p class='ocr_par' dir='ltr' id='par_1_11' title="bbox 188 2565 1699 2745">
     <span class='ocr_line' id='line_1_35' title="bbox 302 2565 1698 2622; baseline -0.002 -13"><span class='ocrx_word' id='word_1_222' title='bbox 302 2567 420 2609; x_wconf 92' lang='lat' dir='ltr'>Idem</span> <span class='ocrx_word' id='word_1_223' title='bbox 452 2567 672 2622; x_wconf 76' lang='lat' dir='ltr'>Porfyrius</span> <span class='ocrx_word' id='word_1_224' title='bbox 711 2568 821 2608; x_wconf 89' lang='lat' dir='ltr'>mira</span> <span class='ocrx_word' id='word_1_225' title='bbox 861 2566 1070 2608; x_wconf 83' lang='lat' dir='ltr'>facilitate</span> <span class='ocrx_word' id='word_1_226' title='bbox 1110 2567 1240 2608; x_wconf 85' lang='lat' dir='ltr'>variis</span> <span class='ocrx_word' id='word_1_227' title='bbox 1284 2565 1552 2606; x_wconf 87' lang='lat' dir='ltr'>anfractibus</span> <span class='ocrx_word' id='word_1_228' title='bbox 1584 2565 1698 2606; x_wconf 80' lang='lat' dir='ltr'>litte-</span> 
     </span>
     <span class='ocr_line' id='line_1_36' title="bbox 188 2633 1699 2686; baseline -0.003 -9"><span class='ocrx_word' id='word_1_229' title='bbox 188 2650 335 2677; x_wconf 90' lang='lat' dir='ltr'>rarum</span> <span class='ocrx_word' id='word_1_230' title='bbox 352 2649 453 2677; x_wconf 88' lang='lat' dir='ltr'>usus</span> <span class='ocrx_word' id='word_1_231' title='bbox 475 2636 519 2676; x_wconf 85' lang='lat' dir='ltr'>in</span> <span class='ocrx_word' id='word_1_232' title='bbox 542 2636 796 2686; x_wconf 88' lang='lat' dir='ltr'>acrosticha,</span> <span class='ocrx_word' id='word_1_233' title='bbox 822 2635 1060 2685; x_wconf 82' lang='lat' dir='ltr'>telesticba,</span> <span class='ocrx_word' id='word_1_234' title='bbox 1083 2634 1340 2676; x_wconf 86' lang='lat' dir='ltr'>mesosticha</span> <span class='ocrx_word' id='word_1_235' title='bbox 1362 2634 1532 2686; x_wconf 88' lang='lat' dir='ltr'>aliaque</span> <span class='ocrx_word' id='word_1_236' title='bbox 1553 2633 1699 2674; x_wconf 81' lang='lat' dir='ltr'>huius-</span> 
     </span>
     <span class='ocr_line' id='line_1_37' title="bbox 190 2703 365 2745; baseline -0.006 0"><span class='ocrx_word' id='word_1_237' title='bbox 190 2703 365 2745; x_wconf 91' lang='lat' dir='ltr'>cemodi.</span> 
     </span>
    </p>

    <p class='ocr_par' dir='ltr' id='par_1_12' title="bbox 190 2768 1699 2962">
     <span class='ocr_line' id='line_1_38' title="bbox 302 2768 1699 2828; baseline -0.002 -15"><span class='ocrx_word' id='word_1_238' title='bbox 302 2772 445 2813; x_wconf 90' lang='lat' dir='ltr'>Veluti</span> <span class='ocrx_word' id='word_1_239' title='bbox 474 2772 518 2812; x_wconf 90' lang='lat' dir='ltr'>in</span> <span class='ocrx_word' id='word_1_240' title='bbox 550 2771 755 2826; x_wconf 88' lang='lat' dir='ltr'>opusculo</span> <span class='ocrx_word' id='word_1_241' title='bbox 793 2770 894 2828; x_wconf 87' lang='lat'>[11],</span> <span class='ocrx_word' id='word_1_242' title='bbox 929 2771 1044 2824; x_wconf 90' lang='lat' dir='ltr'>quod</span> <span class='ocrx_word' id='word_1_243' title='bbox 1074 2771 1223 2825; x_wconf 87' lang='lat' dir='ltr'>incipit</span> <span class='ocrx_word' id='word_1_244' title='bbox 1259 2768 1405 2821; x_wconf 80' lang='lat' dir='ltr'>‘fortia</span> <span class='ocrx_word' id='word_1_245' title='bbox 1430 2774 1552 2821; x_wconf 77' lang='lat' dir='ltr'>facta</span> <span class='ocrx_word' id='word_1_246' title='bbox 1584 2773 1699 2811; x_wconf 76' lang='lat' dir='ltr'>(lucis</span> 
     </span>
     <span class='ocr_line' id='line_1_39' title="bbox 190 2837 1698 2893; baseline -0.003 -11"><span class='ocrx_word' id='word_1_247' title='bbox 190 2848 268 2882; x_wconf 85' lang='lat' dir='ltr'>toto</span> <span class='ocrx_word' id='word_1_248' title='bbox 300 2844 549 2882; x_wconf 68' lang='lat' dir='ltr'>dominantia</span> <span class='ocrx_word' id='word_1_249' title='bbox 581 2844 659 2882; x_wconf 74' lang='lat' dir='ltr'>iam</span> <span class='ocrx_word' id='word_1_250' title='bbox 690 2837 839 2889; x_wconf 76' lang='lat' dir='ltr'>nunc&#39;,</span> <span class='ocrx_word' id='word_1_251' title='bbox 871 2840 1028 2881; x_wconf 90' lang='lat' dir='ltr'>litteris</span> <span class='ocrx_word' id='word_1_252' title='bbox 1060 2840 1243 2893; x_wconf 86' lang='lat' dir='ltr'>primum</span> <span class='ocrx_word' id='word_1_253' title='bbox 1277 2842 1319 2879; x_wconf 89' lang='lat' dir='ltr'>et</span> <span class='ocrx_word' id='word_1_254' title='bbox 1350 2842 1552 2891; x_wconf 87' lang='lat' dir='ltr'>quartum</span> <span class='ocrx_word' id='word_1_255' title='bbox 1585 2837 1698 2878; x_wconf 81' lang='lat' dir='ltr'>deci-</span> 
     </span>
     <span class='ocr_line' id='line_1_40' title="bbox 190 2906 1697 2962; baseline -0.002 -12"><span class='ocrx_word' id='word_1_256' title='bbox 190 2924 303 2950; x_wconf 91' lang='lat' dir='ltr'>mum</span> <span class='ocrx_word' id='word_1_257' title='bbox 355 2914 484 2962; x_wconf 88' lang='lat' dir='ltr'>atquc</span> <span class='ocrx_word' id='word_1_258' title='bbox 526 2909 720 2949; x_wconf 88' lang='lat' dir='ltr'>ultimum</span> <span class='ocrx_word' id='word_1_259' title='bbox 765 2908 1057 2962; x_wconf 86' lang='lat' dir='ltr'>optinentibus</span> <span class='ocrx_word' id='word_1_260' title='bbox 1103 2908 1243 2948; x_wconf 89' lang='lat' dir='ltr'>locum</span> <span class='ocrx_word' id='word_1_261' title='bbox 1291 2907 1525 2948; x_wconf 85' lang='lat' dir='ltr'>decurrunt</span> <span class='ocrx_word' id='word_1_262' title='bbox 1569 2906 1697 2947; x_wconf 86' lang='lat' dir='ltr'>haec:</span> 
     </span>
    </p>
   </div>
  </div>
 </body>
</html>
