1898 3292
242 249 324 288 320
830 255 949 280 LIBER
969 255 1158 286 QVARTVS,

241 363 316 401 aut
347 357 679 411 monosyllabae,
710 361 758 398 ut
789 357 904 410 apud
936 357 1145 398 Lucilium
1181 358 1332 411 [XXX
1365 359 1460 413 48];

447 433 549 465 cuius
574 432 676 465 vultu
705 443 746 465 ac
774 432 866 465 facie
892 431 977 464 ludo
1006 443 1047 464 ac
1074 428 1297 465 sermonibu’
1325 433 1469 466 nostris.

240 511 262 538 e
285 496 441 550 quibus
463 495 582 549 prius
606 508 738 547 genus
759 494 959 535 licentiae
988 507 1071 534 non
1090 494 1309 535 dubiumst
1329 495 1432 535 mihi
1456 496 1557 548 quin
1580 496 1745 538 oriatur

240 568 439 618 correpta
469 566 648 616 propter
680 565 928 615 sequentem
961 562 1150 603 vocalem
1189 562 1470 616 diphthongo,
1514 578 1641 617 quam
1682 566 1745 606 in-

240 647 332 674 esse
378 632 463 673 illis
509 644 641 684 supra
680 631 888 681 indicavi,
936 631 1047 672 sicut
1083 631 1289 671 factumst
1327 632 1370 671 in
1412 640 1640 682 praeacuto
1680 634 1746 675 vel

235 704 489 752 praeeunde.
543 702 588 740 at
608 699 651 739 in
675 699 895 740 Luciliano
919 700 1113 752 exemplo
1138 699 1385 740 credibilest
1406 715 1431 741 u
1462 701 1744 754 posteriorem

239 769 350 820 elidi,
383 768 498 822 quod
529 768 728 809 firmatur
756 771 797 808 et
829 769 1052 821 scripturis
1085 771 1175 808 huis
1208 771 1249 808 et
1280 771 1522 810 cuicuimodi
1553 769 1743 823 [Lachm.

236 852 305 892 pg.
338 841 413 889 273
447 837 680 879 Corssenus
712 836 764 877 de
794 850 913 889 pron.
946 837 1019 877 lat.
1049 837 1106 886 II,
1142 836 1241 890 673]
1275 840 1317 877 et
1349 837 1536 878 redactis
1569 838 1624 878 ad
1654 842 1742 880 tres

236 906 424 961 syllabas
456 905 536 955 eis,
569 919 679 958 quae
714 908 812 945 sunt
843 908 957 952 eicio,
991 908 1132 946 deicio.
1194 919 1291 945 nam
1340 906 1382 945 in
1421 905 1486 946 his
1525 920 1660 959 usque
1690 908 1745 948 ad

236 974 418 1028 Augusti
449 977 619 1027 tempus
652 977 664 1013 ἱ
695 974 814 1026 prius
846 974 907 1014 sic
937 973 1071 1014 ferme
1097 969 1434 1027 pronuntiatum,
1469 974 1502 1015 si
1525 988 1607 1015 non
1631 976 1743 1028 vulgi

234 1058 326 1093 usu,
360 1046 475 1083 certe
499 1041 779 1091 eruditorum,
811 1046 859 1082 ut
881 1045 923 1082 et
946 1055 1133 1083 consona
1166 1045 1191 1090 ἱ,
1221 1056 1481 1095 quamquam
1506 1046 1742 1095 attenuata,

236 1116 279 1153 et
311 1110 469 1152 vocalis
500 1110 792 1161 exaudiretur,
826 1124 846 1150 e
878 1114 1023 1151 autem
1045 1115 1240 1151 maneret
1261 1111 1400 1164 longa.
1451 1116 1600 1153 contra
1632 1113 1742 1167 syni-

235 1180 319 1221 zesi
351 1180 469 1221 facta
500 1179 659 1220 vocalis
692 1178 863 1219 omnino
895 1178 1063 1220 videtur
1096 1179 1269 1227 omissa,
1310 1184 1346 1220 ec'
1386 1183 1529 1221 autem
1560 1181 1622 1222 ita
1652 1181 1741 1222 fere

233 1249 405 1299 elatum,
438 1252 486 1289 ut
516 1249 559 1289 in
589 1247 810 1302 disyllabis
842 1250 1014 1297 Pompei,
1048 1250 1182 1291 I'olzei,
1216 1247 1266 1288 de
1291 1248 1445 1301 quibus
1468 1263 1564 1290 mox
1588 1249 1739 1291 dicam.

234 1321 423 1358 ceterum
472 1315 668 1369 exempla
707 1316 932 1368 utriusque
983 1315 1183 1357 licentiae
1228 1317 1527 1369 pronominum
1572 1317 1742 1359 illorum

234 1399 454 1440 perpauca
486 1388 721 1438 suppetunt
752 1383 867 1438 apud
903 1384 1155 1438 dactylicos,
1199 1389 1241 1425 et
1283 1399 1333 1426 ex
1365 1389 1489 1439 parte
1526 1385 1652 1436 talia,
1694 1390 1743 1427 ut

233 1455 410 1496 dubium
439 1453 537 1504 fiat,
580 1457 725 1494 utrum
762 1452 912 1493 breves
946 1452 1055 1494 duae
1088 1454 1172 1494 sint
1202 1454 1370 1507 positae
1401 1468 1455 1495 an
1486 1468 1571 1495 una
1601 1455 1741 1508 longa.

232 1523 438 1564 memoria
479 1522 610 1575 igitur
647 1521 777 1575 digna
817 1536 867 1562 ex
906 1521 988 1562 hoc
1030 1535 1184 1575 genere
1227 1523 1427 1576 synizesis
1472 1523 1742 1576 potissimum

232 1592 351 1633 haec.
413 1591 522 1632 dixit
549 1590 776 1631 Lucretius
808 1590 857 1644 [1,
884 1590 982 1644 149]
1030 1589 1296 1642 ‘Jn‘mee'pe'um
1328 1595 1443 1632 euius
1474 1589 1610 1640 Ιιὶηε’;
1638 1592 1741 1634 item

232 1659 321 1716 [HL
344 1663 447 1711 8753
479 1658 548 1709 IV,
575 1659 723 1713 1264]:
756 1673 777 1699 6
809 1662 889 1700 rita
920 1673 964 1699 se
996 1663 1096 1700 lolli!
1117 1667 1154 1700 el
1177 1663 1294 1708 ee'ee'l;
1325 1663 1420 1701 elcit
1440 1664 1542 1701 enim
1564 1665 1741 1710 sulcarim

231 1728 334 1770 alibi
365 1732 510 1769 tamen
548 1728 611 1782 [ut
643 1727 695 1778 II,
727 1727 828 1781 951]
862 1727 975 1768 idem
1008 1732 1101 1769 eicit
1131 1728 1252 1782 ponit
1283 1728 1564 1783 trisyllabum.
1626 1729 1742 1782 apud

230 1797 478 1838 Ciceronem
508 1796 667 1849 legitur
692 1796 735 1836 in
759 1796 927 1837 Arateis
960 1796 1032 1850 [de
1055 1796 1169 1837 deor.
1192 1800 1278 1837 nat.
1302 1797 1352 1847 II,
1376 1801 1442 1842 42,
1468 1798 1588 1851 109];
1620 1806 1741 1848 atque

231 1869 318 1906 eius
350 1869 436 1916 ipse
473 1871 618 1906 manet.
682 1865 797 1905 circa
835 1864 947 1906 idem
990 1868 1157 1919 tempus
1200 1865 1392 1906 Catullus
1439 1865 1638 1907 adhibuit
1678 1865 1739 1907 di-

229 1933 441 1988 syllabum
474 1936 629 1974 Ramfcle
659 1933 702 1973 in
739 1933 1109 1987 hendecasyllabis
1150 1934 1234 1987 [4Ο,
1266 1933 1305 1987 1]
1348 1933 1429 1974 ita:
1473 1948 1670 1984 quaenam
1702 1942 1740 1974 le

228 2007 335 2044 mala
365 2016 488 2051 mens,
520 2005 671 2043 miselle
695 2004 860 2042 Ravlde.
914 2002 1029 2054 quod
1060 2016 1137 2056 per
1168 2016 1221 2043 αα
1252 2002 1616 2055 pronuntiandum
1639 2002 1739 2044 sub-

228 2074 372 2112 tracta
405 2074 417 2111 ῖ
447 2070 513 2111 vel
536 2071 608 2120 eis,
642 2083 752 2123 quae
782 2084 913 2123 supra
939 2070 1184 2120 memoravi,
1216 2070 1263 2110 fit
1294 2070 1520 2124 probabile
1553 2074 1595 2111 et
1623 2071 1737 2112 simi-

227 2140 326 2180 liter
360 2139 593 2180 contractis
635 2138 719 2179 illis
752 2143 999 2190 ncczcl'myzw,
1034 2143 1224 2187 naucula,
1256 2143 1504 2180 nauculatur
1535 2138 1736 2194 [Martial.

226 2208 298 2258 ΙΠ,
333 2211 398 2258 20,
423 2207 504 2263 2o],
536 2207 719 2260 denique
752 2206 1079 2248 narratiuncula
1111 2207 1327 2249 Ciceronis
1355 2206 1423 2263 [de
1446 2207 1571 2248 divin.
1595 2208 1646 2259 II,
1670 2212 1736 2258 40,

228 2275 318 2332 84],
362 2274 447 2329 qua
487 2275 698 2329 probatur
742 2274 855 2316 idem
895 2274 983 2316 fere
1024 2276 1215 2317 sonuisse
1253 2278 1438 2317 Cauneas
1480 2279 1522 2316 et
1560 2290 1657 2317 cave
1688 2290 1738 2317 ne

228 2358 309 2385 eas.
370 2357 500 2397 porro
533 2344 716 2396 Augusti
758 2346 901 2384 aetate
933 2344 1145 2397 Vergilius
1186 2344 1359 2398 scripsit
1391 2343 1499 2400 [buc.
1532 2347 1568 2395 3,
1602 2344 1669 2400 96]
1713 2359 1737 2385 α

221 2416 388 2464 flumine
419 2416 529 2453 reice
561 2416 765 2463 capellccs;
792 2414 883 2453 tum
918 2411 1124 2453 Horatius
1157 2411 1249 2467 [sat.
1275 2412 1305 2463 Ι,
1333 2415 1370 2463 6,
1394 2411 1461 2468 39]
1493 2415 1655 2453 deicere
1688 2417 1738 2454 de

226 2494 329 2522 saxo
360 2484 491 2529 cives;
522 2481 626 2521 item
657 2483 808 2521 auctor
838 2479 944 2521 Ciris
978 2478 1089 2536 [118]
1122 2484 1281 2521 reicere
1315 2479 1433 2534 (libri
1465 2484 1602 2522 dicere
1614 2496 1626 2529 ;
1662 2485 1736 2522 du-

226 2549 337 2602 cere)
385 2555 422 2589 et
461 2551 654 2589 indomita
699 2551 846 2589 vircecte
887 2553 1111 2602 retundere
1153 2551 1349 2597 Martem;
1399 2552 1616 2602 postremo
1662 2549 1735 2601 qui

226 2616 404 2670 elegiam
446 2616 688 2670 composuit
730 2616 785 2657 ad
827 2615 1072 2657 Messallam
1115 2615 1254 2672 [Verg.
1286 2616 1411 2658 catal.
1447 2620 1510 2668 11,
1545 2616 1611 2672 35]
1655 2631 1732 2658 non

224 2688 340 2726 cuius
373 2687 418 2726 ob
451 2690 626 2735 raptum.
689 2687 734 2725 at
776 2684 948 2725 hercule
982 2684 1144 2726 Seneca
1175 2698 1258 2726 non
1290 2684 1398 2726 dixit
1429 2699 1523 2726 cum
1556 2685 1733 2739 synizesi

216 2756 396 2803 proiciet
427 2751 661 2809 [Phoeniss.
688 2751 812 2808 426]:

431 2829 468 2860 et
492 2826 588 2860 inter
613 2826 710 2859 acies
738 2826 898 2870 proiciet
923 2830 1065 2870 raptam
1092 2827 1201 2869 duas;

225 2894 298 2935 sed
316 2898 363 2936 ut
385 2908 427 2935 es
440 2898 541 2945 proi
562 2897 772 2948 aequaret
795 2894 1022 2948 dactylum.
1053 2910 1103 2935 ac
1121 2895 1316 2936 similiter
1335 2895 1461 2936 Silius
1480 2894 1729 2951 [V111.‹;71]:

431 2975 648 3018 corporibus
674 2974 838 3017 struitur,
867 2975 1043 3017 reicitque
1071 2976 1245 3008 cadavera
1275 2975 1433 3009 sunnins:
