1898 3292
754 238 1030 271 PROHoEMn'M.
1598 240 1609 275 l
1623 240 1643 275 7

138 347 212 387 illa
243 347 356 387 omni
389 346 599 388 deformia
640 347 910 388 absurditate
950 348 1048 388 ilico
1080 351 1394 401 usurparentur
1434 349 1646 389 communi

141 429 232 455 usu.
277 428 356 455 nec
387 428 488 456 vero
519 414 602 455 hoc
633 414 887 468 ambigetur,
919 416 1004 455 iam
1037 418 1136 456 ante
1158 416 1333 456 tertium
1358 419 1645 469 quartumque

140 483 356 524 saeculum
402 486 445 523 et
476 483 637 524 Romae
676 487 718 524 et
748 483 885 536 magis
916 483 959 523 in
991 483 1223 536 provinciis
1257 484 1450 524 extitisse
1481 487 1645 537 poetas,

141 551 213 603 qui
244 550 381 592 isdem
411 551 523 602 fere,
563 551 720 604 quibus
760 555 911 605 postea
952 551 1195 603 christiani,
1237 552 1508 605 applicarent
1552 566 1645 593 sese

138 618 309 672 regulis.
379 633 560 672 quorum
604 619 777 673 quidem
819 620 935 673 quod
972 620 1120 661 tenuia
1157 620 1240 661 iam
1279 624 1429 661 extant
1464 621 1646 673 vestigia

139 688 310 728 minime
341 688 548 729 mirumst.
610 688 765 729 etenim
800 702 894 729 cum
926 691 992 729 tot
1023 688 1249 729 clarissimi
1292 692 1430 739 vates,
1471 688 1646 730 urbani-

138 760 229 797 tate
261 759 304 796 et
335 756 533 797 doctrina
566 756 860 797 florentissimi
893 760 934 797 et
956 757 1028 809 qni
1052 761 1272 798 aeternam
1296 757 1450 798 merito
1474 757 1646 810 scriptis

138 824 329 877 ipsorum
362 823 541 877 gloriam
565 828 803 877 sperarent,
835 824 905 865 vix
936 825 1153 865 nominum
1187 839 1361 866 suorum
1394 825 1647 878 reliquerint

138 893 359 943 notitiam,
402 906 502 933 num
550 896 749 933 auctores
799 893 959 946 plebeii
1006 896 1049 934 et
1098 893 1321 934 semidocti
1371 894 1468 947 plus
1518 907 1646 947 quam

138 961 380 1014 praesentis
423 961 631 1014 temporis
674 960 899 1002 desideriis
933 965 975 1002 et
1006 961 1284 1003 familiarium
1318 962 1490 1003 circulis
1523 962 1647 1003 satis-

139 1029 365 1070 facerent?

253 1097 363 1138 Nam
397 1101 439 1138 et
474 1101 574 1139 ante
603 1097 840 1139 Alexandri
873 1098 1018 1139 Severi
1064 1102 1270 1149 aetatem,
1312 1100 1385 1152 qui
1425 1103 1647 1140 notescere

139 1165 297 1207 vellent
323 1165 446 1206 libris
478 1165 643 1206 Latinis
675 1166 962 1219 alienigenae,
1006 1180 1078 1207 eos
1109 1167 1293 1220 primum
1327 1168 1515 1208 omnium
1549 1168 1647 1208 doc-

139 1235 298 1275 trinam
331 1233 644 1274 Graecanicam
683 1238 725 1275 et
766 1230 986 1288 propriam
1018 1236 1179 1276 Romae
1226 1235 1345 1276 urbis
1389 1236 1646 1289 elegantiam

139 1303 323 1344 lectione
344 1302 531 1356 plurima
553 1302 725 1355 assequi
748 1316 921 1344 necesse
944 1308 1039 1344 erat
1068 1329 1121 1332 —
1143 1303 1256 1344 unde
1281 1304 1417 1345 Varro
1442 1305 1648 1345 Atacinus

141 1386 298 1413 annum
330 1370 487 1412 aetatis
517 1384 648 1424 agens
681 1371 840 1412 XXXV
873 1386 968 1413 cum
999 1386 1166 1413 summa
1204 1372 1428 1425 diligentia
1458 1372 1648 1414 Graecas

139 1440 309 1481 litteras
339 1438 571 1494 perdidicit
602 1455 676 1480 —z
710 1439 901 1493 alioquin
932 1441 1196 1483 urbanorum
1227 1441 1447 1482 hominum
1479 1442 1568 1482 risu
1607 1445 1649 1483 et

144 1508 273 1549 celeri
304 1507 602 1550 obruebantur
633 1508 801 1550 oblivio.

257 1578 413 1618 Verum
445 1576 522 1617 ubi
554 1576 671 1618 orbis
701 1577 745 1617 in
788 1576 1081 1619 barbariemst
1121 1577 1334 1632 relapsus,
1377 1592 1457 1619 nec
1489 1579 1649 1619 Romae

145 1645 305 1686 mansit
335 1645 459 1686 sedes
488 1644 674 1698 imperii,
716 1645 802 1686 iam
842 1659 925 1686 non
951 1646 995 1686 in
1024 1646 1130 1687 artis
1161 1647 1320 1699 peritia
1351 1647 1488 1700 magis
1520 1660 1649 1700 quam

140 1714 184 1754 in
205 1714 298 1755 iure
321 1712 435 1754 civili
456 1713 789 1766 provincialium
813 1718 855 1755 et
871 1714 1121 1755 Italicorum
1145 1714 1432 1756 differentiam
1455 1715 1649 1768 optinere

141 1796 287 1823 verum
310 1785 415 1823 erat.
450 1795 472 1823 e
495 1781 650 1834 quibus
672 1781 714 1822 hi
737 1782 969 1836 plurimum
990 1783 1165 1836 pristini
1187 1783 1354 1824 decoris
1371 1783 1651 1837 perdiderant

142 1865 238 1892 cum
270 1850 377 1891 alias
406 1849 460 1891 ob
494 1863 647 1891 causas
668 1854 759 1891 tum
782 1850 897 1903 quod
918 1850 1085 1904 pridem
1109 1855 1202 1892 erat
1223 1851 1340 1893 facta
1363 1865 1511 1893 eorum
1532 1855 1650 1893 terra

142 1919 406 1961 advenarum
436 1918 541 1959 nihil
572 1919 791 1960 Romanae
824 1919 980 1960 indolis
1018 1920 1269 1961 habentium
1303 1919 1647 1961 conciliabulum.

142 1990 293 2029 contra
322 1986 385 2028 illi
416 2000 527 2040 quae
558 1990 716 2028 natura
748 1991 983 2040 negaverat
1013 2002 1094 2029 usu
1125 1992 1166 2029 et
1188 1988 1342 2039 studio,
1374 1988 1416 2028 in
1440 1991 1650 2041 quantum

140 2056 283 2110 potuit
309 2055 416 2106 fieri,
449 2054 531 2096 sibi
561 2059 836 2109 paraverant.
884 2056 947 2096 ita
979 2057 1193 2097 communi
1216 2056 1403 2097 omnium
1425 2056 1649 2097 mediocri-

142 2127 234 2165 tate
267 2124 355 2166 sive
385 2123 684 2165 imbecillitate
715 2127 888 2178 torpere
921 2137 1055 2178 genus
1086 2125 1298 2166 Latinum.
1359 2124 1472 2165 unde
1505 2124 1650 2177 digitis

143 2193 315 2246 saepius
347 2205 476 2245 quam
507 2192 685 2233 auribus
717 2192 933 2246 digessere
965 2207 1165 2235 numeros
1194 2193 1479 2246 scholicisque
1509 2193 1650 2247 plera-

144 2275 226 2314 que
256 2260 422 2313 legibus
455 2260 824 2302 administrarunt.

257 2328 352 2370 Tali
382 2342 483 2370 vero
511 2329 598 2369 iam
636 2328 752 2370 facto
793 2343 937 2371 rerum
969 2333 1085 2371 statu
1118 2329 1233 2382 quod
1264 2329 1391 2370 facile
1424 2329 1652 2383 occupavit

145 2396 315 2438 scholas
361 2396 589 2450 disciplina
639 2401 897 2449 metrorum,
949 2412 1078 2451 quam
1129 2399 1266 2439 secuti
1311 2402 1411 2438 sunt
1454 2397 1650 2451 plerique

142 2468 369 2519 poetarum
414 2465 574 2506 saeculi
613 2466 758 2518 quarti
809 2470 851 2507 et
900 2467 1244 2519 insequentium,
1295 2466 1391 2519 quis
1449 2466 1529 2506 erit
1580 2466 1653 2518 qui

143 2534 355 2574 miretur?
416 2547 523 2586 quos
569 2547 645 2575 cur
687 2534 1018 2576 christianorum
1056 2535 1226 2576 nomine
1256 2534 1534 2587 significarim
1566 2535 1650 2574 iam

145 2615 355 2655 exponam
394 2601 604 2656 suptilius.
665 2603 865 2644 nimirum
912 2603 1103 2644 homines
1145 2602 1370 2644 christiani
1414 2602 1494 2643 etsi
1536 2601 1652 2643 haud

144 2683 246 2711 sane
268 2672 368 2710 sunt
389 2671 610 2724 aspernati
633 2670 930 2722 eruditionem,
963 2675 1108 2712 tamen
1131 2675 1174 2712 et
1194 2671 1371 2712 minoris
1395 2684 1488 2711 eam
1510 2670 1652 2711 fecere

145 2751 275 2791 quam
305 2741 471 2779 veteres
504 2742 547 2779 et
576 2739 650 2779 uni
690 2742 1045 2792 optemperavere
1087 2739 1220 2780 ferme
1262 2739 1441 2792 placito,
1481 2738 1652 2779 alienis-

144 2806 251 2846 simo
284 2819 309 2847 a
347 2806 549 2857 classicis,
592 2820 717 2860 posse
765 2807 997 2860 aliquando
1039 2821 1143 2861 prae
1182 2821 1326 2848 rerum
1359 2806 1653 2860 magnitudine

144 2873 348 2927 loquendi
391 2878 528 2916 artem
573 2878 617 2915 et
662 2875 800 2929 legem
843 2876 1044 2917 carminis
1085 2875 1311 2917 contemni.
1379 2875 1492 2928 quod
1539 2875 1652 2929 apud

145 2942 384 2983 neotericos
416 2943 552 2995 magis
573 2943 796 2996 magisque
823 2957 907 2984 non
938 2945 1028 2985 sine
1058 2944 1244 2985 maximo
1274 2943 1428 2983 damno
1459 2944 1654 2996 poeticae

213 3022 244 3046 L.
263 3022 452 3053 Muelleri3
476 3022 520 3046 De
539 3030 560 3047 r.
579 3030 615 3046 m.
635 3030 662 3052 p,
683 3023 714 3046 L.
1359 3012 1380 3043 2
