1898 3292
274 180 354 220 196
862 188 984 216 1111311111
1001 189 1177 218 TERTIVS.

272 291 433 333 ordinis
463 291 608 345 podici
639 291 706 333 vel
736 292 969 334 interstitio
1003 306 1162 335 sensus.
1225 307 1407 347 quorum
1439 293 1525 335 dux
1557 297 1600 335 et
1631 297 1781 336 auctor

270 359 353 401 fuit
374 359 660 411 Hermannus,
694 361 766 413 qui
799 375 893 402 cum
924 362 1076 402 statuit
1106 362 1280 416 proprie
1310 365 1376 403 tot
1404 376 1605 404 caesuras
1629 362 1779 404 adesse

273 428 428 479 versui,
461 432 565 482 quot
597 429 682 470 sint
717 429 887 470 ordines
920 430 1037 484 [epit.
1062 430 1099 471 d.
1122 445 1174 471 m.
1197 431 1378 485 pg.17],
1414 431 1458 471 id
1487 430 1657 484 quidem
1689 431 1781 485 ipse

271 497 491 538 commode
533 498 790 551 temperavit
828 497 1025 540 addendo
1068 499 1161 554 [ib]
1193 499 1446 553 plerumque
1475 512 1560 540 non
1594 499 1779 540 cuiusvis

273 565 435 606 ordinis
466 565 646 615 metrici,
676 565 750 607 sed
780 566 923 618 unius,
956 567 1075 608 cuius
1106 567 1233 609 finem
1265 568 1498 621 praecipue
1531 568 1673 608 notari
1702 581 1782 621 par

271 634 338 684 sit,
369 634 714 675 terminationem
747 634 830 676 fine
863 636 1100 677 sententiae
1123 636 1189 677 vel
1210 635 1408 677 vocabuli
1430 635 1591 676 factam
1612 636 1781 677 nomine

271 716 477 744 caesurae
519 703 724 756 intellegi.
786 707 832 745 at
873 707 1018 745 tamen
1063 708 1105 745 et
1146 705 1237 758 ipse
1272 708 1313 745 et
1346 704 1481 745 secuti
1513 718 1608 745 eum
1639 704 1712 745 alii
1739 705 1781 744 in

270 770 522 812 hexametro
567 771 780 826 dactylico
829 772 1014 813 sedecim
1056 786 1139 813 non
1183 773 1321 813 minus
1362 776 1608 813 statuerunt
1644 772 1782 813 inesse

272 853 486 880 caesuras.
548 839 698 881 debuit
740 854 842 881 sane
887 839 1049 881 habere
1085 841 1163 882 hos
1206 841 1428 891 mirantes,
1474 840 1589 894 quod
1632 841 1676 881 in
1718 844 1783 881 tot

272 907 551 949 incisionibus
583 921 715 950 causa
748 922 799 949 ac
830 909 998 950 ratione
1038 909 1217 963 paribus
1250 902 1406 962 singuli
1437 923 1585 950 versus
1614 913 1781 951 tantum

270 990 356 1017 una
401 980 576 1029 egerent
616 980 692 1018 aut
737 977 927 1028 duabus,
967 982 1137 1019 ceterae
1176 991 1253 1031 pro
1293 978 1473 1019 arbitrio
1514 978 1600 1019 sive
1643 979 1782 1019 omitti

269 1048 447 1099 possent
469 1058 545 1086 seu
577 1046 747 1086 mutari.
801 1060 1062 1099 quamquam
1094 1046 1138 1087 id
1168 1047 1231 1087 ita
1259 1046 1491 1087 declinavit
1512 1047 1783 1088 Hermannus

274 1113 414 1168 [elem.
443 1113 480 1155 d.
507 1128 560 1155 m.
590 1117 669 1155 336
694 1115 799 1169 sq.],
840 1118 889 1155 ut
930 1115 1119 1156 Lucretii
1160 1115 1412 1156 hexametro
1454 1115 1536 1157 hoc
1579 1114 1651 1156 ‘an
1691 1130 1782 1157 con-

271 1186 416 1223 tractis
462 1186 501 1223 in
545 1197 590 1224 se
631 1186 826 1233 partibas
872 1183 1150 1224 obbruteseat’
1206 1187 1305 1237 post
1355 1183 1564 1238 syllabam
1614 1198 1783 1234 nonam,

271 1250 443 1291 Horatii
481 1251 559 1292 tali
600 1251 675 1306 [ib.
710 1252 810 1306 339]
855 1250 952 1292 ‘non
997 1255 1125 1303 qzce'm's
1157 1255 1265 1293 videt
1307 1256 1557 1294 inmodulata
1590 1260 1783 1303 poemata

271 1317 419 1360 iudea-²
461 1323 560 1373 post
590 1323 793 1373 quartum
824 1319 1075 1361 trochaeum
1108 1320 1261 1362 haberi
1292 1324 1503 1362 statueret
1533 1321 1782 1362 incisionem

271 1387 520 1441 legitimam.
583 1402 660 1441 ego
693 1402 793 1429 vero
823 1389 865 1429 in
895 1392 1032 1430 metro
1061 1389 1156 1439 isto,
1188 1389 1270 1430 nisi
1300 1389 1413 1430 adsit
1449 1403 1629 1430 caesura
1667 1390 1783 1430 intra

268 1456 442 1497 tertiam
475 1460 762 1510 quartamque
794 1457 930 1507 arsin,
976 1456 1135 1498 nullam
1177 1459 1346 1498 omnino
1391 1471 1576 1511 agnosco
1618 1462 1778 1499 rectam

268 1524 363 1565 fieri
394 1525 713 1566 distinctionem
744 1539 939 1579 negoque
970 1525 1178 1567 interesse
1211 1525 1266 1567 ad
1309 1526 1418 1568 hanc
1460 1540 1568 1577 rem,
1612 1530 1782 1568 ceterae

272 1607 417 1636 versus
449 1597 597 1648 partes
630 1608 713 1647 quo
747 1594 831 1635 sint
861 1594 987 1635 modo
1020 1594 1193 1636 divisae.

386 1662 470 1704 Sed
500 1676 584 1703 non
616 1662 757 1704 minus
788 1662 921 1704 falsos
953 1662 1081 1704 credo
1123 1676 1211 1714 eos,
1256 1663 1328 1716 qui
1361 1677 1510 1704 sensus
1543 1663 1779 1705 clausulam

270 1745 365 1772 cum
408 1745 589 1773 caesura
622 1731 894 1772 coniunctam
928 1745 1002 1772 seu
1047 1732 1292 1784 contiguam
1336 1745 1428 1773 esse
1460 1735 1659 1786 oportere
1695 1732 1781 1774 exi-

270 1800 511 1841 stimarunt.
574 1813 757 1853 quorum
791 1801 1047 1842 sententiam
1079 1804 1229 1855 aperte
1261 1801 1390 1842 etiam
1421 1801 1643 1855 amplexus
1674 1801 1778 1842 Her-

269 1882 449 1910 mannus
480 1868 522 1909 in
555 1869 784 1910 Homerico
816 1868 889 1910 illo
920 1869 989 1923 [el.
1018 1869 1055 1910 d.
1083 1884 1135 1910 m.
1164 1870 1259 1924 33]:

522 1937 646 1989 πόντῳ
671 1940 738 1985 μὲν
764 1940 808 1975 τά
836 1943 965 1985 πρῶτα
988 1938 1217 1986 κορύσσεται,
1245 1939 1363 1986 αὐτὰρ
1393 1941 1517 1977 ἔπειτα

271 2005 504 2047 affirmavit
545 2019 629 2047 non
674 2019 766 2047 esse
810 2005 1155 2059 distinguendum
1199 2010 1298 2060 post
1338 2012 1512 2061 πρᾶτα,
1564 2007 1639 2048 sed
1683 2011 1782 2061 post

268 2073 550 2129 κορύσσεται,
602 2073 761 2115 additis
807 2074 1001 2128 quidem,
1049 2075 1201 2128 nequis
1245 2075 1483 2127 dubitaret,
1531 2075 1597 2116 his
1639 2076 1781 2117 verbis

261 2141 369 2197 ‘cam
403 2147 544 2194 potior
572 2146 624 2184 sit
655 2146 775 2184 totins
817 2147 1014 2185 orationis
1057 2158 1175 2194 quam
1217 2147 1338 2185 unias
1383 2147 1556 2185 alicuius
1598 2147 1781 2185 vocabuli

263 2215 372 2261 finiS,
405 2215 463 2253 eis
494 2215 533 2252 iu
566 2214 763 2261 versibus,
796 2215 837 2252 in
870 2215 1013 2262 quibus
1037 2215 1191 2253 utrovis
1222 2216 1336 2253 modo
1369 2216 1496 2254 incidi
1524 2220 1669 2264 potest,
1701 2227 1778 2254 non

269 2293 321 2320 ea·
364 2282 566 2331 vocabuli,
607 2284 682 2322 sed
721 2294 773 2321 ex
805 2283 1002 2321 orationis
1041 2286 1124 2330 line
1152 2284 1391 2322 aestimata)-
1423 2279 1636 2323 caesar-a'.
1699 2281 1780 2322 hoc

269 2351 413 2389 autem
446 2348 481 2389 si
511 2352 629 2390 recte
660 2348 812 2399 habet,
853 2349 925 2402 qui
968 2348 1193 2400 factumst,
1234 2353 1282 2390 ut
1324 2349 1601 2403 displicerent
1640 2351 1779 2404 poetis

268 2416 509 2458 hexametri
549 2417 659 2458 tales
699 2417 773 2470 qui
815 2417 951 2458 solani
991 2417 1204 2458 haberent
1246 2417 1495 2459 incisionem
1526 2418 1779 2469 bucolicam,

267 2484 384 2526 haud
415 2484 544 2526 dubie
576 2499 672 2526 cum
705 2489 888 2536 constet,
919 2485 1170 2539 principalis
1202 2499 1382 2528 caesura
1414 2486 1449 2528 si
1477 2486 1591 2527 adsit
1622 2488 1778 2538 versui,

269 2553 408 2594 omitti
436 2566 561 2607 posse
592 2553 806 2594 relicuas?
857 2553 988 2607 igitur
1027 2558 1075 2595 ut
1105 2554 1191 2595 iam
1223 2558 1454 2608 appareat,
1500 2555 1670 2608 qualem
1702 2569 1779 2596 1105

269 2635 474 2663 caesurae
508 2625 551 2663 et
581 2625 822 2662 ceterarum
864 2635 1026 2672 rerum,
1069 2636 1179 2675 quae
1219 2622 1300 2663 hoc
1340 2622 1451 2664 libro
1484 2623 1779 2677 expedientur,

269 2690 410 2731 animo
442 2689 813 2731 informaverimus
844 2690 1046 2743 speciem,
1088 2694 1221 2744 utque
1260 2691 1448 2732 vitentur
1479 2691 1682 2745 ambigua
1712 2692 1779 2732 vel

268 2758 396 2809 falsa,
429 2762 570 2800 certas
602 2758 812 2812 quasdam
844 2757 1057 2800 finitiones
1088 2759 1253 2813 placuit
1282 2760 1514 2813 praemitti.

383 2827 583 2868 Versus
615 2830 696 2868 est
727 2826 858 2868 ordo
890 2828 1152 2869 metricus
1183 2828 1412 2882 paribus
1442 2828 1652 2870 interse
1686 2842 1778 2870 seu

269 2894 506 2936 diversis
539 2898 799 2937 constans
831 2896 1089 2947 numeris,
1122 2896 1208 2938 sed
1241 2896 1335 2939 sub
1369 2900 1524 2938 certa
1555 2897 1777 2951 euryth-
