1898 3292
972 827 1077 878 IX.

697 956 801 1007 (11)
819 957 862 1007 V
882 956 915 1008 S
940 956 978 1003 (Τ
1000 957 1042 1007 V
1063 957 1160 1008 LV
1181 957 1226 1008 M
1276 958 1316 1008 1.

452 1183 524 1223 DE
561 1181 833 1222 VERsIBvs
866 1181 1301 1222 DACTYLICORVM
1334 1181 1579 1222 ITALICIS.

373 1287 419 1325 111
449 1285 530 1325 1106
563 1284 768 1338 opusculo
801 1284 925 1337 plura
959 1288 1056 1325 sunt
1094 1288 1259 1325 mutata
1289 1298 1417 1337 quam
1449 1284 1492 1325 111
1525 1284 1611 1325 ulla
1642 1288 1766 1337 parte

259 1355 459 1395 editionis
482 1354 648 1407 prioris,
681 1353 753 1394 sed
786 1353 925 1394 minus
948 1357 1096 1394 nostra
1120 1353 1245 1407 culpa
1269 1367 1397 1406 quain
1420 1353 1571 1394 aliena.
1619 1357 1766 1394 tantae

257 1424 366 1464 enim
410 1423 605 1463 obiectae
649 1426 773 1463 erant
814 1422 857 1462 in
902 1422 1085 1463 materia
1122 1422 1449 1463 intricatissima
1490 1421 1767 1463 difficultates

259 1492 493 1537 Gerlachii,
527 1490 725 1541 Vahleni,
758 1490 911 1532 Kochii
944 1490 1211 1544 aliorumque
1250 1491 1434 1541 incuria,
1477 1494 1524 1532 ut
1562 1504 1645 1531 non
1686 1490 1767 1531 nisi

258 1564 355 1615 post
378 1560 514 1609 Ennii,
548 1559 712 1609 Lucilii,
746 1559 871 1599 Nonii
904 1558 1036 1599 libros
1068 1558 1205 1600 editos
1235 1573 1259 1599 a
1292 1559 1414 1601 nobis
1445 1562 1538 1600 tuto
1572 1559 1676 1600 satis
1699 1573 1767 1599 res

256 1632 404 1683 posset
425 1628 616 1669 tractari.
668 1628 800 1681 igitur
832 1630 879 1668 ut
909 1627 1079 1668 inversa
1110 1627 1255 1677 multa,
1287 1628 1349 1668 ita
1379 1627 1587 1680 pleraque
1616 1626 1767 1676 recisa,

258 1698 416 1751 quippe
445 1711 555 1751 quae
597 1698 701 1738 satis
739 1701 881 1738 essent
914 1697 1146 1750 explanata
1177 1696 1498 1738 recensionibus
1529 1699 1767 1746 auctorum,

258 1780 364 1819 quos
399 1765 497 1806 dixi.
558 1765 739 1806 inultum
777 1765 905 1806 etiam
938 1764 1137 1818 profuere
1172 1764 1356 1806 Phaedri
1389 1764 1454 1805 bis
1484 1768 1583 1818 post
1611 1778 1766 1805 annum

261 1838 365 1876 1861
401 1834 648 1887 recognitae
681 1848 705 1874 a
736 1833 858 1874 nobis
890 1833 1075 1874 fabulae.

373 1902 699 1943 Italicorum
740 1902 950 1943 nomine
992 1915 1242 1942 versuum
1284 1915 1343 1942 ea
1384 1901 1768 1955 significamus

260 1974 451 2021 metra,
497 1985 632 2024 quae
676 1985 787 2011 611111
826 1984 851 2011 a
884 1970 1111 2012 Graecis
1150 1969 1292 2011 haud
1333 1969 1496 2010 dubie
1535 1971 1645 2011 sint
1676 1969 1767 2011 ad-

261 2043 494 2093 sumpta,
526 2044 703 2081 tamen
735 2039 961 2093 propria
995 2038 1244 2092 quadam,
1288 2039 1435 2079 circa
1465 2038 1630 2092 pedes
1665 2053 1769 2079 ma-

259 2109 418 2159 xime,
464 2122 523 2149 ac
558 2108 727 2149 simili
769 2107 1008 2148 saturnii
1041 2121 1231 2148 versus
1262 2107 1533 2148 libertate
1565 2111 1767 2161 tempe-

261 2181 466 2218 rantur.
539 2176 621 2217 his
662 2179 889 2230 praeter
932 2175 1240 2217 sotadicum
1279 2190 1449 2228 usque
1496 2175 1558 2216 ad
1606 2175 1770 2216 finem

260 2245 473 2286 liberae
517 2245 600 2285 rei
650 2244 909 2298 publicae
963 2244 1137 2285 libere
1191 2244 1278 2285 usi
1335 2259 1434 2285 sun
1451 2248 1468 2285 t
1512 2245 1769 2285 scaenici.

261 2313 459 2366 quibus
508 2327 601 2354 nos
643 2313 861 2353 omissis
904 2312 1305 2367 dactyliccrum
1348 2312 1516 2353 solum
1561 2312 1769 2354 talibus

261 2382 519 2423 numeris
563 2382 911 2434 conscripta
955 2382 1348 2434 respiciemus
1392 2382 1672 2431 carmina,
1717 2385 1769 2423 et

260 2452 444 2504 primo
490 2450 719 2504 quidem
765 2450 895 2491 1060
938 2450 1132 2501 Ε111111,
1176 2450 1421 2500 Lucilii,
1466 2450 1768 2499 Varronis,

260 2519 519 2568 Phaedri,
563 2518 795 2560 subinde
828 2519 1000 2568 Accii,
1045 2518 1244 2568 Licini,
1288 2518 1549 2560 Volcacii.
1612 2518 1770 2559 Ennii

261 2591 450 2628 autem
483 2587 510 2628 S
527 2587 720 2628 aturis
769 2587 942 2628 etiam
982 2587 1253 2628 didactici
1294 2587 1428 2628 libri
1473 2586 1768 2640 adscripti,

261 2670 485 2710 quarum
524 2655 649 2697 011111
688 2655 950 2696 effecisse
982 2655 1241 2696 videntur
1269 2659 1491 2709 partem.

376 2726 528 2777 Itaque
570 2738 663 2765 cum
709 2724 869 2765 Ennius
911 2728 953 2764 et
993 2724 1266 2777 insequentes
1305 2737 1384 2778 pro
1423 2724 1643 2777 paucitate
1683 2737 1769 2764 me-

260 2798 424 2834 trorum
437 2827 445 2843 ,
488 2807 570 2845 qua
607 2792 928 2845 antiquissimos
962 2806 983 2832 e
1016 2792 1239 2846 dactylicis
1273 2795 1495 2833 contentos
1527 2792 1658 2832 fuisse
1692 2791 1717 2832 l.
1751 2791 1769 2831 Ι

261 2861 664 2909 demonstratumst,
711 2874 794 2901 non
842 2860 1141 2901 adhibuissent
1184 2861 1265 2901 nisi
1312 2860 1502 2901 senarios
1548 2858 1768 2908 iambicos,

262 2929 528 2990 septenarios
579 2928 844 2979 trochaicos,
903 2929 1127 2979 sotadeos,
1179 2929 1316 2971 Varro
1367 2942 1445 2985 pro
1495 2926 1768 2969 multitudine
