1898 3292
249 197 327 236 552
863 205 1099 231 orvscvnvu
1121 205 1141 230 1.

248 312 398 349 contra
431 322 512 347 non
546 308 630 347 iam
666 308 863 348 existimo
895 308 1006 348 idem
1037 307 1268 349 admissum
1303 323 1328 348 a
1356 308 1559 349 Cicerone
1590 309 1632 348 in
1664 324 1756 349 ver-

247 377 364 418 sibus
405 377 597 429 tragicis,
646 391 751 430 quos
794 391 843 418 ex
887 376 1098 430 Sophocle
1149 377 1371 419 transtulit
1424 378 1595 432 [tuscul.
1628 379 1685 429 ΙΙ,
1718 383 1755 430 9,

248 448 322 497 213
354 445 449 499 22]:
1644 451 1646 453 ’

431 536 554 569 perge,
581 525 684 568 aude,
710 528 803 559 nate.
853 525 1031 559 illacrima
1051 525 1177 568 patri-s
1203 525 1379 569 pestibus.

430 582 631 625 tricipitem
656 582 784 616 eduxit
809 582 930 626 hydra
954 584 1170 626 generatum
1198 594 1336 616 canem.

248 676 344 702 nam
367 662 510 714 priore
533 661 626 703 loco
648 666 792 715 potest
824 662 952 703 scribi
975 666 1154 712 patrii&
1185 666 1319 713 hydra
1350 666 1495 703 autem
1516 678 1615 704 num
1638 663 1758 705 brevi

249 730 304 770 sit
334 730 476 783 priore
507 730 696 771 dubium.
759 734 800 771 et
831 730 1036 784 produxit
1067 731 1169 771 item
1203 731 1340 771 Varro
1374 730 1596 785 [Meleagr.
1632 733 1695 786 7]:

293 820 386 854 adde
411 815 565 865 hydram
591 821 794 856 Lernaeam
820 824 857 855 ct
882 821 1080 855 draconem
1103 821 1363 865 Hesperidum,
1390 825 1573 866 quotquot
1596 823 1735 857 bestiae

294 878 442 912 fuerunt
466 878 639 912 inmanes

247 971 345 997 nam
379 957 487 998 haec
518 961 655 999 metro
688 958 914 1007 contineri,
959 972 1219 1011 quamquam
1258 958 1379 1000 libris
1415 959 1622 1001 traditum
1653 960 1760 1001 illud

249 1032 355 1075 quot,
389 1029 431 1066 et
461 1026 694 1080 asyndetae
726 1027 933 1067 orationis
965 1027 1110 1080 vigore
1142 1027 1353 1080 probatur
1385 1032 1428 1068 et
1458 1042 1509 1068 ea
1543 1042 1607 1078 re,
1646 1028 1760 1081 quod

250 1096 438 1134 Lernaea
467 1098 601 1145 hydra
633 1094 765 1143 dicta,
806 1109 889 1136 non
922 1098 1101 1144 Lernae,
1143 1110 1239 1136 cum
1280 1100 1488 1149 sequatur
1523 1101 1650 1138 draco
1682 1100 1758 1137 He-

247 1165 468 1212 speridum.

364 1231 419 1271 At
443 1230 686 1272 Phaedrum
710 1232 889 1273 eandem
923 1246 1051 1285 quam
1083 1232 1316 1286 dactylicos
1348 1247 1540 1274 normam
1572 1234 1760 1275 tenuisse

248 1300 333 1339 iam
366 1303 638 1353 perspectum
673 1314 698 1340 a
720 1300 937 1354 Langenio
967 1301 1010 1355 [l.
1034 1315 1086 1341 m.
1111 1301 1223 1355 207}
1284 1301 1396 1342 idem
1430 1306 1572 1343 tamen
1603 1303 1646 1342 in
1678 1303 1761 1344 fine

249 1367 368 1408 verbi
408 1368 633 1421 positionis
675 1369 813 1422 legem
852 1369 1041 1423 neglexit
1080 1371 1122 1410 in
1163 1369 1229 1411 his
1272 1370 1368 1425 [HL
1402 1374 1438 1421 3,
1476 1374 1546 1422 143
1578 1371 1760 1425 append.

250 1440 287 1486 9,
325 1436 415 1490 12]:

432 1526 604 1572 Aesopus
629 1528 682 1562 ibi
708 1531 817 1572 stans,
844 1529 941 1563 naris
967 1532 1159 1564 emunctae
1186 1541 1307 1564 senex,

432 1584 521 1619 licet
545 1585 718 1620 horreum
746 1589 921 1630 patescat,
948 1596 1009 1630 690
1035 1587 1198 1631 scalpam
1222 1590 1355 1621 tamen.

250 1665 365 1718 apud
399 1664 607 1706 Lucilium
650 1666 807 1706 similia
845 1680 928 1706 uon
960 1666 1245 1708 inveniuntur.
1307 1667 1382 1708 sed
1415 1682 1525 1721 quae
1556 1668 1598 1708 in
1630 1667 1760 1709 hexa-

252 1737 412 1774 metros
436 1733 671 1788 dactylicos
695 1733 880 1784 admisit,
904 1748 979 1775 cur
1002 1734 1056 1775 ab
1079 1735 1233 1776 iambis
1255 1735 1557 1790 trochaeisque
1580 1740 1760 1788 arceret,

249 1801 367 1842 nulla
407 1801 489 1842 fuit
529 1816 671 1843 causa.
734 1803 849 1856 apud
881 1804 1117 1844 Varronem
1157 1803 1271 1857 quod
1302 1803 1553 1846 traditumst
1583 1806 1626 1846 in
1659 1819 1760 1846 ana-

250 1870 439 1924 paestico
471 1873 608 1911 metro
646 1870 840 1925 [Eumen.
873 1872 969 1925 46]:

433 1962 544 1996 tertia
569 1961 776 1996 Poenarum
801 1962 964 1997 Insania
989 1963 1162 2007 (infamia,
1188 1963 1323 1998 insama
1347 1963 1441 2008 cdd.)
1468 1967 1577 2008 stans,

249 2045 348 2094 post
377 2040 485 2082 illud
515 2045 687 2083 Insania
728 2043 940 2096 quaedam
982 2043 1139 2085 hausta
1169 2044 1303 2085 videri
1342 2045 1386 2085 in
1418 2044 1603 2086 editione
1636 2045 1761 2086 Nonii

251 2109 595 2162 significavimus.
658 2125 757 2152 nam
801 2115 843 2152 et
875 2111 1074 2165 displicet
1103 2112 1443 2168 monosyllabum
1474 2113 1760 2167 praecedente

249 2178 478 2232 plusquam
510 2179 804 2233 monosyllabo
835 2181 1023 2233 positum
1054 2181 1097 2222 in
1128 2180 1210 2222 fine
1243 2195 1401 2223 versus.

366 2248 421 2287 At
465 2247 538 2300 qui
580 2247 623 2288 in
662 2248 852 2289 numeris
898 2249 1055 2290 italicis
1101 2250 1324 2302 positionis
1369 2250 1462 2291 iure
1507 2250 1761 2304 produxerit

250 2315 420 2356 finalem
457 2314 632 2356 brevem
663 2316 941 2369 sequentibus
974 2318 1170 2358 consonis
1205 2317 1375 2360 duabus
1406 2332 1490 2359 non
1520 2319 1701 2360 invenio.

363 2384 558 2437 Denique
603 2384 907 2437 productiones
947 2385 1138 2427 finalium
1180 2387 1267 2427 sive
1306 2387 1415 2428 arsis
1447 2401 1522 2428 seu
1554 2401 1759 2429 caesurae

250 2452 289 2492 vi
321 2451 388 2493 vel
419 2456 623 2505 sequente
654 2454 823 2494 nomine
855 2454 1030 2507 proprio
1063 2454 1149 2495 sive
1183 2455 1350 2496 Graeco
1389 2455 1569 2496 effectae
1605 2455 1758 2498 nullae.

249 2534 348 2561 nam
385 2520 428 2560 in
460 2521 730 2574 Protreptico
762 2522 887 2562 Ennii
925 2521 1031 2563 illud
1072 2526 1179 2564 videt
1221 2537 1315 2564 cum
1358 2527 1518 2577 aequat
1555 2523 1758 2575 iambum,

248 2593 439 2630 notumst
469 2589 596 2630 huius
626 2593 821 2643 tempore
852 2590 1002 2632 finales
1039 2591 1081 2631 in
1121 2599 1174 2640 at,
1208 2599 1258 2640 et,
1287 2596 1317 2632 ἱῑ
1358 2596 1574 2643 exeuntes,
1618 2593 1653 2634 si
1694 2606 1757 2634 se-

250 2657 390 2697 cunda
435 2657 749 2710 produceretur
794 2672 996 2711 persona,
1050 2659 1303 2713 plerumque
1353 2661 1481 2712 longa
1525 2665 1757 2714 usurpatas

249 2724 397 2765 vocali.
460 2726 574 2778 quod
614 2726 658 2766 in
697 2726 967 2767 Flaxtabulis
996 2727 1201 2768 Varronis
1237 2727 1395 2781 legitur
1434 2728 1518 2782 [3]:
1561 2736 1682 2779 atque
1721 2732 1757 2769 si

249 2797 415 2841 addam,
464 2798 628 2843 qumetec'
667 2798 951 2835 misericordia
991 2809 1080 2836 mea
1121 2798 1339 2836 heredibus
1378 2800 1475 2837 meis
1515 2803 1613 2845 stet,
1663 2804 1758 2847 quot

248 2864 415 2901 miseros
446 2864 747 2911 sublemwerc‘m,
780 2867 959 2916 possunt
987 2863 1159 2917 quidem
1195 2878 1247 2904 ex
1278 2864 1394 2905 hisce
1417 2865 1627 2906 octonarii
1660 2865 1755 2906 elici
