1898 3292
718 245 837 270 LIBER
857 245 1045 276 QVARTvs.
1554 239 1575 274 2
1583 239 1606 275 8
1613 240 1634 275 5

129 349 356 390 stimentur
398 361 480 388 non
527 347 746 401 prohibeo
815 347 922 388 haec
969 362 1063 389 cum
1110 348 1172 388 ita
1217 347 1424 397 habeant,
1472 347 1635 388 fallitur

129 417 372 458 Victorinus
404 416 631 457 statuendo
664 416 812 470 [2572]
843 430 1012 457 versum
1042 416 1193 457 istum:

447 481 626 525 beneficia
650 502 717 534 pro
747 501 785 524 re
812 489 933 524 colere
959 490 1134 534 sapientis
1159 490 1263 523 virist

127 567 253 608 posse
284 553 433 595 scandi
463 567 541 607 per
572 552 890 607 synaloepham.

242 622 441 663 Ceterum
471 622 666 675 plerique
698 621 888 674 priorum
920 635 998 662 nec
1027 621 1197 662 diversa
1236 634 1393 674 genera
1434 623 1634 676 synizesis

128 704 206 731 nec
239 694 462 731 auctorum
492 693 688 743 tempora
729 693 771 730 et
814 690 1002 730 rationes
1045 690 1149 730 satis
1191 704 1285 730 cum
1328 689 1634 737 distinxisseut,

126 759 422 812 multiplicatis
445 772 589 799 verum
623 757 891 798 involverunt
922 758 1154 799 erroribus.
1207 772 1313 810 quos
1342 758 1512 810 quidem
1547 774 1633 809 nus,

127 831 174 868 ut
204 827 336 867 ferme
368 827 564 876 solemus,
598 826 765 867 silentio
799 831 993 879 tegentes
1025 826 1230 879 exemplis
1260 827 1344 866 iam
1367 826 1634 868 firmabimus

127 895 305 948 singula.
367 895 585 936 mittemus
616 898 781 943 autem,
822 895 865 934 in
904 898 1111 947 quantum
1152 895 1311 948 poterit
1350 895 1461 945 fieri,
1509 896 1634 945 vulgo

126 968 245 1014 nota,
288 977 397 1004 nova
439 967 481 1003 et
519 963 683 1004 indicta
722 976 794 1003 ore
836 962 919 1003 alio
962 963 1143 1003 clariore
1177 962 1271 1004 luce
1302 968 1633 1017 utappareant.

126 1047 205 1073 nec
235 1046 335 1073 vero
368 1031 617 1073 Schneideri
649 1031 714 1072 vel
753 1031 935 1072 aliorum
967 1031 1231 1072 collectanea
1263 1031 1505 1085 despoliare
1538 1037 1633 1073 avet

127 1101 292 1142 animus
324 1100 563 1142 sufficiente
596 1114 640 1141 re
669 1100 856 1154 propria.

240 1170 378 1223 Igitur
408 1169 583 1222 regulae
605 1169 678 1219 illi,
712 1182 798 1222 qua
819 1168 1086 1221 praecipitur
1109 1170 1298 1210 vocalem
1322 1173 1420 1210 ante
1444 1170 1632 1211 vocalem

124 1239 168 1279 in
200 1238 341 1279 media
371 1251 473 1279 voce
506 1238 684 1291 corripi,
724 1239 968 1279 eximuntur
1002 1237 1214 1279 communi
1247 1237 1521 1279 classicorum
1554 1254 1633 1280 usu

127 1321 148 1347 e
178 1306 340 1348 Latinis
381 1306 641 1348 dictionibus
684 1306 847 1348 formae
889 1307 1106 1347 nominum
1145 1307 1188 1346 in
1230 1309 1320 1346 ains
1352 1305 1417 1346 vel
1449 1310 1534 1347 eius
1563 1307 1633 1347 de-

126 1376 354 1416 sinentium
397 1389 694 1428 quaecumque
731 1375 893 1416 habent
925 1379 938 1415 25
969 1374 1181 1423 vocalem,
1223 1378 1271 1415 ut
1302 1378 1484 1425 Pompei,
1522 1379 1634 1424 Grai,

131 1446 265 1493 Grais,
298 1443 451 1485 deinde
482 1444 667 1497 genetivi
698 1444 864 1496 primae
895 1444 937 1484 in
970 1448 1010 1484 αι’
1040 1447 1082 1484 et
1113 1444 1288 1496 quintae
1327 1443 1370 1483 in
1413 1447 1468 1491 ei,
1507 1443 1633 1484 huius

127 1512 297 1565 quidem
329 1516 519 1562 tantum,
556 1512 590 1552 si
627 1526 710 1553 non
740 1512 974 1565 praecedat
1003 1525 1207 1562 consona,
1246 1515 1336 1552 tum
1370 1511 1487 1552 verbi
1520 1512 1634 1564 quod

126 1584 191 1632 est
227 1587 280 1630 fio
320 1585 467 1634 partes
506 1594 599 1630 eae,
643 1594 752 1633 quae
784 1594 866 1621 non
902 1580 1081 1621 trahunt
1114 1594 1171 1629 er,
1214 1580 1398 1633 denique
1436 1582 1560 1621 Ga‘z'us
1593 1584 1635 1621 et

131 1651 292 1690 Gnaeus
333 1653 376 1690 et
417 1649 674 1690 adiectivum
716 1653 806 1690 dius
847 1663 941 1690 cum
978 1649 1248 1690 substantivo
1289 1652 1472 1701 cognato
1519 1649 1633 1702 quod

126 1721 191 1758 est
222 1721 312 1758 dius
342 1718 409 1758 vel
440 1721 547 1759 dium
579 1717 770 1772 [Lachm.
794 1732 832 1771 p.
856 1718 969 1772 226]
1021 1721 1249 1771 praeterea
1280 1717 1445 1758 incerta
1466 1717 1633 1759 ratione

124 1785 306 1827 fluctuat
347 1786 505 1827 vocalis
548 1786 813 1839 paenultima
859 1787 1151 1839 genetivorum
1197 1786 1240 1826 in
1281 1789 1344 1826 ‘2‘ch
1387 1787 1632 1827 exeuntium

124 1858 298 1908 praeter
329 1859 446 1904 alius,
480 1855 551 1908 qui
584 1859 728 1896 tamen
760 1859 824 1896 est
856 1869 980 1896 rarus
1010 1855 1241 1896 admodum
1270 1855 1340 1909 [cf.
1365 1853 1494 1895 Prisc.
1521 1855 1633 1909 740]

125 1926 168 1964 et
188 1923 240 1964 de
271 1923 338 1964 his
370 1924 541 1977 quidem
572 1924 787 1965 mentione
819 1923 1080 1977 dignissima,
1113 1936 1224 1976 quae
1251 1923 1552 1965 Lachmannus
1583 1937 1633 1965 ac

125 1991 384 2033 Ritschelius
401 1993 443 2033 in
462 1992 689 2046 Opusculis
707 1992 793 2033 suis
811 1996 1115 2046 prompserunt
1137 1992 1206 2046 [IL
1228 1996 1325 2043 1953
1348 1992 1399 2043 II,
1419 1993 1632 2047 Gss2sqq.].

125 2074 177 2101 ex
209 2060 364 2114 quibus
392 2060 463 2102 ille
495 2060 806 2102 demonstravit
828 2060 1043 2101 Ciceronis
1065 2064 1259 2113 tempore
1291 2061 1334 2100 in
1367 2061 1426 2101 eis
1459 2064 1471 2100 ἱ
1502 2060 1632 2102 fuisse

124 2129 266 2179 breve,
297 2133 346 2170 ut
375 2129 448 2182 qui
480 2129 532 2170 de
564 2132 736 2170 oratore
767 2128 876 2169 LIII
909 2129 994 2183 [47,
1021 2128 1119 2183 183]
1151 2129 1283 2170 verba
1313 2128 1421 2170 haec
1452 2132 1500 2177 si,
1541 2133 1632 2178 Qui-

124 2201 243 2246 rites,
284 2201 414 2238 minas
455 2201 561 2238 illias
603 2197 781 2238 dixisset
822 2198 993 2238 cretica.
1056 2201 1100 2238 at
1132 2197 1393 2238 Ritschelius
1434 2198 1634 2251 probavit

125 2265 240 2319 apud
283 2266 502 2307 scaenicos
543 2266 855 2307 vetustissimos
897 2270 928 2314 ι’,
976 2280 1071 2307 cum
1115 2265 1215 2306 olim
1256 2266 1409 2307 fuisset
1447 2266 1633 2319 longum,

123 2334 239 2375 haud
289 2348 389 2375 raro
441 2333 568 2375 breve
618 2334 811 2375 inveniri.
887 2334 999 2375 idem
1050 2335 1142 2389 [pg.
1184 2334 1290 2388 693]
1342 2348 1394 2375 ex
1445 2334 1632 2375 Terentii

124 2402 586 2443 Hautontimorumeizo
618 2403 738 2457 [129]
770 2402 952 2456 protulit
983 2403 1076 2444 eius
1099 2402 1214 2456 quod
1242 2406 1307 2443 est
1336 2406 1461 2444 solius
1493 2416 1632 2443 exem-

124 2470 240 2524 plum
272 2470 541 2525 dactylicum,
574 2471 700 2524 quale
733 2485 784 2512 ex
816 2471 1124 2525 dact-ylicorum
1157 2475 1381 2524 poetarum
1405 2471 1526 2512 libris
1549 2484 1631 2511 non

124 2539 326 2592 suppetit.
375 2543 558 2593 apparet
586 2540 718 2592 igitur
747 2540 965 2593 genetivos
987 2539 1095 2590 illos,
1128 2543 1339 2593 quatenus
1372 2553 1456 2580 non
1487 2542 1501 2579 2'
1534 2552 1631 2579 con-

124 2621 273 2649 sonam
300 2621 515 2661 recepere,
548 2608 847 2661 antiquissima
868 2608 952 2648 iam
976 2611 1118 2649 aetate
1142 2608 1400 2662 corripuisse
1433 2611 1445 2647 ῖ
1476 2610 1632 2647 natura

123 2674 308 2728 longum.
369 2689 516 2716 verum
547 2675 601 2716 ab
632 2676 753 2716 initio
794 2689 903 2717 saec.
945 2691 983 2729 p.
1018 2676 1113 2717 Chr.
1145 2676 1165 2717 Ι
1193 2677 1349 2730 prisca,
1381 2675 1461 2715 nisi
1494 2675 1631 2725 fallor⁷

124 2744 418 2797 pronuntiatio
449 2744 640 2785 reducta.
696 2758 795 2784 nam
822 2744 1045 2785 Phaedrus
1075 2744 1118 2784 in
1149 2743 1319 2794 fabulis,
1353 2743 1467 2796 quod
1499 2756 1632 2796 genus

126 2811 366 2852 humilioris
410 2815 451 2853 et
472 2811 639 2864 vulgari
672 2812 855 2853 orationi
884 2812 1100 2866 propioris
1133 2816 1198 2853 est
1229 2811 1493 2862 elocutionis,
1524 2826 1632 2852 sem-

124 2894 201 2932 per
232 2879 402 2921 videtur
444 2883 457 2919 i
497 2879 747 2932 producere.
810 2880 1060 2930 Quintiliani
1094 2884 1236 2921 autem
1268 2883 1463 2932 tempore
1495 2883 1538 2920 et
1569 2880 1631 2920 in-

125 2953 329 3001 sequente
361 2948 466 2989 satis
497 2953 665 2988 constat
696 2948 821 3001 vulgo
860 2949 970 2989 idem
1014 2952 1259 3001 porrectum
1303 2948 1372 3002 [cf.
1406 2948 1538 2988 instit.
1571 2962 1629 2990 orv
