1898 3292
704 205 823 232 LIBER
841 205 1052 232 SECVNDVS.
1553 196 1630 236 193

354 319 409 351 an,
436 319 518 341 cum
546 310 585 342 tu
610 308 746 353 Syrtim
773 320 814 342 ac
844 309 985 342 steriles
1011 308 1170 341 vastabis
1195 319 1333 349 arenas,

354 376 424 398 non
453 365 531 398 dira
556 365 616 398 illa
639 365 717 398 lues
745 366 840 399 notis
866 366 936 398 iam
962 365 1153 398 moenibus
1179 365 1278 398 urbis

353 421 491 456 assiliet
516 434 742 465 vacuumque
768 422 897 456 Iovem
922 422 999 455 sine
1025 423 1122 465 pube
1149 422 1225 455 sine
1251 422 1360 455 armis

353 478 528 513 invadet?
554 479 691 522 quanti,
717 482 758 513 ut
782 479 891 513 cedas
916 477 1146 521 Romamque
1172 477 1367 522 relinquas,

356 536 509 575 emerito
538 535 618 570 est?
644 538 746 570 tanto
773 535 932 579 perculsi
957 534 1107 569 fulmine
1133 534 1220 569 belli

356 592 470 627 sicine
497 595 544 636 te,
571 595 611 627 ut
635 604 753 637 nuper
778 592 905 636 Capua
931 595 987 627 est
1011 592 1152 626 accitus
1177 592 1222 626 ab
1251 591 1324 626 alta

352 649 511 692 Fulvius,
538 650 731 694 aequoreis
756 649 895 694 Libyae
920 649 1175 684 revocabimus
1202 648 1301 683 oris?

124 728 286 770 habent
315 729 483 771 codices
512 729 603 772 fere
637 734 802 771 emerito
834 737 909 772 ast.
972 730 1068 772 vide
1100 730 1170 781 sis,
1203 743 1256 771 an
1288 729 1370 771 hoc
1404 730 1546 783 potius
1578 730 1633 771 sit

125 797 387 840 ducendum:

560 861 696 905 quanti,
721 864 762 895 ut
787 861 896 896 cedas
923 860 1153 906 Romamque
1178 861 1373 906 relinquas,

353 918 494 953 emerit.
521 939 564 943 ——
590 921 628 952 ef,
653 921 768 953 ssansso.

123 997 166 1038 in
207 997 362 1051 quibus
403 998 509 1040 illud
549 1003 691 1040 emerit
730 1012 807 1053 pro
849 999 1119 1040 coniunctivo
1162 999 1386 1053 praeteriti
1427 998 1633 1053 temporis

123 1066 473 1120 accipiendumst.
542 1068 603 1109 sic
647 1067 760 1109 idem
808 1067 936 1109 Silius
983 1067 1086 1109 alibi
1139 1067 1218 1122 [X,
1261 1068 1362 1122 287]
1418 1066 1634 1119 ‘quantine

124 1142 293 1185 emptum
324 1139 417 1176 velit
446 1139 673 1185 Hannibal,
716 1143 760 1177 ut
792 1150 864 1177 nos
908 1143 1109 1177 vertentes
1153 1143 1271 1188 terqa
1311 1134 1508 1187 aspice'at’
1561 1136 1631 1191 [cf.

122 1202 447 1245 Drakenborch.
481 1204 536 1245 ad
567 1204 615 1256 V,
640 1205 750 1259 601]
814 1208 914 1258 apte
946 1208 1089 1246 autem
1121 1204 1310 1246 disiectis
1343 1208 1385 1246 et
1415 1204 1632 1259 perplexis

124 1271 320 1313 sensibus
351 1272 600 1314 fluctuantis
633 1273 774 1314 animo
807 1273 930 1314 Fabii
960 1273 1106 1314 variae
1139 1273 1444 1315 describuntur
1465 1273 1632 1315 turbae.

238 1340 321 1381 Sed
363 1340 469 1382 alios
510 1341 698 1383 Senecae
740 1341 917 1395 Siliique
956 1355 1105 1383 versus
1152 1342 1240 1383 suis
1287 1341 1486 1384 dabimus
1527 1342 1633 1384 locis

125 1408 387 1450 emendatos.
446 1423 559 1451 nunc
588 1423 689 1451 vero
720 1409 772 1451 de
805 1423 986 1452 caesura
1017 1410 1251 1452 videamus.

196 2991 228 3028 L.
246 3005 435 3036 Muellexi3
460 3006 503 3030 De
522 3014 543 3030 r.
562 3014 598 3030 m.
617 3014 645 3037 p.
665 3007 696 3030 L.
1326 2995 1366 3029 13
