1898 3292
681 269 800 293 LIBER
819 267 1020 293 SEPTIMVS.
1520 257 1597 294 491

98 379 331 426 Scipiadam
365 382 405 414 al
435 377 600 423 sapiens
632 375 823 419 Lac-ilias,
866 371 947 410 hoc
984 385 1008 410 a
1052 369 1312 410 nominativo
1352 371 1495 421 potest
1532 367 1603 408 de-

98 445 196 486 duci
228 446 436 494 Scipiada,
476 445 524 483 ut
555 441 657 482 alibi
698 438 744 496 [s.
779 440 829 489 ΙΙ,
863 442 898 489 3,
936 437 1030 494 187]
1073 436 1187 491 apud
1219 436 1398 478 eundem
1430 436 1604 490 ponitur

97 512 292 555 vocativo
315 514 460 552 Atrida
493 512 693 562 correpta
724 523 760 550 a.
792 534 849 538 —
878 521 1016 560 neque
1038 510 1182 547 tamen
1203 505 1423 559 indignum
1447 519 1603 545 memo-

98 583 163 623 ria
193 596 218 622 a
250 581 459 629 Varrone,
499 578 669 619 homine
714 577 985 630 antiquitatis
1026 575 1320 617 amantissimo
1361 574 1461 628 poni
1497 574 1604 615 illud

99 653 343 698 Prusiades,
388 648 502 701 quod
543 646 714 701 planest
753 646 986 687 formatum
1021 648 1069 685 ut
1100 647 1332 694 Scipiades,
1372 643 1415 683 in
1457 646 1605 683 satura

98 719 197 773 περὶ
220 718 451 772 ἐξαγωγῆς,
475 716 593 757 cuius
615 715 708 756 loco
732 714 931 768 quodam,
954 713 1079 754 Ennii
1097 715 1269 753 secutus
1288 710 1605 765 Epicharmum,

98 799 336 828 sermonem
359 785 474 839 apud
495 784 654 825 inferos
676 782 871 824 habitum
902 782 1056 823 refert:
1088 784 1184 832 qaia
1210 783 1415 828 Romanis,
1449 782 1604 830 inquid,

98 869 158 896 me
190 857 414 895 Prusiades
446 858 614 894 tradere
647 855 811 893 volcbal.
858 876 913 881 —-
959 850 1132 891 tandem
1174 863 1199 890 a
1239 847 1474 890 Claudiano
1516 861 1605 888 cer-

98 926 231 965 tumst
274 921 471 963 adhiberi
509 921 553 961 id
594 920 709 974 quod
755 923 819 961 est
861 923 1075 970 Scipiades
1124 918 1210 974 [23,
1247 921 1290 969 1;
1325 916 1406 972 21].
1477 919 1607 969 atque

100 991 277 1033 eandem
311 990 505 1043 agnoscit
536 989 717 1030 formam
746 989 993 1029 Priscianus
1022 987 1048 1028 l.
1076 987 1154 1028 VII
1188 986 1271 1042 [pg.
1306 981 1426 1042 729];
1460 998 1607 1025 verum

99 1064 251 1102 auctor
291 1058 604 1113 explanationis
645 1058 687 1098 in
729 1057 944 1098 Donatum
986 1056 1010 1096 l.
1047 1056 1065 1097 Ι
1104 1055 1237 1096 habet
1275 1054 1383 1095 haec
1425 1053 1502 1110 [gr.
1533 1053 1608 1094 lat.

99 1130 168 1178 IV,
203 1128 323 1184 527];
369 1130 586 1178 Scipiadas
599 1142 612 1175 ;
656 1129 912 1166 illemiieiades
964 1125 1091 1179 (puto
1135 1123 1433 1176 illemmiadas).
1496 1122 1610 1163 infra

99 1202 243 1239 tamen
273 1196 387 1237 idem
431 1194 698 1243 ‘Luciliadcs,
731 1201 769 1235 et
798 1196 1070 1241 Memmiades,
1105 1188 1357 1243 Scipiades-⁷.

214 1265 297 1306 Sed
342 1268 516 1318 praeter
559 1262 665 1304 illud
707 1265 924 1313 Scipiadas
970 1264 1135 1302 certum
1181 1259 1433 1302 nominativi
1475 1259 1609 1300 dorici

103 1334 343 1387 exemplum
388 1347 472 1374 non
516 1331 703 1373 innotuit
743 1330 858 1371 mihi.
930 1329 1044 1383 quod
1086 1333 1236 1371 eontra
1280 1328 1499 1370 vocativus
1546 1328 1609 1368 in-

100 1403 286 1453 venitur,
328 1405 376 1442 ut
412 1402 454 1442 in
486 1404 667 1442 Aeacida
708 1399 833 1440 Ennii
876 1398 987 1455 [ann.
1022 1397 1136 1454 181],
1179 1413 1204 1438 a
1244 1397 1457 1451 producta
1494 1396 1609 1450 apud

101 1471 313 1512 Nasonem
345 1471 460 1525 [met.
494 1469 589 1519 VII,
624 1472 728 1519 7983
764 1468 878 1518 VIII,
914 1467 1011 1521 550]
1050 1467 1092 1507 in
1124 1469 1319 1514 Aeacida,
1359 1468 1610 1516 Cea-opida,-

99 1540 213 1581 idem
244 1543 388 1580 tamen
419 1538 591 1592 saepius
637 1536 815 1593 [heroid.
849 1540 885 1587 3,
919 1539 996 1588 873
1030 1550 1066 1576 a.
1093 1549 1173 1576 am.
1205 1535 1236 1585 I,
1270 1538 1373 1587 6913
1405 1537 1502 1575 met.
1538 1534 1609 1584 XI,

102 1607 200 1664 250]
232 1611 422 1649 Aeacide.
483 1606 600 1648 haud
638 1619 738 1646 raro
778 1606 821 1646 in
860 1605 977 1646 hisce
1015 1605 1229 1646 variatum
1267 1603 1354 1645 sive
1397 1602 1609 1644 editorum

101 1677 281 1718 arbitrio
315 1690 389 1717 seu
416 1675 593 1717 libidine
628 1674 917 1715 librariorum.
967 1687 1045 1714 nec
1075 1677 1219 1714 tamen
1241 1675 1385 1726 potest
1406 1671 1608 1721 dubitari,

102 1746 215 1798 quin,
246 1749 294 1786 ut
324 1744 623 1794 nominativus,
653 1744 715 1784 ita
737 1743 957 1784 vocativus
990 1742 1383 1796 patronymicorum
1414 1740 1610 1794 plurimis

99 1814 225 1868 longe
256 1813 361 1854 loeis
391 1813 434 1853 in
466 1827 487 1854 e
515 1812 772 1866 productum
804 1811 859 1851 sit
887 1810 1022 1852 flexus
1054 1824 1079 1851 a
1110 1809 1345 1864 dactylicis,
1374 1823 1458 1850 non
1492 1810 1535 1849 in
1568 1822 1604 1849 a.

215 1882 375 1924 Contra
407 1881 476 1922 vix
509 1884 573 1922 est
605 1880 719 1933 quod
751 1893 946 1921 moneam
988 1879 1042 1920 ad
1073 1879 1247 1919 tertiam
1279 1877 1608 1919 declinationem

101 1965 184 1993 non
215 1950 376 1992 inflecti
406 1950 515 1991 haec
544 1949 677 1990 verba
707 1949 788 1989 nisi
821 1962 846 1989 a
878 1948 1121 1989 deterrimis
1148 1946 1493 1988 christianorum.

216 2019 310 2060 Non
343 2018 513 2060 videtur
545 2032 571 2059 a
601 2031 647 2059 re
679 2017 760 2059 hoc
790 2016 885 2058 loco
916 2016 1099 2070 proponi
1140 2015 1282 2057 omnia
1312 2014 1611 2070 patronymica

102 2088 356 2142 graecanico
388 2086 513 2128 modo
546 2086 676 2127 ducta
705 2100 730 2127 a
761 2085 1003 2127 nominibus
1033 2084 1191 2126 latinis.

215 2156 352 2209 Igitur
390 2155 504 2209 apud
536 2154 744 2196 Lucilium
775 2157 949 2208 praeter
980 2156 1217 2204 Scipiadas,
1251 2156 1472 2204 Scipiadae
1514 2151 1610 2208 [inc.

100 2226 126 2266 l.
160 2229 235 2277 313
267 2225 339 2275 XI,
376 2223 442 2280 10]
485 2224 700 2265 invenitur
731 2222 838 2264 illud
875 2225 1181 2263 Tascoiidaram
1218 2222 1316 2277 [ine.
1349 2222 1393 2276 6]
1427 2235 1506 2275 pro
1548 2221 1611 2261 in-

102 2294 206 2335 colis
236 2292 421 2343 Tusculi,
454 2293 558 2333 item
593 2295 795 2343 Apaiidae
828 2291 918 2345 [HL
952 2291 1022 2345 23]
1056 2305 1135 2344 pro
1168 2304 1277 2344 eque
1310 2289 1461 2344 Apulo,
1494 2288 1610 2342 apud

101 2361 349 2403 Lucretium
384 2360 429 2417 [1,
453 2361 523 2415 26]
558 2363 835 2401 Memmiadae.
886 2362 1099 2410 Scipiades
1133 2359 1227 2413 (sed
1248 2359 1414 2400 incerta
1434 2361 1611 2411 praeter

103 2430 384 2472 Claudianum
429 2428 680 2470 nominativi
726 2427 861 2481 finali)
909 2427 1024 2481 apud
1068 2427 1321 2480 Vergilium,
1367 2426 1609 2476 Horatium,

102 2498 386 2551 Propertium,
421 2497 582 2546 Silium,
605 2496 900 2547 Claudianum,
932 2496 1038 2537 alios
1061 2495 1258 2537 habetur.
1303 2498 1611 2535 Romulidarum

101 2580 254 2607 nomen
286 2566 471 2619 primum
505 2565 620 2618 apud
648 2565 893 2606 Lucretium
928 2578 977 2605 ac
1008 2564 1243 2617 Vergilium
1287 2563 1495 2614 occurrit,
1537 2562 1612 2603 sed

103 2634 301 2676 dubitare
344 2634 482 2687 possis
529 2647 583 2674 an
629 2632 682 2673 ab
726 2633 863 2673 Ennio
907 2633 962 2673 sit
1008 2632 1166 2673 fictum.
1241 2635 1286 2673 at
1331 2631 1414 2672 seri
1456 2633 1610 2684 poetae

103 2703 205 2756 quin
231 2702 529 2756 patronymica
558 2701 664 2742 talia
694 2701 736 2741 in
769 2715 810 2741 es
843 2701 958 2742 exire
980 2701 1194 2742 voluerint
1224 2714 1326 2741 casu
1356 2699 1494 2753 primo
1526 2712 1610 2739 non

103 2775 168 2812 est
213 2770 400 2812 dubium.
462 2784 513 2810 ea
550 2770 658 2810 haec
692 2769 782 2809 fere
814 2773 933 2810 sunt:
976 2772 1233 2810 Honoriades
1277 2767 1512 2824 [Claudian.
1547 2770 1610 2817 10,

104 2839 217 2892 341],
249 2842 456 2879 Aimiades
491 2837 653 2893 [Claud.
687 2841 721 2887 1,
753 2842 800 2889 93
832 2837 1033 2879 Prudent.
1068 2840 1218 2878 contra
1249 2836 1403 2890 Symm.
1435 2836 1466 2886 I,
1498 2834 1609 2890 551],

105 2910 331 2948 Mineiades
367 2907 552 2961 [Iuvenc.
586 2905 717 2959 praef.
749 2905 846 2947 hist.
879 2919 941 2947 eu.
978 2909 1027 2946 18
1063 2905 1154 2959 M.],
1195 2908 1391 2945 Ianiades
1435 2904 1609 2958 [Auson.

103 2975 217 3030 idyll.
253 2979 315 3025 11,
349 2975 437 3029 37],
471 2978 666 3016 Piniades
699 2974 881 3028 [Paulin.
915 2977 980 3024 21,
1012 2974 1133 3027 84Ο],
1165 2973 1348 3029 denique
1387 2975 1608 3014 Caecilides
