1898 3292
198 200 213 236 1
224 200 245 237 2
253 200 274 237 2
798 209 917 233 LIBER
935 208 1089 233 PRIMVS.

193 315 346 364 poetae
380 311 541 362 verbis,
582 325 676 351 eun]
718 310 842 352 dicit:
883 325 1069 351 numeros
1102 315 1335 362 ultimosque
1367 320 1528 353 seculus
1560 319 1700 355 Arche?-

195 383 310 421 loclze'.
372 379 445 420 ubi
474 394 552 433 per
582 393 770 420 numeros
801 394 884 421 11011
913 379 1161 421 subtiliores
1193 380 1405 433 quaedam
1437 382 1593 434 pedum
1626 384 1699 424 ob-

203 448 444 489 servantiae
474 448 781 501 significantur,
815 448 887 489 sed
911 452 1003 489 tota
1025 449 1136 490 ratio
1159 449 1349 500 metrica,
1381 454 1428 491 ut
1449 465 1525 503 per
1547 455 1700 493 (mimos

194 521 331 558 totum
371 520 681 569 argumentum.
743 521 785 558 et
828 520 1011 570 utroque
1051 522 1248 571 respecto
1291 517 1345 559 ab
1386 518 1585 569 Horatio,
1628 521 1701 573 qui

197 601 306 627 1111116
359 583 515 637 epodon.
565 585 722 627 dicitur
771 585 902 635 liber,
953 586 1186 639 inscriptus
1249 590 1313 627 est
1359 590 1589 628 iamborum.
1646 614 1700 619 ——-

191 654 498 708 paenultimum
545 668 718 696 carmen
761 658 931 696 constat
968 654 1228 696 hexametris
1270 655 1492 710 dactylicis
1523 660 1565 697 et
1595 657 1700 697 iam-

191 722 257 764 bis
288 723 418 777 puris.

305 791 423 833 Idem
456 795 621 843 autem,
664 791 779 846 quod
807 791 858 833 de
900 791 1089 846 epodicis
1132 794 1375 847 systematis
1418 793 1529 846 eius,
1571 795 1699 836 etiam

192 860 244 902 de
275 860 420 916 lyricis
451 860 728 903 iudicandum
760 861 906 902 statim
940 860 1318 903 demonstrabitur.

307 930 505 972 Ceterum
543 930 587 971 in
628 929 773 972 libello
812 930 922 973 κατὰ
954 930 1133 982 λεπτόν,
1173 930 1247 984 qui
1290 930 1437 972 eodem
1483 931 1572 973 fere
1616 947 1699 986 quo

191 998 317 1053 epodi
350 1000 611 1053 compositus
645 1002 711 1040 est
747 1002 960 1052 tempore,
1007 1013 1101 1040 cum
1142 999 1384 1041 inveniatur
1424 1003 1610 1054 systema
1649 1015 1700 1042 ex

192 1068 399 1109 trimetris
432 1071 632 1109 constans
666 1070 708 1109 et
739 1067 933 1109 dimetris
967 1067 1010 1108 in
1043 1068 1230 1109 carmine
1266 1068 1311 1119 V,
1359 1073 1541 1123 apparet
1572 1084 1700 1123 quam

192 1136 276 1178 eito
307 1136 570 1178 increbuerit
600 1150 711 1177 nova
742 1150 825 1178 ars.

305 1206 536 1256 Quaeritur
563 1205 660 1256 iam,
683 1205 912 1260 lyricorum
931 1205 1102 1246 Horatii
1127 1209 1418 1260 systematum,
1453 1220 1562 1259 quae
1595 1221 1698 1260 qua—

189 1275 321 1316 ternis
365 1276 535 1316 omnino
579 1274 789 1316 contineri
830 1273 1024 1315 versibus
1056 1274 1294 1315 Meinekius
1328 1279 1370 1316 et
1400 1275 1699 1317 Lachmannus

192 1343 432 1385 docuerunt
462 1344 532 1397 (ea
563 1343 817 1398 plerumque
851 1343 990 1384 minus
1021 1343 1194 1396 proprie
1227 1344 1503 1398 stropharum
1531 1345 1699 1386 nomine

189 1412 439 1467 appellata),
474 1411 586 1454 unde
618 1412 748 1453 fuerit
781 1412 912 1465 origo.
975 1411 1027 1452 de
1054 1426 1139 1465 qua
1170 1426 1216 1453 re
1255 1416 1354 1466 post
1388 1413 1494 1454 alios
1530 1413 1698 1464 multos,

190 1481 321 1535 paulo
354 1485 586 1535 antequam
617 1480 687 1522 hic
718 1480 827 1522 liber
859 1480 913 1521 ad
943 1480 1237 1535 typographos
1267 1481 1518 1533 deferretur,
1550 1497 1700 1524 rursus

190 1550 277 1603 egit
299 1550 348 1592 G.
373 1550 594 1592 Christius.
647 1553 712 1591 est
733 1553 875 1591 autem
900 1549 1162 1591 difficillima.
1216 1549 1374 1604 duplex
1405 1554 1547 1592 tamen
1579 1554 1701 1605 patet

187 1619 256 1660 via
299 1619 389 1661 eius
435 1618 728 1673 explicandae.
789 1633 888 1660 nam
933 1622 1008 1660 aut
1049 1622 1266 1660 statuetur
1297 1633 1393 1660 cum
1424 1619 1698 1661 Lachmanno

191 1687 309 1729 illum
345 1688 473 1729 etiam
506 1688 587 1729 hoc
618 1687 804 1729 traxisse
836 1687 890 1728 ab
915 1687 1084 1738 Alcaeo,
1118 1701 1244 1741 quem
1266 1688 1535 1742 potissimum
1559 1688 1698 1742 sequi-

186 1760 257 1798 tur
296 1756 466 1808 ducem,
509 1760 584 1798 aut
626 1760 827 1810 respectu
870 1756 1233 1798 nobilissimorum
1278 1761 1575 1811 systematum,
1618 1757 1698 1799 hoc

189 1829 255 1866 est
287 1825 439 1867 alcaici
472 1829 514 1867 et
546 1825 763 1880 sapphici,
809 1825 987 1866 eandem
1031 1825 1240 1866 rationem
1274 1825 1520 1867 adhibuisse
1551 1826 1698 1867 metris

186 1894 370 1936 relicuis.
433 1894 507 1936 sed
541 1894 592 1936 de
622 1894 704 1936 hoc
737 1898 854 1936 certo
887 1908 939 1936 ne
972 1897 1191 1936 constaret
1221 1894 1363 1945 nobis,
1405 1898 1447 1936 et
1477 1895 1697 1948 paucitate

188 1963 469 2017 reliquiarum
493 1963 641 2005 Alcaei
671 1963 880 2005 librorum
912 1967 954 2004 et
986 1963 1284 2005 deficientibus
1315 1964 1571 2005 testimoniis
1599 1978 1697 2017 pro-

184 2031 397 2073 fessorum
430 2035 623 2074 veterum
654 2031 974 2086 prohibitumst.
1037 2035 1156 2073 certa
1200 2032 1310 2073 enim
1350 2032 1545 2086 exempla
1589 2036 1697 2074 stro-

185 2100 369 2154 pharum
400 2100 740 2142 Horatianarum
782 2104 956 2155 praeter
985 2100 1192 2142 alcaicam
1226 2104 1269 2142 et
1298 2100 1550 2155 sapphicam
1582 2101 1697 2156 apud

186 2168 377 2211 Graecos
411 2183 495 2211 non
524 2173 684 2211 extant.

299 2239 380 2279 Vix
423 2242 567 2280 autem
611 2238 793 2280 multum
844 2237 1012 2279 tribuas
1056 2238 1299 2279 testimonio
1340 2237 1578 2289 Diomedis,
1624 2239 1696 2292 qui

187 2307 292 2348 dicit
324 2307 403 2362 [gr.
436 2307 461 2348 1.
493 2308 523 2358 Ι,
557 2310 638 2350 528
671 2322 752 2361 sq.;
787 2311 867 2349 519
902 2307 1013 2361 sqq]
1056 2310 1104 2347 ut
1136 2306 1302 2360 epodon
1336 2306 1405 2357 XI,
1437 2307 1551 2357 XIII,
1586 2307 1697 2357 XIV,

190 2376 267 2417 XV
299 2379 551 2431 systemata,
593 2377 655 2417 ita
685 2376 728 2416 in
759 2375 904 2430 lyricis
936 2375 1306 2429 asclepiadem-um
1337 2376 1567 2416 mixtorum
1601 2390 1695 2416 cum

188 2444 403 2498 glyconeis
434 2444 522 2486 sive
553 2444 847 2498 pherecrateis
880 2443 1093 2499 strophas,
1125 2444 1228 2486 item
1258 2458 1370 2494 eam,
1404 2457 1533 2497 quam
1561 2443 1695 2485 habes

184 2513 235 2564 II,
271 2516 334 2564 18,
366 2512 420 2554 ab
450 2513 632 2555 Horatio
663 2516 854 2554 novatas.

298 2582 451 2635 Itaque
494 2582 576 2623 hoc
614 2582 884 2636 potissimum
926 2581 1182 2632 notandum,
1225 2581 1340 2634 quod
1381 2581 1418 2632 Ι,
1451 2584 1475 2621 4
1509 2584 1696 2635 systema

186 2650 317 2691 etiam
363 2651 478 2704 apud
521 2650 825 2692 Archilochum
877 2649 1110 2700 invenitur,
1161 2649 1236 2691 sed
1286 2650 1485 2691 binorum
1532 2649 1695 2690 scilicet

186 2733 396 2760 versuum.
458 2720 516 2770 II,
553 2723 602 2761 18
637 2722 818 2760 metrum
854 2718 1046 2759 diversus
1089 2732 1114 2759 a
1146 2718 1352 2760 Diomede
1389 2717 1564 2759 Caesius
1606 2717 1694 2771 [VI.

188 2788 289 2841 270]
323 2787 480 2828 Alcaeo
512 2788 761 2843 frequenter
790 2790 1025 2827 tractatum
1056 2787 1199 2827 refert.
1262 2790 1304 2827 et
1332 2786 1547 2840 reperitur
1579 2785 1693 2838 apud

184 2855 297 2896 hunc
337 2855 518 2897 dimeter
560 2856 830 2907 trochaicus,
876 2855 991 2908 apud
1032 2855 1205 2909 Sappho
1247 2855 1442 2896 trimeter
1481 2853 1691 2895 iambicus

189 2924 478 2967 catalecticus.
540 2924 613 2966 sed
643 2924 721 2966 hos
754 2927 1062 2978 quaternorum
1105 2938 1323 2975 versuum,
1364 2937 1447 2964 non
1480 2922 1692 2974 binorum,
