1898 3292
1551 310 1609 345 IX

216 418 256 459 Is
298 417 429 470 igitur
469 430 562 457 eum
603 414 768 456 videret
814 416 950 456 multa
996 415 1109 455 bona
1148 415 1288 455 inesse
1335 415 1376 454 in
1417 413 1608 454 moribus

103 500 332 540 Rossorun]
380 512 457 538 nec
506 512 587 537 11011
632 511 703 537 eos
748 496 990 536 litterarum
1037 495 1280 547 artiumque
1325 494 1606 545 ingenuarum

102 578 292 632 cupidos,
325 578 398 618 secl
431 576 576 618 eodem
611 576 746 616 teneri
779 576 893 626 vitio,
929 575 1042 628 quod
1073 575 1115 614 in
1139 574 1323 615 (jraecia
1354 578 1497 614 vetere
1529 573 1609 613 hoe

101 672 227 699 versu
255 661 376 698 notat
407 657 636 697 Horatius:

352 747 449 791 quod
476 747 608 791 cupide
635 747 752 790 petiit,
781 748 919 779 mature
950 746 1057 789 plena
1083 746 1239 788 reliquit,

101 843 282 882 cumque
321 827 590 879 intellegeret
632 830 799 866 tantum
835 825 1003 874 abesse7
1046 829 1093 865 ut
1135 825 1405 878 antiquitatis
1444 824 1608 874 studiis,

101 908 215 961 quod
247 911 477 960 arguerent
499 906 827 951 obtrectatores,
860 905 1056 946 inventus
1086 905 1216 946 hebes
1239 905 1362 945 fieret
1385 909 1425 945 et
1449 918 1608 953 vecors,

100 992 148 1029 nt
180 988 323 1041 potius
353 987 415 1027 illi
447 986 591 1039 populi
626 985 808 1025 maxime
841 985 956 1024 cultu
988 988 1030 1024 et
1062 985 1214 1037 opibus
1245 985 1461 1029 florerent,
1494 983 1607 1036 apud

101 1082 207 1121 quos
240 1067 315 1108 illa
346 1066 584 1118 antiquitus
617 1065 861 1117 viguissent,
897 1078 1041 1104 amore
1072 1064 1226 1105 ductus
1256 1065 1424 1117 pat-riae
1459 1063 1606 1104 eadem

101 1148 227 1188 etiam
262 1147 304 1187 111
339 1146 509 1193 Bossia,
556 1145 628 1185 ubi
662 1148 789 1184 antea
821 1143 971 1183 leviter
1003 1147 1127 1184 erant
1161 1147 1413 1191 attrectata,
1458 1142 1608 1183 funda-

100 1232 290 1268 mantum
325 1225 538 1267 solidioris
572 1224 940 1276 accuratiorisque
975 1223 1195 1264 doctrinae
1227 1223 1319 1263 fieri
1354 1223 1497 1263 voluit.
1560 1238 1610 1262 ac

98 1306 365 1361 propositum
399 1304 594 1358 optinuit.

215 1385 381 1426 Etenim
417 1384 610 1437 quamvis
643 1383 889 1435 refragante
922 1396 1076 1435 magna
1108 1382 1379 1435 popularium
1410 1386 1534 1435 parte
1568 1386 1608 1422 et

100 1469 319 1519 premente
361 1479 453 1505 cum
491 1467 820 1517 praeceptorum
863 1466 954 1502 tuni
996 1462 1284 1503 subsidiorum
1325 1461 1606 1502 scholicornm

100 1546 245 1599 inopia
276 1559 354 1586 nee
385 1559 467 1585 11011
500 1544 561 1584 rei
590 1544 864 1596 pecuniariae
893 1543 1090 1595 penuria,
1138 1556 1248 1594 qnae
1291 1546 1434 1582 tamen
1476 1542 1609 1594 ipsius

101 1639 234 1679 opera
261 1624 427 1665 valde-st
457 1624 694 1671 imminuta,
730 1623 1015 1663 Romanorum
1041 1626 1231 1662 veterum
1265 1625 1436 1662 secutus
1470 1635 1609 1661 exem-

100 1704 236 1758 plum,
271 1704 366 1757 qui⁷
408 1704 532 1756 siqua
572 1702 676 1743 foris
714 1702 865 1743 melius
896 1702 1048 1742 haberi
1080 1715 1209 1754 quam
1244 1701 1357 1742 (lomi
1389 1701 1607 1745 vidissent,

102 1784 366 1825 extrinsecus
397 1784 535 1836 petita
567 1782 906 1831 transferebant,
948 1782 1063 1822 intra
1105 1795 1266 1834 paucos
1309 1795 1442 1821 annos
1479 1781 1606 1821 talem

103 1863 245 1904 effecit
282 1863 594 1904 institutionem
636 1861 874 1915 publicam,
916 1866 980 1909 ut,
1023 1861 1055 1902 si
1100 1861 1357 1914 persistatur
1395 1861 1463 1901 via
1506 1861 1608 1908 01113,

103 1957 185 1984 11011
230 1944 366 1997 possit
412 1942 620 1991 dubitari,
669 1942 771 1994 quin
819 1942 991 1982 eosdem
1037 1941 1242 1981 habitura
1285 1941 1340 1981 sit
1379 1940 1610 1993 aliquando

102 2023 279 2073 fruetus,
311 2037 417 2076 quos
449 2024 488 2063 in
523 2023 690 2063 relicua
714 2021 906 2062 videmus
944 2022 1125 2074 Europa.

219 2103 272 2143 Et
302 2103 409 2143 haec
442 2102 621 2142 Tolstoii
654 2102 807 2142 merita
840 2102 969 2141 etiam
1002 2101 1159 2141 Hessos
1203 2101 1423 2153 agnituros
1464 2114 1611 2153 spera-

102 2196 209 2233 111113,
243 2181 452 2235 siquando
484 2182 660 2222 remotis
689 2181 876 2234 partium
900 2180 1052 2221 studiis
1076 2181 1165 2220 sine
1193 2181 1259 2220 ira
1290 2179 1364 2220 fiet
1394 2179 1610 2219 iudicium.

355 2272 480 2316 Atque
505 2273 590 2306 huic
617 2272 715 2316 quod
744 2272 824 2305 vivo
853 2271 1065 2305 detraxerat
1089 2271 1211 2304 invida
1236 2271 1354 2313 turba,

356 2345 441 2385 post
468 2342 609 2375 obitum
636 2341 774 2384 duplici
802 2341 950 2374 foenere
977 2340 1109 2373 reddet
1132 2338 1274 2373 Honos.

223 2422 374 2474 Itaque
407 2435 501 2461 euin
534 2420 671 2461 multa
702 2420 803 2460 mihi
836 2420 1054 2473 Petropoli
1090 2419 1307 2460 evenerint
1349 2418 1530 2459 adversa
1573 2422 1615 2458 et

105 2502 273 2555 iniqua,
313 2501 394 2541 hoc
437 2505 581 2541 tamen
621 2500 790 2540 nomine
832 2513 1001 2552 semper
1033 2499 1155 2539 nobis
1188 2498 1429 2539 videbimur
1455 2497 1612 2543 felices,

107 2581 221 2634 quod
261 2585 304 2621 et
344 2580 398 2621 ab
439 2580 520 2620 hoe
551 2580 641 2620 viro
680 2580 723 2619 in
756 2580 950 2619 Rossiam
994 2593 1138 2619 sumus
1181 2578 1376 2618 arcessiti
1419 2581 1479 2627 et,
1519 2591 1614 2617 011111

106 2675 142 2701 a.
175 2659 518 2701 MDCGGLXXX
550 2659 822 2699 commissum
864 2658 1086 2699 abdicaret
1119 2672 1293 2707 munus,
1338 2657 1503 2697 laudati
1536 2671 1613 2709 pu—

106 2740 217 2781 blice
248 2739 406 2780 iudicio
440 2739 542 2780 eius.

222 2820 305 2860 Res
337 2819 432 2872 ipsa
462 2824 617 2867 111011οΐ,
651 2821 698 2858 ut
729 2831 870 2870 pauca
902 2817 953 2858 (le
977 2817 1089 2858 vitae
1112 2820 1285 2857 nostrae
1314 2815 1485 2855 casibus
1516 2813 1615 2854 inde

109 2899 163 2939 ab
187 2912 297 2939 anno
320 2897 606 2939 MDCCCLXI
628 2897 879 2946 referamus⁷
907 2910 1169 2949 quamquam
1192 2895 1299 2935 alias
1322 2895 1391 2934 vix
1413 2907 1616 2946 umquam

110 2992 257 3020 eorum
282 2977 325 3018 in
354 2977 526 3030 scriptis
553 2976 711 3018 nostris
732 2976 954 3017 inieeiinus
976 2976 1246 3016 mentionem.
1291 2988 1343 3015 ex
1366 2973 1520 3027 quibus
1544 2973 1617 3026 qui
