1898 3292
226 205 278 243 86
831 213 951 237 LIBER
969 213 1125 238 anvs.

227 329 326 368 que,
356 315 550 356 Bentleio
582 315 707 367 longe
739 315 997 368 potioribus,
1035 329 1163 369 aegre
1192 317 1479 369 persuadeam
1510 318 1734 359 veritatem

225 384 349 425 istius
390 383 623 437 praecepti.
686 387 802 424 certe
843 383 959 437 apud
996 384 1273 425 scholiastam
1303 386 1429 426 Statii
1461 401 1557 427 cum
1589 390 1736 428 extent

225 452 355 493 haec:
402 455 646 502 Pomponius
687 455 726 492 e'n
767 466 971 493 armorum
1013 456 1165 494 iudicio
1207 451 1307 494 ‘lum
1341 468 1452 505 prae
1488 468 1531 495 se
1564 462 1738 505 portant

226 522 513 562 ascenclz‘bilem
555 518 773 571 semilam’,
826 534 877 561 ea
922 521 967 562 O.
1002 521 1263 563 Ribbeckius
1305 522 1349 562 L.
1387 523 1620 576 Pomponio
1663 524 1735 565 Se-

229 588 378 639 cundo,
413 589 486 642 qui
518 589 600 630 fuit
631 589 824 642 aequalis
847 588 1048 640 Senecae,
1081 590 1197 631 nulla
1221 590 1491 632 dubitatione
1514 591 1736 641 adtribuit,

226 657 374 699 addito
397 657 582 699 fortasse
612 663 845 712 γραφικῶς
870 657 1080 700 admissos
1104 672 1196 700 esse
1220 659 1444 712 spondeos.
1496 674 1598 701 sane
1621 664 1738 702 amat

226 725 439 780 spondeos
482 725 744 767 Ribbeckius
791 739 951 779 ponere
992 726 1067 768 ubi
1104 731 1289 769 metrum
1333 728 1392 769 eis
1436 729 1735 783 corrumpitur.

225 795 357 836 veluti
398 794 529 835 talem
575 794 689 835 idem
735 796 959 850 proposuit
1000 795 1146 837 Laevii
1188 797 1311 849 quasi
1354 797 1633 850 galliambum
1676 797 1737 839 ‘tu

227 867 295 914 qui
328 863 575 914 permensus
607 867 726 914 ponti
768 867 901 905 maria
943 868 1027 905 alta
1072 862 1281 916 oe‘lizaeola’,
1323 879 1449 918 quem
1493 866 1528 907 si
1570 867 1737 908 cautius

226 946 354 985 quam
388 932 513 973 citius
544 932 806 983 retractarit,
838 936 938 986 apte
960 932 1262 974 recordabitur
1287 933 1394 975 illud
1417 934 1572 975 Catulli
1594 935 1736 976 verius

227 999 549 1053 galliambicum
592 998 691 1041 ‘iam
722 1004 800 1042 iam
834 1005 941 1042 dolet
971 1006 1079 1052 quod
1109 1006 1186 1053 egli,
1216 1006 1294 1044 iam
1326 1006 1484 1054 iamque
1508 1001 1735 1054 paenitel’.

226 1069 302 1110 sed
338 1069 493 1110 mirum
534 1069 745 1110 neminem
791 1070 1053 1112 intellexisse
1096 1084 1178 1112 non
1222 1085 1313 1113 esse
1355 1071 1578 1125 Pomponii
1624 1072 1738 1113 hunc

225 1152 406 1189 versum,
440 1151 531 1179 esse
559 1137 745 1179 Pacuvii.
807 1152 917 1191 quae
953 1153 1022 1180 res
1056 1140 1183 1182 etiam
1216 1154 1264 1181 eo
1299 1140 1589 1192 confirmatur,
1623 1141 1738 1194 quod

226 1206 536 1247 adiectivorum
558 1206 601 1247 in
624 1209 730 1248 {bilis
753 1208 1000 1249 exeuntium
1023 1208 1083 1250 eis
1101 1223 1212 1262 quae
1235 1209 1331 1263 plus
1353 1209 1516 1251 habent
1533 1213 1739 1263 quattuor

227 1274 403 1329 syllabis
424 1278 599 1328 praeter
621 1275 860 1329 composita
879 1280 979 1330 post
1001 1277 1237 1330 Vergilium
1260 1278 1574 1332 Horatiumque
1597 1278 1738 1320 nullus

226 1343 316 1384 fere
338 1357 440 1385 usus
464 1347 528 1384 est
549 1347 776 1397 poetarum
799 1345 879 1386 nisi
902 1344 1052 1387 ultimo
1074 1349 1268 1399 tempore
1293 1346 1527 1398 christiani,
1557 1362 1738 1400 quorum

225 1415 324 1453 sunt
355 1415 628 1454 converle'bile's
661 1412 882 1467 [Prudent.
916 1414 1060 1467 apoth.
1094 1415 1207 1469 276}
1240 1418 1494 1466 impossibilis
1527 1415 1599 1470 [ib.
1625 1417 1737 1471 833}

225 1484 568 1522 immarcescibilis
607 1481 744 1536 [Paul.
769 1481 919 1523 Nolan.
946 1486 1009 1534 15,
1034 1484 1152 1538 360]‚
1197 1487 1408 1525 invisibilis
1441 1484 1514 1538 [ib.
1539 1488 1603 1535 36,
1624 1485 1737 1540 207],

225 1552 590 1601 imcomprensibilis
629 1550 746 1605 [ib.]‚
786 1550 882 1592 alia.
944 1555 989 1593 at
1029 1552 1204 1593 hercule
1242 1552 1530 1605 antiquissimi
1560 1553 1733 1595 Latino-

224 1632 319 1659 rum
359 1617 467 1659 haec
505 1622 554 1660 ut
594 1619 749 1660 similia
781 1619 1049 1675 polysyllaba
1081 1635 1177 1662 cum
1209 1635 1365 1675 magna
1397 1622 1634 1664 adhibuere
1665 1636 1736 1663 vo-

223 1686 403 1740 luptate.
450 1687 563 1729 unde
595 1688 691 1741 quis
719 1688 892 1741 ignorat
922 1688 1155 1731 Pacuvium
1186 1691 1327 1744 ipsum
1359 1704 1384 1731 a
1416 1691 1565 1733 Persio
1588 1691 1644 1745 [1,
1665 1691 1736 1745 77]

225 1758 447 1809 arreptum
487 1756 554 1797 his
596 1756 790 1798 versibus
835 1755 948 1798 ‘sawt
985 1772 1082 1808 quos
1115 1762 1398 1810 Pacuviusque
1439 1766 1476 1800 et
1514 1773 1735 1801 verrucosa

222 1831 401 1865 moretur
433 1828 621 1876 Antiopa,
654 1830 860 1867 aerummis
893 1841 963 1868 cor
995 1830 1251 1877 luctificabile
1275 1825 1437 1879 fulta?

340 1893 493 1944 Porro,
536 1894 648 1935 sicut
690 1895 732 1935 in
776 1894 990 1947 iambicis,
1033 1899 1076 1937 et
1117 1896 1160 1936 in
1204 1896 1386 1938 choricis
1431 1896 1535 1938 satis
1576 1896 1735 1938 similes

226 1962 414 2003 Senecae
447 1962 640 2004 extitisse
663 1964 856 2017 Augusto
880 1964 1084 2018 aequales
1105 1965 1294 2018 tragicos
1318 1964 1596 2019 probabilest,
1629 1979 1736 2018 quos

225 2030 398 2083 quidem
439 2035 544 2084 puto
590 2045 668 2085 pro
714 2032 892 2075 libidine
929 2033 1077 2074 Laevii
1121 2037 1163 2074 et
1205 2033 1384 2085 Catulli,
1426 2048 1525 2075 mox
1566 2034 1737 2075 Horatii

226 2113 326 2140 usos
359 2112 451 2140 esse
492 2100 641 2142 metris
678 2100 838 2155 lyricis,
884 2104 1113 2155 praeterea
1156 2103 1403 2156 anapaestis
1444 2103 1733 2154 monometris,

224 2171 272 2209 ut
304 2168 522 2220 Senecam,
556 2182 662 2222 quos
694 2170 866 2223 quidem
899 2170 952 2212 ab
985 2170 1090 2224 ipsis
1122 2174 1300 2212 novatos
1333 2171 1541 2212 existimo.
1593 2171 1733 2212 locum

225 2239 368 2277 autem
414 2250 499 2278 non
547 2237 808 2280 mediocrem
855 2238 970 2293 apud
1016 2253 1088 2280 eos
1135 2239 1371 2293 optinuisse
1419 2240 1592 2282 chorica
1636 2240 1735 2281 inde

225 2304 467 2357 concludas,
498 2306 614 2359 quod
634 2307 676 2347 in
701 2310 824 2348 tanta
847 2307 977 2359 Varii,
1010 2308 1205 2360 Santrae,
1239 2308 1436 2361 Gracchi,
1471 2309 1611 2351 Ovidii
1642 2323 1733 2350 car-

225 2373 386 2414 minum
418 2374 700 2428 reliquiarum
730 2376 952 2429 paucitate
988 2376 1263 2418 inveniuntur
1294 2378 1380 2419 tria
1401 2376 1735 2432 anapaestorum

226 2442 433 2495 exempla.
499 2443 606 2485 illud
652 2447 796 2486 tamen
847 2445 1159 2498 fragmentum,
1208 2445 1323 2499 quod
1366 2447 1616 2500 gravissime
1661 2446 1734 2487 ad-

222 2509 383 2552 fectum
411 2511 571 2565 legitur
603 2513 717 2566 apud
750 2513 934 2555 Marium
953 2514 1225 2555 ‘Victorinum
1256 2529 1324 2568 pg.
1350 2518 1473 2566 2503,
1504 2515 1648 2569 potius
1679 2514 1735 2555 ad

223 2578 432 2621 iambicos
471 2594 672 2622 numeros
711 2581 847 2623 videri
879 2582 1167 2624 revocandum
1199 2583 1298 2624 olim
1329 2583 1486 2625 monui.
1547 2597 1733 2637 anapae-

224 2649 313 2688 stos
353 2648 614 2691 constituere
656 2649 772 2691 docti
819 2650 992 2692 minime
1032 2651 1292 2693 tolerandos.
1354 2652 1549 2705 suspicor
1589 2654 1733 2693 autem

224 2715 323 2757 olim
356 2717 488 2759 verba
523 2721 731 2772 concepta
760 2718 891 2760 fuisse
923 2719 967 2760 111
996 2720 1108 2761 hanc
1140 2720 1230 2761 fere
1260 2719 1463 2761 formam:

499 2809 633 2832 sonora
658 2798 777 2833 nervis
804 2798 962 2843 primum
988 2800 1032 2834 ab
1058 2799 1128 2834 hoc
1154 2802 1334 2845 septemst
1356 2799 1447 2834 fides

498 2855 640 2889 intenta
664 2856 828 2899 variique
854 2856 968 2890 additi
992 2868 1125 2890 vocum
1151 2857 1260 2901 modi,

496 2912 623 2946 mundi
648 2912 820 2957 perennis
846 2913 953 2947 dulce
981 2914 1060 2958 quis
1087 2917 1235 2948 resonat
1261 2925 1372 2948 canor

499 2981 564 3003 sua
588 2980 626 3004 se
651 2974 750 3004 retro
776 2970 954 3005 volventis
976 2971 1013 3004 in
1038 2971 1203 3015 vestigia.
