1898 3292
266 201 343 238 152
842 208 961 232 LIBER
980 207 1189 232 snovivnvs.

264 311 337 352 sed
370 315 417 351 ut
449 310 620 351 redeam
662 310 715 350 ad
757 310 1045 363 propositum⁷
1087 308 1265 350 Albinus
1307 309 1358 350 de
1402 310 1597 350 versibus
1639 324 1771 363 supra

263 379 389 420 dictis
422 379 484 420 ita
514 378 648 420 refert
680 379 758 433 [gr.
788 378 812 418 1.
846 378 914 428 VI,
948 378 1071 432 211]:

537 454 607 487 vilo
637 452 801 497 spondeo
829 455 947 486 totum
974 451 1194 486 concludere
1221 464 1375 485 versum.

538 523 622 554 pars
647 510 745 554 potis
770 513 826 543 est
851 509 939 552 fieri,
964 509 1093 553 iunges
1120 509 1148 542 si
1174 509 1346 553 dactylon
1372 513 1467 554 apte.

264 584 395 633 atque
425 580 488 620 ita
521 579 682 620 Ennius
714 579 829 633 [ann.
863 579 957 632 66]:

539 653 600 687 olli
627 652 819 697 respondit
843 664 907 687 rex
932 652 1042 686 Albai
1068 651 1222 696 Longai.

264 728 309 764 at
340 737 423 764 11011
452 722 630 776 perinde
664 725 833 763 constat
854 721 1043 763 eiusdem
1068 735 1159 762 esse
1183 722 1372 762 auctoris
1392 721 1501 763 haec
1532 722 1646 776 [ann.
1674 724 1772 773 1693

264 791 361 833 dub.
395 792 459 846 5]:

539 848 636 881 cives
661 847 819 881 Romani
846 850 934 881 tunc
961 847 1048 880 facti
1077 850 1161 880 sunt
1189 846 1387 891 Campani3

538 904 826 938 introducuntur
850 904 964 948 legati
989 897 1297 938 Minturnensess

263 989 409 1015 verum
440 977 539 1027 post
572 973 752 1013 Ennium
785 974 856 1026 qui
889 973 1162 1013 classicorum
1197 973 1309 1013 idem
1344 973 1567 1014 admiserit
1598 988 1681 1013 non
1711 974 1772 1013 111-

264 1044 386 1084 venio
408 1046 583 1096 praeter
604 1057 734 1083 unum
758 1042 998 1095 exemplum
1022 1041 1177 1083 Catulli
1210 1042 1324 1096 [116,
1350 1042 1392 1096 3]
1431 1040 1520 1093 ‘que'
1549 1050 1586 1082 le
1608 1046 1775 1082 lenirem

268 1115 380 1153 nobis
412 1125 491 1152 neu
521 1108 761 1152 conarere'.
824 1114 869 1151 at
899 1125 977 1151 1100
1019 1110 1124 1151 illud
1166 1110 1270 1151 satis
1310 1109 1444 1151 habet
1482 1114 1618 1159 10010,
1661 1110 1775 1163 quod

265 1180 438 1233 quidam
481 1180 674 1220 homines
716 1179 829 1220 docti
873 1179 1120 1219 tribuerunt
1156 1179 1356 1219 Lucretio
1399 1179 1494 1233 [VI.
1532 1179 1658 1233 1133]
1702 1177 1772 1219 ‘cm

264 1253 418 1290 caelum
451 1251 564 1289 nobis
597 1255 750 1289 namra
786 1253 890 1289 ullro
923 1246 1199 1297 corruplum⁷‚
1245 1251 1286 1288 et
1326 1247 1448 1301 peius
1482 1247 1596 1300 quod
1629 1248 1775 1288 dixere

266 1316 457 1358 nonnulli
500 1316 848 1371 spondiazontem
892 1330 984 1357 esse
1021 1315 1198 1369 Vergilii
1231 1315 1358 1356 talem
1399 1316 1508 1370 [VIL
1543 1316 1643 1371 634]
1686 1315 1776 1357 ‘aul

265 1390 370 1427 leves
402 1400 546 1427 ocreas
578 1390 683 1426 lento
717 1390 869 1427 ducunt
900 1381 1112 1436 arqento',
1146 1398 1241 1425 cum
1273 1383 1445 1425 brevem
1479 1399 1571 1426 esse
1593 1386 1776 1438 primam

265 1455 308 1495 in
340 1468 464 1495 ocrea
493 1453 702 1508 probetur
724 1453 944 1495 Diomedis
976 1457 1018 1494 et
1041 1452 1166 1493 Plotii
1189 1453 1444 1494 testimoniis
1476 1454 1601 1508 [4953
1633 1454 1775 1508 2627}

265 1523 547 1564 Terentianus
588 1523 702 1576 quod
744 1523 796 1564 de
836 1522 994 1576 primo,
1036 1521 1108 1574 qui
1153 1521 1292 1563 dictus
1336 1525 1401 1563 est
1430 1521 1472 1562 in
1506 1522 1776 1575 antiquitate,

263 1591 515 1633 hexametro
549 1591 593 1647 ἰὴ
623 1591 772 1643 παιάν,
805 1590 849 1647 ἰὴ
879 1588 1026 1642 παιάν,
1061 1588 1106 1646 ἰὴ
1128 1588 1263 1633 παιάν
1285 1591 1345 1632 Sic
1367 1590 1534 1632 rettulit
1556 1591 1775 1646 [v.1592]:

540 1671 713 1716 spondeis
739 1671 840 1705 illum
866 1672 985 1716 primo
1013 1675 1139 1706 natum
1165 1671 1284 1706 cernis
1313 1683 1386 1714 sex,

264 1755 348 1781 non
391 1740 663 1794 neglegentia
705 1742 849 1794 potius
890 1755 1018 1794 quam
1063 1740 1240 1782 consilio
1281 1739 1387 1781 illud
1430 1739 1620 1780 evenisse
1653 1754 1776 1780 nemo

264 1823 347 1850 non
378 1809 506 1850 videt.
559 1809 712 1851 deinde
743 1809 890 1851 eodem
922 1809 1025 1851 vitio
1059 1809 1362 1850 abstinuerunt
1383 1808 1517 1849 ferme
1541 1808 1775 1850 christiani.

264 1882 409 1919 tamen
439 1877 524 1932 legi
556 1878 671 1932 apud
703 1879 909 1919 Avienum
942 1878 1096 1933 [deser.
1131 1877 1220 1919 orb.
1254 1882 1354 1918 terr.
1392 1878 1541 1932 1204]:

541 1956 579 1987 et
602 1964 842 1997 procerarum
867 1952 983 1987 fluctu
1009 1956 1138 1987 vernat
1162 1952 1375 1996 palmarum.

267 2025 310 2062 et
340 2021 456 2076 apud
486 2021 716 2063 Iuvenoum
753 2021 810 2076 [h.
844 2036 877 2063 e.
910 2022 981 2072 IV,
1011 2025 1113 2073 2333
1146 2021 1267 2076 629]:

543 2096 712 2130 certatim
740 2095 861 2140 duplis
887 2099 1069 2131 auxerunt
1093 2095 1340 2130 incrementis.

539 2153 700 2197 proiecit
724 2153 862 2197 templo
889 2156 968 2187 tum
995 2153 1182 2187 detestans
1207 2155 1409 2197 argentum.

264 2222 327 2263 ita
357 2221 602 2276 Drepanius
634 2221 760 2277 [LXL
790 2237 828 2275 p.
866 2223 1015 2277 1087]:

542 2305 579 2335 te
604 2302 696 2336 muti
724 2302 855 2346 pisces,
883 2305 919 2336 te
945 2302 1055 2335 virosi
1082 2303 1284 2345 serpentes.

380 2370 470 2410 Iam
500 2374 548 2411 ut
579 2374 724 2411 cetera
758 2384 992 2424 exsequar,
1032 2371 1136 2411 satis
1169 2374 1285 2411 certo
1316 2374 1460 2424 potest
1491 2370 1777 2411 demonstrari

265 2438 391 2489 illud,
434 2438 720 2491 aequabiliter
761 2439 1069 2480 distribuendis
1104 2439 1311 2488 numeris,
1353 2438 1388 2480 si
1427 2438 1777 2492 penthemimeris

266 2507 381 2548 adsit
410 2506 675 2557 hexametro,
708 2506 866 2548 debere
900 2521 991 2548 esse
1013 2507 1197 2561 primum
1230 2507 1382 2561 pedem
1415 2511 1457 2548 et
1479 2506 1712 2548 secundum
1735 2509 1779 2547 et

266 2576 460 2629 quintum
485 2575 731 2630 dactylicos,
763 2580 928 2617 ceteros
960 2575 1227 2629 spondiacos.
1289 2575 1401 2616 unde
1433 2576 1630 2629 egregius
1662 2575 1776 2628 quis-

266 2658 348 2698 que
379 2644 647 2685 versificator
679 2644 740 2684 sic
771 2658 877 2698 opus
908 2659 1030 2685 suum
1070 2644 1208 2685 solent
1249 2644 1434 2696 ingredi,
1480 2644 1611 2684 veluti
1657 2644 1776 2684 Maro

266 2713 473 2761 Aeneida,
506 2712 875 2766 Metamorphoses
907 2712 1101 2763 Ovidius,
1134 2713 1332 2753 Lucanus
1360 2712 1650 2762 Pharsaliam,
1681 2712 1775 2752 Sta-

264 2781 349 2822 tius
384 2780 632 2821 Achilleida.
693 2785 921 2834 praeterea
961 2781 1097 2834 magis
1143 2781 1287 2835 placet
1329 2781 1503 2822 secundi
1548 2784 1590 2821 et
1632 2781 1776 2833 quarti

266 2863 394 2902 quam
427 2849 608 2890 aliarum
636 2849 823 2903 partium
846 2849 1001 2890 inverti
1023 2863 1233 2891 numeros.
1286 2853 1330 2890 at
1352 2849 1393 2889 111
1417 2849 1775 2902 hephthemimeri

265 2922 433 2959 mutata
466 2918 705 2972 paullulum
738 2918 916 2970 ratione,
950 2932 1061 2972 quae
1091 2918 1238 2960 locata
1270 2922 1368 2959 sunt
1409 2922 1507 2958 ante
1541 2931 1774 2968 caesuram,
