1898 3292
123 208 202 244 284
709 215 827 238 LIBER
846 214 1034 245 QVARTVS.

120 317 274 358 iambis
307 320 381 357 aut
412 317 640 363 trochaeis,
680 321 907 370 puwterca
940 332 1140 357 concesffli
1173 317 1321 357 horum
1359 318 1445 357 vice
1480 318 1625 357 metris

119 385 315 426 iambicis
347 385 663 438 trochaicisque
695 385 947 439 plerumque
980 389 1215 438 anapaesto
1246 385 1309 425 vel
1345 385 1534 440 dactylo,
1574 400 1625 426 ne

121 458 211 495 tum
243 454 414 507 quidem
452 453 719 494 inverterunt
758 467 972 503 normam,
1015 454 1087 494 ubi
1130 454 1260 494 verba
1306 468 1383 507 por
1426 468 1470 494 se
1513 468 1624 495 eom-

121 523 248 563 moda
278 522 466 563 numeris
502 522 662 562 talibus
694 526 872 575 propter
910 522 1153 562 iuncturam
1194 522 1349 575 pedum
1382 523 1534 563 fierent
1564 524 1625 562 in-

121 595 241 644 epta,
286 605 423 643 neque
457 591 547 631 ausi
581 594 680 631 sunt
708 590 918 631 rationem
951 594 1143 631 extrema
1174 591 1431 632 necessitate
1462 592 1504 631 in
1535 606 1626 631 ver·
1683 604 1688 607 ·

119 659 236 700 sibus
268 659 491 713 dactylicis
523 672 769 712 expressam
801 673 878 712 per
910 659 1141 700 ludibrium
1175 659 1407 699 intendere.

235 727 317 768 Sed
351 741 429 780 age
462 727 734 769 observatum
768 727 883 768 istud
916 742 967 768 ne
1000 727 1181 768 fallaciis
1215 727 1520 768 cir‹·:umveniat
1550 728 1625 767 1111-

118 796 365 850 prudentes,
398 796 594 849 exempla
622 797 908 849 repugnantia
931 810 1140 837 curemus.
1192 796 1324 848 igitur
1347 796 1625 849 Priapeorum

118 866 161 906 in
193 879 318 906 versu
354 866 438 919 [51‚
467 865 534 919 13]
578 863 904 916 ‘anzyqdalumve
930 870 1034 916 flore
1065 879 1280 915 purpureo
1305 862 1496 915 siclgyens’
1542 865 1625 904 iam

122 934 390 974 Burmannus
432 933 538 974 vidit
580 933 853 974 scribendum
896 947 989 974 esse
1030 947 1261 983 purpurae.
1335 947 1465 985 porro
1512 933 1626 985 apud

119 1003 325 1043 Senecam
373 1002 413 1042 in
462 1002 650 1056 Thyesta
692 1003 815 1057 [2323
859 1006 964 1054 6503
1010 1002 1136 1056 1052]
1183 1001 1422 1055 antiquitus
1465 1001 1627 1042 tradita

119 1071 316 1111 feruntur
347 1070 475 1112 haec:

440 1175 474 1207 in
503 1178 608 1218 parte
635 1175 755 1219 carpit
780 1178 885 1218 prata
911 1186 1002 1218 quae
1031 1174 1169 1208 claudit
1192 1174 1285 1218 lapis

440 1232 549 1265 fatale
575 1243 684 1265 saxeo
710 1243 885 1275 pascuum
912 1243 1016 1265 muro
1043 1234 1182 1275 tegens.

439 1301 573 1321 arcana
598 1289 632 1321 in
660 1289 732 1321 11110
761 1289 862 1332 regia
887 1300 1032 1322 secessu
1059 1291 1162 1332 patet

440 1346 513 1379 alta
537 1348 723 1379 vetustum
748 1346 841 1379 valle
869 1357 1108 1389 compescens
1137 1357 1273 1379 nemus.

440 1403 569 1437 sceleri
595 1402 725 1436 modus
751 1403 918 1445 debetur,
946 1403 1007 1436 ubi
1033 1403 1143 1436 facias
1173 1403 1301 1444 5001115,

440 1472 513 1494 non
538 1460 601 1494 ubi
627 1472 794 1504 reponas.

122 1546 195 1586 sed
229 1546 323 1599 quis
356 1547 501 1587 credet
532 1547 651 1587 illum
680 1547 723 1587 in
756 1546 952 1587 iambicis
983 1546 1132 1587 metris
1166 1560 1216 1586 ea
1247 1546 1475 1587 insolentia
1498 1546 1628 1587 fuisse

120 1629 256 1665 11511111
291 1630 363 1667 qu
352 1630 416 1655 am
448 1630 500 1656 ne
531 1616 573 1656 in
597 1615 821 1671 dactylicis
853 1615 1024 1668 quidem
1057 1615 1333 1655 adhibueiit?
1372 1618 1414 1656 et
1435 1616 1477 1656 in
1501 1616 1628 1656 tertio

121 1683 293 1735 quidem
335 1685 529 1737 exemplo
573 1698 656 1724 non
700 1684 870 1725 videtui
908 1683 1085 1725 dubium
1125 1684 1227 1736 quin
1270 1683 1543 1724 scribendum
1574 1685 1630 1724 sit

114 1750 175 1791 'ul
200 1756 340 1803 facim
370 1750 522 1793 scelus’
532 1786 541 1801 ,
582 1753 625 1793 111
658 1752 813 1805 quibus
845 1760 888 1793 u(
924 1752 1007 1793 loci
1039 1753 1255 1793 notionem
1288 1757 1330 1793 et
1359 1752 1498 1805 ipsum
1531 1766 1628 1792 con-

120 1820 246 1870 tinet
288 1821 340 1861 de
381 1835 467 1874 qua
515 1821 623 1862 dixit
662 1821 963 1862 Lachmannus
1007 1821 1312 1862 commentario
1346 1821 1627 1874 l'ropeitiano

120 1889 177 1943 [p.
212 1890 325 1943 238}
387 1894 433 1930 at
472 1890 515 1930 in
555 1890 693 1943 primo
734 1890 827 1931 loco
870 1889 976 1930 illud
1018 1904 1145 1931 saxeo
1188 1893 1380 1943 apertest
1422 1889 1628 1942 ineptum

121 1957 194 2009 qui
227 1958 337 1998 enim
370 1972 453 1999 11011
478 1959 639 2012 poterit
667 1958 868 1999 claudere
898 1958 1008 2012 lapis
1040 1973 1208 1999 murum
1240 1972 1415 1999 saxeum
1428 1959 1447 1999 ⁴?
1495 1972 1629 2011 quare

121 2026 264 2066 1105010
296 2040 350 2067 an
382 2031 499 2067 recte
530 2031 748 2068 statuatur
770 2041 939 2068 versum
971 2040 1098 2068 sensu
1129 2027 1293 2080 pariter
1316 2041 1366 2068 ac
1388 2031 1524 2068 metro
1557 2026 1628 2067 de-

120 2094 298 2135 formem
340 2095 505 2136 venisse
551 2109 602 2136 ex
649 2095 798 2136 eadem
838 2095 1025 2146 fabrica,
1067 2109 1152 2148 qua
1195 2095 1266 2136 ille
1307 2095 1350 2135 in
1396 2095 1628 2148 Hippolyto

114 2161 247 2204 ‘leand
277 2167 488 2214 quisquam.
520 2169 577 2205 acl
606 2167 726 2204 ὐἱίαῃι
758 2168 888 2215 facile
918 2168 1106 2205 revocari
1134 2162 1308 2215 potesl'.
1371 2164 1554 2216 denique
1586 2164 1628 2203 in

120 2230 261 2272 medio
299 2236 436 2273 metro
468 2246 546 2285 pro
578 2236 697 2284 reqia.
728 2236 844 2273 recte
878 2232 993 2273 docti
1025 2236 1152 2283 remo.
1213 2246 1311 2273 nam
1353 2232 1467 2285 quod
1504 2246 1627 2285 prae-

120 2303 241 2340 terea
290 2300 333 2340 in
380 2301 565 2342 Hercule
611 2301 772 2342 Oetaeo
822 2302 971 2355 [1341]
1021 2300 1154 2342 habet
1202 2300 1312 2341 liber
1358 2300 1629 2341 Florentinus

133 2371 303 2417 spiritus
337 2373 507 2420 sumens
540 2384 624 2409 meo
655 2374 817 2421 leqatur
850 2383 939 2418 ore,
975 2373 1145 2410 brachia
1177 2377 1214 2410 el
1244 2373 1455 2419 (amplexus
1486 2366 1628 2418 (χωρ’,

121 2435 164 2476 111
206 2440 356 2489 aperte
400 2441 651 2490 corruptum
696 2443 738 2478 et
782 2439 950 2491 pridem
996 2442 1275 2491 persanatum
1320 2451 1372 2477 ne
1414 2437 1629 2477 mentione

123 2504 295 2558 quidem
341 2505 568 2558 dignumst.
640 2506 755 2559 apud
801 2507 1107 2547 Terentianum
1155 2506 1277 2560 [419]
1323 2506 1366 2545 in
1409 2505 1628 2546 trochaico

122 2578 259 2615 metro
294 2573 610 2614 scribendumst
642 2582 804 2624 quatior
835 2581 923 2628 pro
946 2589 1007 2625 eo,
1042 2575 1155 2627 quod
1178 2574 1303 2627 vulgo
1336 2573 1474 2614 fertur
1506 2573 1629 2626 quasi

123 2641 400 2695 disyllabum,
446 2649 648 2692 quattuor.
710 2656 807 2683 mox
848 2643 960 2683 idem
993 2643 1107 2696 quod
1147 2642 1368 2683 trochaico
1411 2642 1454 2682 in
1492 2645 1628 2682 metro

122 2711 340 2751 enarravit
380 2711 501 2764 [7553
536 2710 635 2764 759]
681 2710 839 2751 dixisse
871 2711 1091 2751 Maronem
1125 2715 1262 2751 tenuia.
1296 2715 1338 2751 et
1366 2724 1502 2761 {senua
1533 2724 1628 2749 cum

123 2794 147 2818 ιι
182 2793 370 2819 consona
391 2779 459 2819 vix
491 2779 724 2819 memoriae
757 2782 917 2832 aptum.
970 2779 1055 2820 alia
1087 2793 1199 2829 voro,
1232 2793 1314 2820 non
1351 2779 1487 2831 magis
1518 2791 1627 2830 quae

123 2850 319 2888 evertant
350 2847 562 2900 regulam,
600 2847 713 2887 infra
743 2848 1030 2899 perlustrabo.
1093 2847 1168 2888 sed
1201 2847 1413 2888 Ausonius
1443 2850 1485 2887 et
1517 2846 1627 2886 chri-

122 2915 360 2961 stianorum
398 2916 537 2957 ultimi
576 2916 678 2969 quin
721 2915 851 2957 semel
893 2920 969 2956 aut
1005 2916 1070 2957 bis
1110 2916 1302 2970 regulam
1335 2915 1509 2956 laesisse
1541 2914 1627 2955 exi-
