1898 3292
758 168 877 193 mmm
898 166 1050 192 PRIMVS.
1581 156 1595 194 l
1608 157 1658 195 29

265 270 354 311 Iam
387 271 501 324 quod
529 270 680 312 horum
704 284 915 318 versuum,
948 272 1022 309 aut
1044 269 1189 321 siquos
1210 267 1289 321 ipsi
1315 281 1448 321 prava
1470 266 1660 308 sollertia

151 353 382 390 novavere,
429 353 559 392 saepe
598 339 681 379 duo
729 342 804 379 aut
848 338 976 378 etiam
1018 341 1106 378 tres
1147 336 1403 388 coiugarunt
1443 336 1486 376 in
1529 350 1660 376 unum

151 407 343 449 homines
380 407 511 458 docti,
554 406 749 447 fecerunt
787 406 830 446 id
860 405 1151 446 insulsissime.
1215 404 1370 445 etenim
1406 404 1660 457 plerumque

151 490 203 516 ne
236 478 362 529 aptus
393 475 563 529 quidem
597 477 780 528 apparet
812 487 1016 523 conexus,
1048 472 1127 513 nisi
1156 472 1228 513 ubi
1258 486 1470 522 versuum,
1504 472 1660 525 quibus

153 544 333 585 concisis
365 543 430 585 vel
463 542 689 596 discerptis
721 546 920 584 constant
949 541 1117 583 cantica
1139 540 1224 592 illa,
1258 540 1448 594 legitima
1472 540 1662 582 evenerit

152 613 327 666 species,
359 611 490 653 veluti
522 612 604 653 ita:

540 698 635 732 vitae
661 697 760 732 dirus
785 708 896 740 amor,
925 708 1008 731 cum
1033 698 1159 741 pateat
1182 696 1286 729 malis

153 755 248 792 aut:

540 824 607 857 par
630 812 690 846 ille
721 812 808 857 regi,
837 823 903 856 par
927 811 1070 856 superis
1095 811 1176 844 erit.

154 891 196 929 et
227 901 278 928 ne
311 886 446 929 stabit
478 887 649 940 quidem
681 901 885 940 umquam
925 887 1047 928 ratio.
1111 900 1208 926 nam
1241 884 1304 926 vel
1345 885 1423 935 sic,
1465 885 1545 925 nisi
1579 883 1661 926 fre-

155 960 336 1010 quenter
368 959 409 997 et
448 955 591 996 hiatus
634 956 842 996 admissos
885 960 927 995 et
958 955 1193 1008 productas
1223 955 1265 995 in
1294 954 1405 995 thesi
1437 953 1588 995 breves
1620 958 1663 994 et

151 1025 328 1066 lacunas
369 1023 486 1065 nullo
528 1038 677 1065 sensus
713 1024 884 1065 defectu
916 1023 1086 1064 hiantes
1119 1027 1160 1063 et
1192 1022 1348 1063 similia
1377 1023 1661 1076 perversitate

153 1093 286 1134 males
331 1096 542 1142 statuere,
593 1106 762 1146 semper
807 1091 1075 1145 superabunt
1121 1105 1269 1132 versus
1316 1091 1513 1131 minores.
1587 1090 1661 1131 sed

154 1161 438 1203 certissimum
485 1161 583 1202 inde
631 1165 930 1214 argumentum
974 1174 1258 1209 assumemus,
1307 1159 1438 1212 quod,
1484 1173 1577 1200 cum
1613 1173 1662 1199 ea

155 1234 304 1278 metra,
338 1243 448 1282 quae
480 1233 629 1283 aperte
662 1230 868 1282 longiore·
887 1228 1160 1269 continentur
1183 1227 1360 1277 ambitu,
1391 1227 1664 1267 inveniantur

154 1299 324 1339 omnino
355 1297 591 1348 rarissime,
632 1297 730 1339 talis
772 1296 935 1338 fastidii
973 1296 1090 1337 nulla
1130 1295 1302 1336 hercule
1342 1309 1473 1336 causa
1503 1296 1664 1349 poterit

155 1367 354 1420 reperiri,
387 1366 422 1407 si
455 1369 621 1407 ceteros
654 1379 802 1407 versus
834 1365 961 1406 simili
996 1368 1072 1405 aut
1103 1364 1250 1405 eodem
1283 1364 1414 1405 fuisse
1447 1364 1664 1404 existima-

155 1435 294 1476 bimus
327 1435 477 1489 spatio.
528 1434 641 1475 uude
671 1434 773 1487 quid
801 1434 1021 1474 lucramur
1050 1433 1157 1474 talia
1191 1432 1402 1486 fingendo,
1436 1433 1517 1472 nisi
1550 1432 1664 1485 quod

157 1504 389 1545 versiculos
420 1517 497 1556 per
529 1517 573 1544 se
610 1503 884 1544 mediocriter
925 1502 1131 1543 formatos
1173 1501 1413 1556 copulando
1446 1501 1665 1541 reddimus

155 1572 394 1625 pessimos?
455 1585 508 1612 an
542 1572 631 1612 sine
664 1585 795 1612 causa
823 1571 983 1611 factum
1015 1584 1108 1611 esse
1149 1569 1508 1617 existimabimus,
1551 1569 1665 1622 quod

158 1640 400 1681 conditores
433 1640 560 1690 artis,
601 1644 649 1681 ut
687 1639 752 1680 his
786 1638 990 1692 exemplis
1020 1638 1247 1691 defungar,
1289 1651 1436 1678 versus
1469 1637 1663 1691 sapphici

157 1723 252 1750 eum
282 1708 474 1749 ordinem
505 1708 743 1758 voluerunt,
777 1722 901 1761 quem
935 1707 1145 1757 videmus,
1178 1720 1261 1747 non
1294 1706 1429 1747 hunc:

499 1791 665 1823 sacervet
691 1787 889 1823 Cithaeron
915 1787 1091 1832 sanguine
1117 1786 1277 1821 undavit.

157 1877 234 1905 nec
265 1863 417 1905 alcaici
448 1863 599 1904 talem:

499 1948 629 1982 militia
653 1959 746 1992 puer
771 1948 943 1981 robustus
969 1946 1071 1981 acri?

157 2024 237 2065 nisi
278 2023 389 2065 forte
431 2036 479 2064 eo
519 2022 746 2076 pravitatis
785 2025 1034 2075 provectum
1068 2034 1160 2061 esse
1193 2020 1416 2061 credemus
1448 2020 1667 2071 Senecam,

157 2096 205 2134 ut
234 2095 457 2146 sperneret
488 2090 647 2145 optime
689 2091 911 2142 coiugatos
952 2102 1100 2130 versus
1140 2088 1376 2141 longiores,
1418 2094 1463 2130 at
1502 2092 1669 2129 amaret

157 2161 352 2214 pessime.

273 2228 391 2279 Quae
427 2241 521 2268 cum
554 2227 615 2267 ita
647 2226 748 2277 sint,
781 2226 885 2266 nihil
928 2226 1014 2267 iam
1058 2228 1304 2279 paratumst
1344 2225 1525 2277 negotii,
1567 2225 1667 2278 quin

162 2297 466 2338 adscribantur
498 2296 669 2337 cantica
703 2297 797 2336 ista.
860 2296 901 2336 in
934 2295 1089 2348 quibus
1123 2309 1216 2335 cum
1249 2308 1389 2348 pauca
1420 2293 1471 2334 de
1505 2294 1669 2334 coniec-

159 2369 258 2406 tura
290 2366 534 2406 novarimus
563 2368 729 2414 nostra,
762 2364 888 2412 haec,
921 2363 1251 2417 qualiacumque
1283 2362 1469 2411 fuerunt,
1501 2362 1669 2402 silentio

158 2433 425 2474 transeunda
457 2433 712 2474 censuimus.

433 2529 597 2564 Effusam
622 2529 790 2563 redimite
817 2540 959 2563 comam
985 2531 1138 2562 nutante
1165 2529 1352 2572 corymbo,

433 2587 557 2620 mollia
581 2586 722 2620 Nisaeis
753 2589 936 2620 armantes
961 2585 1134 2620 bracchia
1162 2585 1307 2628 thyrsis.

433 2643 597 2677 lucidum
624 2644 715 2678 caeli
740 2643 862 2686 decus,

437 2700 507 2734 huc
533 2700 618 2734 ades
643 2701 748 2743 votis,

437 2768 528 2800 quae
554 2757 622 2790 tibi
647 2757 788 2791 nobiles

436 2813 596 2856 Thebae,
624 2813 781 2857 Bacche,
808 2816 891 2847 tuae

436 2870 566 2914 palmis
591 2871 820 2914 supplicibus
846 2870 976 2904 ferunt.

231 2951 262 2975 L.
281 2951 469 2982 Muelleri3
495 2952 538 2975 De
557 2959 577 2976 r.
598 2960 632 2975 m.
653 2959 679 2981 p.
701 2951 731 2974 L.
1379 2939 1398 2968 9
