1898 3292
778 230 896 254 LIBER
915 230 1123 254 sEovNDvs.
1629 220 1707 258 153

204 348 297 374 cum
322 332 508 374 debeant
530 333 673 387 potius
696 333 1018 386 anapaesticum
1038 346 1163 385 quain
1189 331 1467 385 spondiacum
1487 345 1708 371 numerum

202 401 384 452 referre,
424 401 557 442 thesis
604 401 817 442 secundae
860 404 900 441 et
942 400 1096 441 tertiae
1129 400 1213 441 iam
1245 399 1473 441 invertitur
1502 399 1708 449 condicio,

203 470 319 523 quali
350 474 484 511 metro
518 470 731 523 Vergilius
764 469 930 510 orditur
963 469 1195 522 Georgica:

478 544 564 588 quid
590 544 700 578 faciat
725 544 839 577 laetas
865 547 1020 587 segetes,
1047 554 1117 586 quo
1145 542 1263 576 sidere
1289 545 1436 576 terram.

202 607 313 657 hinc,
349 608 382 648 si
416 607 591 660 quintae
623 607 712 648 sedi
742 606 929 647 addatur
951 605 1177 660 spondeus,
1210 619 1304 646 cum
1328 604 1382 645 ad
1406 604 1711 658 exaequandos

203 690 402 717 numeros
424 675 688 729 praecedens
718 675 866 728 utique
898 674 1055 715 debeat
1076 674 1236 715 habere
1266 673 1495 728 dactylum,
1529 677 1711 726 apparet

202 759 284 785 11011
315 758 439 797 posse
471 744 578 784 bene
612 743 711 797 poni
744 743 1009 797 paenultimo
1040 742 1134 784 loco
1164 742 1315 796 pedem
1346 742 1598 792 breviorem,
1630 742 1711 783 nisi

201 817 249 854 ut
279 812 393 854 adsit
424 816 561 853 metro
593 812 910 865 semiquinaria.

318 881 406 922 Has
440 880 582 921 autem
616 881 904 934 perfectorum
939 894 1138 921 versuum
1171 879 1356 933 species,
1390 894 1473 932 quo
1505 879 1599 932 quis
1631 878 1712 919 fuit

201 949 492 1003 praestantior
525 953 630 999 arte,
664 963 713 989 eo
746 949 881 1002 magis
914 948 1181 1001 frequentari
1212 947 1412 989 verumst‘.

315 1017 478 1069 Quibus
513 1018 598 1058 iam
630 1017 795 1058 omissis
826 1031 966 1070 pauca
997 1017 1231 1057 adiciemus
1264 1016 1315 1057 de
1339 1016 1527 1069 spondeo
1551 1016 1711 1068 quinto.

202 1102 327 1140 quem
361 1101 454 1127 cum
485 1086 743 1127 necessitate
782 1086 982 1126 carminis
1016 1085 1115 1126 victi
1146 1085 1379 1126 identidem
1414 1084 1713 1125 adhibuissent

202 1155 467 1208 antiquiores
499 1154 652 1204 Latini,
686 1155 771 1195 alia
799 1154 923 1207 longe
956 1154 1094 1207 poetis
1126 1154 1384 1208 placuerunt
1416 1153 1606 1204 novellis,
1639 1154 1712 1206 qui

201 1223 488 1265 aemulatione
522 1223 909 1263 Alexandrinorum
944 1237 992 1264 eo
1024 1223 1109 1263 iam
1138 1226 1237 1263 sunt
1258 1222 1324 1263 usi
1346 1237 1424 1275 pro
1447 1227 1710 1263 ornamento.

201 1293 331 1334 veluti
374 1291 565 1333 Catullus
612 1291 962 1346 spondiazontem
1002 1291 1126 1332 finem
1174 1290 1414 1331 hexametri
1466 1306 1559 1332 cum
1608 1291 1712 1332 alibi

201 1362 306 1403 satis
347 1361 596 1414 frequenter
639 1360 829 1401 admittit
868 1385 923 1390 —
962 1360 1171 1401 abstinuit
1203 1364 1344 1400 tamen
1381 1359 1529 1400 eodem
1562 1360 1604 1400 in
1637 1360 1711 1413 hy-

205 1444 381 1471 menaeo
416 1454 465 1458 -ψ
498 1433 584 1469 tum
618 1429 659 1469 in
693 1428 846 1483 epyllio
880 1429 930 1470 de
963 1429 1089 1469 Peleo
1122 1433 1164 1469 et
1196 1428 1388 1478 Thetide,
1422 1428 1535 1481 quod
1566 1428 1711 1482 paullo

200 1499 296 1553 plus
326 1498 458 1540 CCCC
487 1498 620 1539 habet
640 1512 799 1548 versus,
832 1498 989 1539 viciens
1014 1497 1269 1551 quinquiens
1292 1510 1373 1538 non
1399 1497 1548 1547 minus,
1581 1496 1712 1537 semel

201 1567 330 1608 etiam
373 1567 580 1622 [78—80]
628 1566 761 1607 ternis
803 1566 1062 1607 continuatis
1107 1565 1329 1620 exemplis,
1373 1580 1467 1606 cum
1512 1565 1615 1606 alibi
1660 1580 1711 1606 ne

200 1635 303 1677 bina
343 1635 515 1689 quidem
557 1634 671 1688 apud
714 1635 889 1676 Latinos
931 1635 1204 1676 inveniantur
1245 1634 1422 1675 iunctim
1455 1637 1710 1687 propagata.

198 1719 329 1759 porro
362 1704 520 1746 similes
552 1704 684 1745 fuisse
715 1704 903 1745 rationes
937 1703 1149 1744 sociorum
1179 1703 1333 1745 Catulli
1367 1702 1578 1756 probatur
1610 1706 1710 1743 noto

200 1773 337 1814 Marci
374 1772 502 1814 Tullii
541 1773 654 1821 1000,
698 1773 769 1825 qui
810 1773 853 1812 in
898 1771 1092 1826 epistulis
1136 1771 1190 1812 ad
1223 1771 1413 1812 Atticum
1454 1771 1563 1826 [VIL
1597 1774 1633 1821 2,
1671 1771 1711 1825 1]

200 1845 257 1883 ita
288 1845 388 1883 belle
418 1841 557 1894 inquit
591 1844 704 1882 nobis
748 1839 877 1893 ‘flavit
911 1843 960 1882 ab
985 1844 1112 1891 Epiro
1142 1844 1370 1881 lenissimus
1399 1836 1710 1881 Onchesmites-².

199 1915 307 1952 hunc
327 1908 672 1962 σπονδειάζοντα
694 1913 799 1951 sicui
820 1914 926 1951 voles
948 1915 1039 1953 τῶν
1060 1910 1291 1964 νεωτέρων
1313 1923 1395 1960 pro
1420 1916 1485 1950 luo
1508 1905 1710 1949 vendita‘.

199 1979 261 2020 ita
293 1979 426 2020 Cinna
469 1978 610 2030 ‘alque
640 1982 794 2019 imitata
826 1981 936 2019 nives
978 1983 1116 2019 lucens
1159 1981 1309 2030 legse'tw·
1349 1982 1566 2029 crystallus
1583 1976 1605 2018 ³.
1668 1980 1713 2018 at

201 2047 414 2101 Vergilius
447 2051 489 2089 et
520 2046 695 2088 Ovidius
727 2047 895 2087 ratione
937 2046 1248 2100 exemplorum,
1293 2045 1367 2087 sed
1409 2060 1492 2087 non
1533 2045 1711 2099 perinde

202 2115 448 2169 frequentia
490 2115 649 2157 similes
696 2114 870 2155 fuerunt
918 2114 1097 2166 Catulli,
1150 2128 1276 2168 quem
1326 2113 1463 2167 magis
1511 2113 1713 2166 aequavit

200 2187 352 2226 auctor
373 2184 492 2226 Ciris.
542 2187 795 2233 ceterorum,
829 2183 1010 2236 Augusti
1031 2187 1225 2237 tempore
1258 2183 1330 2236 qui
1362 2182 1572 2229 vixerunt,
1604 2181 1712 2222 haec

200 2256 299 2295 sunt
328 2253 502 2306 placita.
553 2252 685 2293 habet
713 2252 965 2306 Propertius
997 2252 1338 2306 spondiazontes,
1370 2251 1444 2292 sed
1473 2264 1585 2301 raro,
1616 2264 1711 2291 cum

200 2321 394 2363 Tibullus
437 2321 616 2375 simplex
659 2325 788 2374 poeta
832 2324 874 2362 et
914 2335 1043 2375 porro
1076 2320 1232 2362 Culicis
1263 2324 1415 2362 auctor
1446 2319 1616 2361 omnino
1650 2319 1712 2359 fa-

201 2389 321 2431 cetiis
342 2389 503 2430 talibus
536 2393 723 2430 careant.
775 2388 981 2430 Horatius
1013 2402 1064 2429 ex
1095 2389 1306 2429 varietate
1339 2388 1481 2442 operis
1504 2387 1709 2428 diversus.

200 2472 298 2499 nam
344 2473 440 2499 cum
481 2458 524 2499 in
570 2458 732 2499 melicis
776 2462 818 2499 et
859 2458 1055 2499 iambicis
1097 2472 1173 2513 pro
1205 2462 1328 2498 tanta
1360 2457 1709 2498 hexametrorum

200 2526 420 2579 paucitate
453 2526 558 2567 satis
589 2526 725 2566 multa
753 2526 915 2567 habeat
947 2526 1146 2580 exempla
1183 2525 1435 2579 spondiaca,
1478 2525 1627 2566 eadem
1668 2525 1711 2564 in

201 2594 368 2636 Saturis
391 2598 433 2635 et
454 2594 661 2648 Epistulis
682 2599 857 2648 praeter
878 2609 1008 2636 unum
1034 2599 1076 2636 et
1104 2594 1276 2648 quidem
1309 2594 1432 2635 valde
1464 2596 1710 2646 suspectum

200 2663 255 2717 [a.
287 2678 327 2717 p.
361 2664 462 2718 467]
497 2663 667 2704 omnino
701 2663 917 2704 devitavit.
979 2664 1134 2704 etenim
1177 2663 1342 2704 numeri
1382 2661 1710 2716 spondiazontes

201 2745 296 2772 cum
332 2736 475 2772 aetate
507 2731 597 2772 eius
629 2731 817 2772 solerent
846 2731 1043 2773 adhiberi
1066 2732 1296 2773 ambitiosa
1326 2730 1535 2771 iactantia
1567 2730 1709 2770 erudi-

200 2800 330 2840 tionis
363 2803 405 2840 et
436 2799 634 2853 cupidine
666 2814 864 2840 versuum
898 2800 1222 2850 molliculorum‚
1253 2800 1338 2840 iam
1371 2813 1453 2839 non
1476 2802 1711 2852 potuerunt

201 2882 283 2909 non
316 2867 467 2909 abesse
499 2882 524 2908 a
555 2868 719 2908 satirici
747 2869 948 2910 carminis
970 2869 1245 2922 simplicitate
1278 2871 1320 2908 et
1352 2867 1577 2915 cruditate,
1609 2867 1710 2906 licet

202 2935 393 2990 alioquin
434 2936 517 2977 hoc
565 2936 755 2977 abundet
800 2937 1011 2991 spondeis.
1080 2937 1188 2978 haec
1236 2940 1379 2978 autem
1426 2949 1537 2989 quae
1583 2935 1709 2977 modo
