<?xml version="1.0" encoding="UTF-8"?>
<!DOCTYPE html PUBLIC "-//W3C//DTD XHTML 1.0 Transitional//EN"
    "http://www.w3.org/TR/xhtml1/DTD/xhtml1-transitional.dtd">
<html xmlns="http://www.w3.org/1999/xhtml" xml:lang="en" lang="en">
 <head>
  <title>
</title>
<meta http-equiv="Content-Type" content="text/html;charset=utf-8" />
  <meta name='ocr-system' content='tesseract 3.04.00' />
  <meta name='ocr-capabilities' content='ocr_page ocr_carea ocr_par ocr_line ocrx_word'/>
</head>
<body>
  <div class='ocr_page' id='page_1' title='image "./deremetricapoeta00mluoft_0611.png"; bbox 0 0 1898 3292; ppageno 0'>
   <div class='ocr_carea' id='block_1_1' title="bbox 783 184 1685 223">
    <p class='ocr_par' dir='ltr' id='par_1_1' title="bbox 783 184 1685 223">
     <span class='ocr_line' id='line_1_1' title="bbox 783 184 1685 223; baseline 0.006 -5"><span class='ocrx_word' id='word_1_1' title='bbox 783 192 1021 218; x_wconf 75' lang='lat' dir='ltr'>OPVSCVLVM</span> <span class='ocrx_word' id='word_1_2' title='bbox 1040 193 1088 218; x_wconf 89' lang='lat' dir='ltr'>1v.</span> <span class='ocrx_word' id='word_1_3' title='bbox 1604 184 1685 223; x_wconf 82' lang='lat'>585</span> 
     </span>
    </p>
   </div>
   <div class='ocr_carea' id='block_1_2' title="bbox 177 294 1690 1723">
    <p class='ocr_par' dir='ltr' id='par_1_2' title="bbox 178 294 1685 488">
     <span class='ocr_line' id='line_1_2' title="bbox 178 294 1685 348; baseline -0.001 -10"><span class='ocrx_word' id='word_1_4' title='bbox 178 298 280 338; x_wconf 89' lang='lat' dir='ltr'>item</span> <span class='ocrx_word' id='word_1_5' title='bbox 314 296 366 337; x_wconf 94' lang='lat' dir='ltr'>de</span> <span class='ocrx_word' id='word_1_6' title='bbox 397 310 500 338; x_wconf 82' lang='lat' dir='ltr'>arcu</span> <span class='ocrx_word' id='word_1_7' title='bbox 532 296 706 337; x_wconf 88' lang='lat' dir='ltr'>caelesti</span> <span class='ocrx_word' id='word_1_8' title='bbox 738 309 789 336; x_wconf 84' lang='lat' dir='ltr'>ac</span> <span class='ocrx_word' id='word_1_9' title='bbox 822 294 873 335; x_wconf 90' lang='lat' dir='ltr'>de</span> <span class='ocrx_word' id='word_1_10' title='bbox 900 297 1106 348; x_wconf 88' lang='lat' dir='ltr'>quattuor</span> <span class='ocrx_word' id='word_1_11' title='bbox 1137 295 1237 335; x_wconf 90' lang='lat' dir='ltr'>anni</span> <span class='ocrx_word' id='word_1_12' title='bbox 1264 295 1462 348; x_wconf 83' lang='lat' dir='ltr'>partibus</span> <span class='ocrx_word' id='word_1_13' title='bbox 1494 299 1685 337; x_wconf 80' lang='lat' dir='ltr'>tractan-</span> 
     </span>
     <span class='ocr_line' id='line_1_3' title="bbox 178 363 1685 419; baseline -0.001 -12"><span class='ocrx_word' id='word_1_14' title='bbox 178 369 250 407; x_wconf 90' lang='lat' dir='ltr'>tur</span> <span class='ocrx_word' id='word_1_15' title='bbox 281 365 482 419; x_wconf 80' lang='lat' dir='ltr'>deinceps</span> <span class='ocrx_word' id='word_1_16' title='bbox 513 379 591 419; x_wconf 88' lang='lat' dir='ltr'>per</span> <span class='ocrx_word' id='word_1_17' title='bbox 622 363 902 414; x_wconf 87' lang='lat' dir='ltr'>monosticha,</span> <span class='ocrx_word' id='word_1_18' title='bbox 943 363 1140 414; x_wconf 86' lang='lat' dir='ltr'>disticha,</span> <span class='ocrx_word' id='word_1_19' title='bbox 1174 363 1385 414; x_wconf 86' lang='lat' dir='ltr'>tristicha,</span> <span class='ocrx_word' id='word_1_20' title='bbox 1417 364 1685 416; x_wconf 87' lang='lat' dir='ltr'>tetrasticha,</span> 
     </span>
     <span class='ocr_line' id='line_1_4' title="bbox 179 432 760 488; baseline -0.003 -13"><span class='ocrx_word' id='word_1_21' title='bbox 179 433 463 488; x_wconf 86' lang='lat' dir='ltr'>pentasticha,</span> <span class='ocrx_word' id='word_1_22' title='bbox 495 432 760 475; x_wconf 80' lang='lat' dir='ltr'>hexasticha.</span> 
     </span>
    </p>

    <p class='ocr_par' dir='ltr' id='par_1_3' title="bbox 177 500 1690 1723">
     <span class='ocr_line' id='line_1_5' title="bbox 297 500 1689 554; baseline -0.001 -11"><span class='ocrx_word' id='word_1_23' title='bbox 297 502 518 544; x_wconf 77' lang='lat' dir='ltr'>Hactenus</span> <span class='ocrx_word' id='word_1_24' title='bbox 549 501 668 543; x_wconf 87' lang='lat' dir='ltr'>haec.</span> <span class='ocrx_word' id='word_1_25' title='bbox 714 514 812 541; x_wconf 88' lang='lat' dir='ltr'>nam</span> <span class='ocrx_word' id='word_1_26' title='bbox 846 500 960 554; x_wconf 90' lang='lat' dir='ltr'>quod</span> <span class='ocrx_word' id='word_1_27' title='bbox 997 500 1225 542; x_wconf 85' lang='lat' dir='ltr'>novissimo</span> <span class='ocrx_word' id='word_1_28' title='bbox 1264 503 1457 554; x_wconf 88' lang='lat' dir='ltr'>tempore</span> <span class='ocrx_word' id='word_1_29' title='bbox 1495 502 1689 552; x_wconf 80' lang='lat' dir='ltr'>extitere,</span> 
     </span>
     <span class='ocr_line' id='line_1_6' title="bbox 181 568 1687 625; baseline -0.001 -12"><span class='ocrx_word' id='word_1_30' title='bbox 181 572 254 625; x_wconf 89' lang='lat' dir='ltr'>qui</span> <span class='ocrx_word' id='word_1_31' title='bbox 285 585 370 612; x_wconf 88' lang='lat' dir='ltr'>non</span> <span class='ocrx_word' id='word_1_32' title='bbox 401 574 568 625; x_wconf 88' lang='lat' dir='ltr'>partem</span> <span class='ocrx_word' id='word_1_33' title='bbox 601 569 832 611; x_wconf 89' lang='lat' dir='ltr'>Bucolicon</span> <span class='ocrx_word' id='word_1_34' title='bbox 864 568 1063 622; x_wconf 78' lang='lat' dir='ltr'><strong>Vergilii,</strong></span> <span class='ocrx_word' id='word_1_35' title='bbox 1112 568 1187 610; x_wconf 91' lang='lat' dir='ltr'>sed</span> <span class='ocrx_word' id='word_1_36' title='bbox 1217 582 1362 610; x_wconf 89' lang='lat' dir='ltr'>omnes</span> <span class='ocrx_word' id='word_1_37' title='bbox 1395 570 1485 610; x_wconf 91' lang='lat' dir='ltr'>eius</span> <span class='ocrx_word' id='word_1_38' title='bbox 1517 569 1687 622; x_wconf 77' lang='lat' dir='ltr'>eclogas</span> 
     </span>
     <span class='ocr_line' id='line_1_7' title="bbox 180 638 1689 693; baseline -0.003 -11"><span class='ocrx_word' id='word_1_39' title='bbox 180 640 374 693; x_wconf 83' lang='lat' dir='ltr'>adeoque</span> <span class='ocrx_word' id='word_1_40' title='bbox 418 638 666 693; x_wconf 76' lang='lat' dir='ltr'>tragoedias</span> <span class='ocrx_word' id='word_1_41' title='bbox 718 638 905 679; x_wconf 84' lang='lat' dir='ltr'>Senecae</span> <span class='ocrx_word' id='word_1_42' title='bbox 953 638 1143 691; x_wconf 83' lang='lat' dir='ltr'>integras</span> <span class='ocrx_word' id='word_1_43' title='bbox 1190 640 1320 690; x_wconf 88' lang='lat' dir='ltr'>atque</span> <span class='ocrx_word' id='word_1_44' title='bbox 1368 638 1453 678; x_wconf 89' lang='lat' dir='ltr'>alia</span> <span class='ocrx_word' id='word_1_45' title='bbox 1498 638 1689 679; x_wconf 85' lang='lat' dir='ltr'>carmina</span> 
     </span>
     <span class='ocr_line' id='line_1_8' title="bbox 179 705 1689 759; baseline -0.002 -9"><span class='ocrx_word' id='word_1_46' title='bbox 179 709 334 750; x_wconf 87' lang='lat' dir='ltr'>Latina</span> <span class='ocrx_word' id='word_1_47' title='bbox 373 708 440 750; x_wconf 86' lang='lat' dir='ltr'>vel</span> <span class='ocrx_word' id='word_1_48' title='bbox 474 708 642 749; x_wconf 85' lang='lat' dir='ltr'>Graeca</span> <span class='ocrx_word' id='word_1_49' title='bbox 681 707 977 749; x_wconf 76' lang='lat' dir='ltr'>existimarent</span> <span class='ocrx_word' id='word_1_50' title='bbox 1007 706 1197 759; x_wconf 88' lang='lat' dir='ltr'>partium</span> <span class='ocrx_word' id='word_1_51' title='bbox 1235 705 1523 748; x_wconf 84' lang='lat' dir='ltr'>concinnitate</span> <span class='ocrx_word' id='word_1_52' title='bbox 1554 707 1689 748; x_wconf 85' lang='lat' dir='ltr'>subti-</span> 
     </span>
     <span class='ocr_line' id='line_1_9' title="bbox 177 774 1688 830; baseline -0.001 -12"><span class='ocrx_word' id='word_1_53' title='bbox 177 777 284 819; x_wconf 88' lang='lat' dir='ltr'>liore</span> <span class='ocrx_word' id='word_1_54' title='bbox 330 780 373 818; x_wconf 92' lang='lat' dir='ltr'>et</span> <span class='ocrx_word' id='word_1_55' title='bbox 419 776 640 830; x_wconf 86' lang='lat' dir='ltr'>strophica</span> <span class='ocrx_word' id='word_1_56' title='bbox 681 775 867 829; x_wconf 85' lang='lat' dir='ltr'>quadam</span> <span class='ocrx_word' id='word_1_57' title='bbox 919 775 1128 816; x_wconf 86' lang='lat' dir='ltr'>contineri</span> <span class='ocrx_word' id='word_1_58' title='bbox 1174 774 1459 828; x_wconf 73' lang='lat' dir='ltr'>aequalitate,</span> <span class='ocrx_word' id='word_1_59' title='bbox 1510 775 1554 816; x_wconf 88' lang='lat' dir='ltr'>id</span> <span class='ocrx_word' id='word_1_60' title='bbox 1604 789 1688 816; x_wconf 91' lang='lat' dir='ltr'>non</span> 
     </span>
     <span class='ocr_line' id='line_1_10' title="bbox 177 842 1688 900; baseline -0.002 -13"><span class='ocrx_word' id='word_1_61' title='bbox 177 846 370 900; x_wconf 89' lang='lat' dir='ltr'>potuisse</span> <span class='ocrx_word' id='word_1_62' title='bbox 402 859 469 886; x_wconf 89' lang='lat' dir='ltr'>me</span> <span class='ocrx_word' id='word_1_63' title='bbox 500 845 641 886; x_wconf 89' lang='lat' dir='ltr'>animo</span> <span class='ocrx_word' id='word_1_64' title='bbox 671 843 932 898; x_wconf 89' lang='lat' dir='ltr'>persuadere</span> <span class='ocrx_word' id='word_1_65' title='bbox 964 844 1134 897; x_wconf 89' lang='lat' dir='ltr'>saepius</span> <span class='ocrx_word' id='word_1_66' title='bbox 1165 842 1486 885; x_wconf 88' lang='lat' dir='ltr'>declaratumst.</span> <span class='ocrx_word' id='word_1_67' title='bbox 1536 858 1688 898; x_wconf 86' lang='lat' dir='ltr'>nempe</span> 
     </span>
     <span class='ocr_line' id='line_1_11' title="bbox 181 912 1689 968; baseline -0.001 -13"><span class='ocrx_word' id='word_1_68' title='bbox 181 914 261 955; x_wconf 87' lang='lat' dir='ltr'>etsi</span> <span class='ocrx_word' id='word_1_69' title='bbox 285 914 379 968; x_wconf 87' lang='lat' dir='ltr'>ipsa</span> <span class='ocrx_word' id='word_1_70' title='bbox 410 917 592 955; x_wconf 88' lang='lat' dir='ltr'>naturae</span> <span class='ocrx_word' id='word_1_71' title='bbox 617 913 711 966; x_wconf 82' lang='lat' dir='ltr'>lege</span> <span class='ocrx_word' id='word_1_72' title='bbox 737 913 1034 962; x_wconf 85' lang='lat' dir='ltr'>institutumst‚</span> <span class='ocrx_word' id='word_1_73' title='bbox 1069 916 1127 962; x_wconf 86' lang='lat' dir='ltr'>ut,</span> <span class='ocrx_word' id='word_1_74' title='bbox 1150 915 1279 966; x_wconf 90' lang='lat' dir='ltr'>poeta</span> <span class='ocrx_word' id='word_1_75' title='bbox 1302 926 1384 966; x_wconf 92' lang='lat' dir='ltr'>quo</span> <span class='ocrx_word' id='word_1_76' title='bbox 1408 912 1503 965; x_wconf 90' lang='lat' dir='ltr'>quis</span> <span class='ocrx_word' id='word_1_77' title='bbox 1529 912 1584 953; x_wconf 92' lang='lat' dir='ltr'>sit</span> <span class='ocrx_word' id='word_1_78' title='bbox 1607 912 1689 953; x_wconf 88' lang='lat' dir='ltr'>ele-</span> 
     </span>
     <span class='ocr_line' id='line_1_12' title="bbox 179 976 1690 1036; baseline -0.002 -12"><span class='ocrx_word' id='word_1_79' title='bbox 179 983 371 1036; x_wconf 82' lang='lat' dir='ltr'>gantior,</span> <span class='ocrx_word' id='word_1_80' title='bbox 414 996 462 1023; x_wconf 90' lang='lat' dir='ltr'>eo</span> <span class='ocrx_word' id='word_1_81' title='bbox 501 982 637 1034; x_wconf 82' lang='lat' dir='ltr'>magis</span> <span class='ocrx_word' id='word_1_82' title='bbox 679 981 853 1023; x_wconf 82' lang='lat' dir='ltr'>studeat</span> <span class='ocrx_word' id='word_1_83' title='bbox 893 980 1095 1022; x_wconf 84' lang='lat' dir='ltr'>carminis</span> <span class='ocrx_word' id='word_1_84' title='bbox 1138 980 1304 1034; x_wconf 86' lang='lat' dir='ltr'>singula</span> <span class='ocrx_word' id='word_1_85' title='bbox 1343 976 1459 1022; x_wconf 85' lang='lat' dir='ltr'>velut</span> <span class='ocrx_word' id='word_1_86' title='bbox 1496 980 1690 1022; x_wconf 90' lang='lat' dir='ltr'>membra</span> 
     </span>
     <span class='ocr_line' id='line_1_13' title="bbox 179 1048 1689 1106; baseline -0.002 -13"><span class='ocrx_word' id='word_1_87' title='bbox 179 1051 319 1106; x_wconf 90' lang='lat' dir='ltr'>spatio</span> <span class='ocrx_word' id='word_1_88' title='bbox 353 1065 403 1092; x_wconf 93' lang='lat' dir='ltr'>ac</span> <span class='ocrx_word' id='word_1_89' title='bbox 433 1050 712 1105; x_wconf 87' lang='lat' dir='ltr'>proportione</span> <span class='ocrx_word' id='word_1_90' title='bbox 752 1050 818 1091; x_wconf 90' lang='lat' dir='ltr'>vel</span> <span class='ocrx_word' id='word_1_91' title='bbox 861 1049 1010 1091; x_wconf 89' lang='lat' dir='ltr'>eadem</span> <span class='ocrx_word' id='word_1_92' title='bbox 1053 1063 1145 1090; x_wconf 90' lang='lat' dir='ltr'>esse</span> <span class='ocrx_word' id='word_1_93' title='bbox 1185 1048 1251 1090; x_wconf 91' lang='lat' dir='ltr'>vel</span> <span class='ocrx_word' id='word_1_94' title='bbox 1283 1049 1429 1099; x_wconf 82' lang='lat' dir='ltr'>simili,</span> <span class='ocrx_word' id='word_1_95' title='bbox 1472 1063 1582 1103; x_wconf 90' lang='lat' dir='ltr'>quae</span> <span class='ocrx_word' id='word_1_96' title='bbox 1621 1064 1689 1090; x_wconf 90' lang='lat' dir='ltr'>res</span> 
     </span>
     <span class='ocr_line' id='line_1_14' title="bbox 178 1118 1688 1173; baseline -0.002 -12"><span class='ocrx_word' id='word_1_97' title='bbox 178 1120 362 1162; x_wconf 78' lang='lat' dir='ltr'>maxime</span> <span class='ocrx_word' id='word_1_98' title='bbox 403 1122 624 1173; x_wconf 91' lang='lat' dir='ltr'>comparet</span> <span class='ocrx_word' id='word_1_99' title='bbox 666 1119 709 1159; x_wconf 91' lang='lat' dir='ltr'>in</span> <span class='ocrx_word' id='word_1_100' title='bbox 750 1118 932 1172; x_wconf 83' lang='lat' dir='ltr'>eclogis,</span> <span class='ocrx_word' id='word_1_101' title='bbox 979 1131 1085 1171; x_wconf 91' lang='lat' dir='ltr'>quas</span> <span class='ocrx_word' id='word_1_102' title='bbox 1116 1121 1284 1159; x_wconf 83' lang='lat' dir='ltr'>veteres</span> <span class='ocrx_word' id='word_1_103' title='bbox 1313 1121 1543 1168; x_wconf 90' lang='lat' dir='ltr'>vocarunt,</span> <span class='ocrx_word' id='word_1_104' title='bbox 1596 1119 1621 1158; x_wconf 89' lang='lat' dir='ltr'>i.</span> <span class='ocrx_word' id='word_1_105' title='bbox 1655 1132 1688 1159; x_wconf 90' lang='lat' dir='ltr'>e.</span> 
     </span>
     <span class='ocr_line' id='line_1_15' title="bbox 177 1186 1689 1243; baseline -0.002 -13"><span class='ocrx_word' id='word_1_106' title='bbox 177 1189 389 1243; x_wconf 88' lang='lat' dir='ltr'>poematis</span> <span class='ocrx_word' id='word_1_107' title='bbox 429 1188 557 1229; x_wconf 90' lang='lat' dir='ltr'>medii</span> <span class='ocrx_word' id='word_1_108' title='bbox 600 1188 827 1238; x_wconf 86' lang='lat' dir='ltr'>circuitus,</span> <span class='ocrx_word' id='word_1_109' title='bbox 879 1191 927 1228; x_wconf 86' lang='lat' dir='ltr'>ut</span> <span class='ocrx_word' id='word_1_110' title='bbox 968 1189 1074 1240; x_wconf 91' lang='lat' dir='ltr'>puta</span> <span class='ocrx_word' id='word_1_111' title='bbox 1115 1186 1315 1240; x_wconf 82' lang='lat' dir='ltr'>elegiacis</span> <span class='ocrx_word' id='word_1_112' title='bbox 1354 1186 1421 1227; x_wconf 90' lang='lat' dir='ltr'>vel</span> <span class='ocrx_word' id='word_1_113' title='bbox 1470 1186 1689 1236; x_wconf 88' lang='lat' dir='ltr'>bucolicis,</span> 
     </span>
     <span class='ocr_line' id='line_1_16' title="bbox 178 1254 1690 1309; baseline -0.002 -11"><span class='ocrx_word' id='word_1_114' title='bbox 178 1261 323 1299; x_wconf 89' lang='lat' dir='ltr'>tamen</span> <span class='ocrx_word' id='word_1_115' title='bbox 354 1257 517 1298; x_wconf 84' lang='lat' dir='ltr'>frustra</span> <span class='ocrx_word' id='word_1_116' title='bbox 538 1256 670 1298; x_wconf 86' lang='lat' dir='ltr'>fuisse</span> <span class='ocrx_word' id='word_1_117' title='bbox 702 1256 911 1306; x_wconf 84' lang='lat' dir='ltr'>existimo,</span> <span class='ocrx_word' id='word_1_118' title='bbox 945 1255 1017 1308; x_wconf 91' lang='lat' dir='ltr'>qui</span> <span class='ocrx_word' id='word_1_119' title='bbox 1049 1255 1115 1296; x_wconf 89' lang='lat' dir='ltr'>vel</span> <span class='ocrx_word' id='word_1_120' title='bbox 1145 1255 1260 1309; x_wconf 85' lang='lat' dir='ltr'>apud</span> <span class='ocrx_word' id='word_1_121' title='bbox 1281 1255 1359 1297; x_wconf 91' lang='lat' dir='ltr'>hos</span> <span class='ocrx_word' id='word_1_122' title='bbox 1390 1258 1541 1309; x_wconf 87' lang='lat' dir='ltr'>poetas</span> <span class='ocrx_word' id='word_1_123' title='bbox 1572 1254 1690 1295; x_wconf 89' lang='lat' dir='ltr'>nulla</span> 
     </span>
     <span class='ocr_line' id='line_1_17' title="bbox 179 1323 1688 1378; baseline -0.002 -11"><span class='ocrx_word' id='word_1_124' title='bbox 179 1326 403 1367; x_wconf 87' lang='lat' dir='ltr'>traditioni</span> <span class='ocrx_word' id='word_1_125' title='bbox 456 1325 540 1367; x_wconf 85' lang='lat' dir='ltr'>fide</span> <span class='ocrx_word' id='word_1_126' title='bbox 598 1324 749 1366; x_wconf 89' lang='lat' dir='ltr'>habita</span> <span class='ocrx_word' id='word_1_127' title='bbox 795 1324 1049 1365; x_wconf 83' lang='lat' dir='ltr'>uniformem</span> <span class='ocrx_word' id='word_1_128' title='bbox 1101 1337 1278 1378; x_wconf 88' lang='lat' dir='ltr'>prorsus</span> <span class='ocrx_word' id='word_1_129' title='bbox 1328 1327 1370 1365; x_wconf 89' lang='lat' dir='ltr'>et</span> <span class='ocrx_word' id='word_1_130' title='bbox 1418 1323 1688 1377; x_wconf 84' lang='lat' dir='ltr'>aequabilem</span> 
     </span>
     <span class='ocr_line' id='line_1_18' title="bbox 179 1391 1688 1449; baseline -0.003 -13"><span class='ocrx_word' id='word_1_131' title='bbox 179 1395 369 1449; x_wconf 85' lang='lat' dir='ltr'>partium</span> <span class='ocrx_word' id='word_1_132' title='bbox 391 1394 671 1435; x_wconf 88' lang='lat' dir='ltr'>instituerunt</span> <span class='ocrx_word' id='word_1_133' title='bbox 692 1393 1028 1446; x_wconf 89' lang='lat' dir='ltr'>dispositionem.</span> <span class='ocrx_word' id='word_1_134' title='bbox 1091 1406 1353 1447; x_wconf 84' lang='lat' dir='ltr'>quamquam</span> <span class='ocrx_word' id='word_1_135' title='bbox 1375 1392 1444 1433; x_wconf 90' lang='lat' dir='ltr'>hic</span> <span class='ocrx_word' id='word_1_136' title='bbox 1474 1391 1563 1433; x_wconf 89' lang='lat' dir='ltr'>illic</span> <span class='ocrx_word' id='word_1_137' title='bbox 1595 1406 1688 1432; x_wconf 74' lang='lat' dir='ltr'>eum</span> 
     </span>
     <span class='ocr_line' id='line_1_19' title="bbox 178 1461 1688 1515; baseline -0.003 -10"><span class='ocrx_word' id='word_1_138' title='bbox 178 1467 295 1505; x_wconf 89' lang='lat' dir='ltr'>recte</span> <span class='ocrx_word' id='word_1_139' title='bbox 318 1462 590 1504; x_wconf 86' lang='lat' dir='ltr'>observatam</span> <span class='ocrx_word' id='word_1_140' title='bbox 621 1476 706 1503; x_wconf 89' lang='lat' dir='ltr'>non</span> <span class='ocrx_word' id='word_1_141' title='bbox 738 1475 858 1515; x_wconf 84' lang='lat' dir='ltr'>nego.</span> <span class='ocrx_word' id='word_1_142' title='bbox 908 1461 1039 1503; x_wconf 89' lang='lat' dir='ltr'>veluti</span> <span class='ocrx_word' id='word_1_143' title='bbox 1071 1461 1141 1502; x_wconf 79' lang='lat' dir='ltr'>vix</span> <span class='ocrx_word' id='word_1_144' title='bbox 1169 1475 1271 1503; x_wconf 89' lang='lat' dir='ltr'>casu</span> <span class='ocrx_word' id='word_1_145' title='bbox 1303 1461 1455 1503; x_wconf 88' lang='lat' dir='ltr'>credas</span> <span class='ocrx_word' id='word_1_146' title='bbox 1487 1461 1688 1511; x_wconf 86' lang='lat' dir='ltr'>evenisse,</span> 
     </span>
     <span class='ocr_line' id='line_1_20' title="bbox 177 1528 1688 1585; baseline -0.003 -12"><span class='ocrx_word' id='word_1_147' title='bbox 177 1535 226 1573; x_wconf 91' lang='lat' dir='ltr'>ut</span> <span class='ocrx_word' id='word_1_148' title='bbox 255 1533 299 1573; x_wconf 92' lang='lat' dir='ltr'>in</span> <span class='ocrx_word' id='word_1_149' title='bbox 331 1531 470 1573; x_wconf 91' lang='lat' dir='ltr'>Ovidii</span> <span class='ocrx_word' id='word_1_150' title='bbox 503 1532 706 1572; x_wconf 88' lang='lat' dir='ltr'>Amorum</span> <span class='ocrx_word' id='word_1_151' title='bbox 739 1530 938 1581; x_wconf 84' lang='lat' dir='ltr'>carmine,</span> <span class='ocrx_word' id='word_1_152' title='bbox 972 1530 1086 1583; x_wconf 88' lang='lat' dir='ltr'>quod</span> <span class='ocrx_word' id='word_1_153' title='bbox 1119 1544 1252 1584; x_wconf 90' lang='lat' dir='ltr'>supra</span> <span class='ocrx_word' id='word_1_154' title='bbox 1282 1530 1514 1571; x_wconf 86' lang='lat' dir='ltr'>memoravi</span> <span class='ocrx_word' id='word_1_155' title='bbox 1546 1528 1599 1585; x_wconf 83' lang='lat'>[1‚</span> <span class='ocrx_word' id='word_1_156' title='bbox 1633 1528 1688 1584; x_wconf 80' lang='lat'>6],</span> 
     </span>
     <span class='ocr_line' id='line_1_21' title="bbox 178 1598 1690 1641; baseline -0.002 0"><span class='ocrx_word' id='word_1_157' title='bbox 178 1600 323 1641; x_wconf 88' lang='lat' dir='ltr'>novies</span> <span class='ocrx_word' id='word_1_158' title='bbox 353 1603 580 1641; x_wconf 87' lang='lat' dir='ltr'>recurrant</span> <span class='ocrx_word' id='word_1_159' title='bbox 609 1613 756 1640; x_wconf 88' lang='lat' dir='ltr'>versus</span> <span class='ocrx_word' id='word_1_160' title='bbox 788 1599 930 1641; x_wconf 90' lang='lat' dir='ltr'>octoni</span> <span class='ocrx_word' id='word_1_161' title='bbox 960 1599 1140 1640; x_wconf 90' lang='lat' dir='ltr'>totidem</span> <span class='ocrx_word' id='word_1_162' title='bbox 1171 1613 1371 1641; x_wconf 90' lang='lat' dir='ltr'>sensuum</span> <span class='ocrx_word' id='word_1_163' title='bbox 1402 1598 1529 1640; x_wconf 85' lang='lat' dir='ltr'>factis</span> <span class='ocrx_word' id='word_1_164' title='bbox 1559 1598 1690 1639; x_wconf 90' lang='lat' dir='ltr'>inter-</span> 
     </span>
     <span class='ocr_line' id='line_1_22' title="bbox 179 1666 1105 1723; baseline -0.002 -13"><span class='ocrx_word' id='word_1_165' title='bbox 179 1668 320 1710; x_wconf 88' lang='lat' dir='ltr'>stitiis.</span> <span class='ocrx_word' id='word_1_166' title='bbox 380 1682 480 1709; x_wconf 87' lang='lat' dir='ltr'>nam</span> <span class='ocrx_word' id='word_1_167' title='bbox 515 1667 726 1709; x_wconf 88' lang='lat' dir='ltr'>distichon</span> <span class='ocrx_word' id='word_1_168' title='bbox 759 1667 865 1709; x_wconf 91' lang='lat' dir='ltr'>illud</span> <span class='ocrx_word' id='word_1_169' title='bbox 900 1668 970 1722; x_wconf 82' lang='lat'>[65</span> <span class='ocrx_word' id='word_1_170' title='bbox 1004 1666 1105 1723; x_wconf 83' lang='lat' dir='ltr'>sq.]:</span> 
     </span>
    </p>
   </div>
   <div class='ocr_carea' id='block_1_3' title="bbox 452 1747 1284 1849">
    <p class='ocr_par' dir='ltr' id='par_1_4' title="bbox 452 1747 1284 1849">
     <span class='ocr_line' id='line_1_23' title="bbox 454 1747 1284 1792; baseline 0 -11"><span class='ocrx_word' id='word_1_171' title='bbox 454 1749 599 1792; x_wconf 84' lang='lat' dir='ltr'>iamque</span> <span class='ocrx_word' id='word_1_172' title='bbox 627 1748 821 1792; x_wconf 87' lang='lat' dir='ltr'>pruinosos</span> <span class='ocrx_word' id='word_1_173' title='bbox 847 1747 997 1781; x_wconf 83' lang='lat' dir='ltr'>molitur</span> <span class='ocrx_word' id='word_1_174' title='bbox 1023 1747 1174 1782; x_wconf 88' lang='lat' dir='ltr'>Lucifer</span> <span class='ocrx_word' id='word_1_175' title='bbox 1199 1759 1284 1781; x_wconf 78' lang='lat' dir='ltr'>axes</span> 
     </span>
     <span class='ocr_line' id='line_1_24' title="bbox 452 1804 1256 1849; baseline 0 -11"><span class='ocrx_word' id='word_1_176' title='bbox 452 1805 562 1849; x_wconf 90' lang='lat' dir='ltr'>inque</span> <span class='ocrx_word' id='word_1_177' title='bbox 589 1816 693 1838; x_wconf 88' lang='lat' dir='ltr'>suum</span> <span class='ocrx_word' id='word_1_178' title='bbox 719 1805 872 1839; x_wconf 89' lang='lat' dir='ltr'>miseros</span> <span class='ocrx_word' id='word_1_179' title='bbox 899 1805 1037 1838; x_wconf 86' lang='lat' dir='ltr'>excitat</span> <span class='ocrx_word' id='word_1_180' title='bbox 1063 1804 1136 1838; x_wconf 88' lang='lat' dir='ltr'>ales</span> <span class='ocrx_word' id='word_1_181' title='bbox 1164 1816 1256 1848; x_wconf 88' lang='lat' dir='ltr'>opus</span> 
     </span>
    </p>
   </div>
   <div class='ocr_carea' id='block_1_4' title="bbox 178 1873 1692 2953">
    <p class='ocr_par' dir='ltr' id='par_1_5' title="bbox 178 1873 1686 2065">
     <span class='ocr_line' id='line_1_25' title="bbox 178 1873 1686 1927; baseline -0.001 -12"><span class='ocrx_word' id='word_1_182' title='bbox 178 1878 227 1916; x_wconf 92' lang='lat' dir='ltr'>ut</span> <span class='ocrx_word' id='word_1_183' title='bbox 258 1873 519 1915; x_wconf 88' lang='lat' dir='ltr'>contrarium</span> <span class='ocrx_word' id='word_1_184' title='bbox 550 1873 746 1927; x_wconf 87' lang='lat' dir='ltr'>sequenti</span> <span class='ocrx_word' id='word_1_185' title='bbox 780 1873 1007 1915; x_wconf 87' lang='lat' dir='ltr'>delendum</span> <span class='ocrx_word' id='word_1_186' title='bbox 1036 1873 1136 1915; x_wconf 89' lang='lat' dir='ltr'>olim</span> <span class='ocrx_word' id='word_1_187' title='bbox 1162 1873 1482 1915; x_wconf 86' lang='lat' dir='ltr'>intellectumst.</span> <span class='ocrx_word' id='word_1_188' title='bbox 1543 1878 1587 1914; x_wconf 87' lang='lat' dir='ltr'>et</span> <span class='ocrx_word' id='word_1_189' title='bbox 1616 1873 1686 1914; x_wconf 86' lang='lat' dir='ltr'>fir-</span> 
     </span>
     <span class='ocr_line' id='line_1_26' title="bbox 179 1942 1686 1996; baseline -0.001 -13"><span class='ocrx_word' id='word_1_190' title='bbox 179 1946 270 1984; x_wconf 88' lang='lat' dir='ltr'>mat</span> <span class='ocrx_word' id='word_1_191' title='bbox 301 1956 389 1983; x_wconf 87' lang='lat' dir='ltr'>rem</span> <span class='ocrx_word' id='word_1_192' title='bbox 420 1942 535 1983; x_wconf 90' lang='lat' dir='ltr'>idem</span> <span class='ocrx_word' id='word_1_193' title='bbox 563 1946 855 1996; x_wconf 88' lang='lat' dir='ltr'>pentameter,</span> <span class='ocrx_word' id='word_1_194' title='bbox 897 1945 945 1983; x_wconf 93' lang='lat' dir='ltr'>ut</span> <span class='ocrx_word' id='word_1_195' title='bbox 987 1945 1086 1983; x_wconf 88' lang='lat' dir='ltr'>ante</span> <span class='ocrx_word' id='word_1_196' title='bbox 1117 1942 1337 1994; x_wconf 88' lang='lat' dir='ltr'>dictumst,</span> <span class='ocrx_word' id='word_1_197' title='bbox 1376 1942 1475 1984; x_wconf 88' lang='lat' dir='ltr'>inde</span> <span class='ocrx_word' id='word_1_198' title='bbox 1508 1956 1533 1983; x_wconf 92' lang='lat' dir='ltr'>a</span> <span class='ocrx_word' id='word_1_199' title='bbox 1564 1957 1600 1982; x_wconf 82' lang='lat' dir='ltr'>v,</span> <span class='ocrx_word' id='word_1_200' title='bbox 1636 1944 1686 1982; x_wconf 88' lang='lat'>17</span> 
     </span>
     <span class='ocr_line' id='line_1_27' title="bbox 181 2010 1119 2065; baseline -0.001 -13"><span class='ocrx_word' id='word_1_201' title='bbox 181 2011 409 2065; x_wconf 89' lang='lat' dir='ltr'>quinquies</span> <span class='ocrx_word' id='word_1_202' title='bbox 445 2010 594 2052; x_wconf 88' lang='lat' dir='ltr'>eodem</span> <span class='ocrx_word' id='word_1_203' title='bbox 624 2010 849 2052; x_wconf 84' lang='lat' dir='ltr'>intervallo</span> <span class='ocrx_word' id='word_1_204' title='bbox 880 2024 1119 2052; x_wconf 87' lang='lat' dir='ltr'>recurrens.</span> 
     </span>
    </p>

    <p class='ocr_par' dir='ltr' id='par_1_6' title="bbox 179 2079 1691 2340">
     <span class='ocr_line' id='line_1_28' title="bbox 295 2079 1690 2133; baseline -0.001 -12"><span class='ocrx_word' id='word_1_205' title='bbox 295 2080 448 2121; x_wconf 90' lang='lat' dir='ltr'>Restat</span> <span class='ocrx_word' id='word_1_206' title='bbox 467 2083 516 2121; x_wconf 92' lang='lat' dir='ltr'>ut</span> <span class='ocrx_word' id='word_1_207' title='bbox 538 2082 765 2121; x_wconf 89' lang='lat' dir='ltr'>centonum</span> <span class='ocrx_word' id='word_1_208' title='bbox 786 2079 1017 2121; x_wconf 86' lang='lat' dir='ltr'>reddamus</span> <span class='ocrx_word' id='word_1_209' title='bbox 1047 2080 1269 2121; x_wconf 87' lang='lat' dir='ltr'>rationem.</span> <span class='ocrx_word' id='word_1_210' title='bbox 1321 2079 1394 2133; x_wconf 88' lang='lat' dir='ltr'>qui</span> <span class='ocrx_word' id='word_1_211' title='bbox 1415 2079 1690 2121; x_wconf 88' lang='lat' dir='ltr'>veneratione</span> 
     </span>
     <span class='ocr_line' id='line_1_29' title="bbox 179 2147 1689 2202; baseline -0.001 -12"><span class='ocrx_word' id='word_1_212' title='bbox 179 2150 312 2190; x_wconf 90' lang='lat' dir='ltr'>nimia</span> <span class='ocrx_word' id='word_1_213' title='bbox 333 2148 509 2190; x_wconf 87' lang='lat' dir='ltr'>Homeri</span> <span class='ocrx_word' id='word_1_214' title='bbox 531 2148 795 2202; x_wconf 84' lang='lat' dir='ltr'>Vergiliique</span> <span class='ocrx_word' id='word_1_215' title='bbox 827 2152 871 2189; x_wconf 90' lang='lat' dir='ltr'>et</span> <span class='ocrx_word' id='word_1_216' title='bbox 898 2149 1111 2190; x_wconf 89' lang='lat' dir='ltr'>communi</span> <span class='ocrx_word' id='word_1_217' title='bbox 1142 2148 1390 2189; x_wconf 90' lang='lat' dir='ltr'>ultimorum</span> <span class='ocrx_word' id='word_1_218' title='bbox 1420 2147 1689 2189; x_wconf 89' lang='lat' dir='ltr'>saeculorum</span> 
     </span>
     <span class='ocr_line' id='line_1_30' title="bbox 181 2217 1691 2272; baseline -0.001 -13"><span class='ocrx_word' id='word_1_219' title='bbox 181 2217 323 2259; x_wconf 85' lang='lat' dir='ltr'>studio</span> <span class='ocrx_word' id='word_1_220' title='bbox 374 2217 578 2272; x_wconf 88' lang='lat' dir='ltr'>captandi</span> <span class='ocrx_word' id='word_1_221' title='bbox 624 2230 734 2258; x_wconf 87' lang='lat' dir='ltr'>nova</span> <span class='ocrx_word' id='word_1_222' title='bbox 789 2221 831 2258; x_wconf 93' lang='lat' dir='ltr'>et</span> <span class='ocrx_word' id='word_1_223' title='bbox 879 2217 1052 2259; x_wconf 87' lang='lat' dir='ltr'>insolita</span> <span class='ocrx_word' id='word_1_224' title='bbox 1100 2217 1353 2271; x_wconf 86' lang='lat' dir='ltr'>plerumque</span> <span class='ocrx_word' id='word_1_225' title='bbox 1404 2220 1691 2258; x_wconf 82' lang='lat' dir='ltr'>exercuerunt</span> 
     </span>
     <span class='ocr_line' id='line_1_31' title="bbox 179 2286 529 2340; baseline -0.003 -12"><span class='ocrx_word' id='word_1_226' title='bbox 179 2300 317 2328; x_wconf 83' lang='lat' dir='ltr'>vacua</span> <span class='ocrx_word' id='word_1_227' title='bbox 346 2286 529 2340; x_wconf 83' lang='lat' dir='ltr'>ingenia.</span> 
     </span>
    </p>

    <p class='ocr_par' dir='ltr' id='par_1_7' title="bbox 180 2353 1692 2953">
     <span class='ocr_line' id='line_1_32' title="bbox 292 2353 1692 2410; baseline -0.001 -15"><span class='ocrx_word' id='word_1_228' title='bbox 292 2355 356 2396; x_wconf 86' lang='lat' dir='ltr'>De</span> <span class='ocrx_word' id='word_1_229' title='bbox 386 2355 447 2395; x_wconf 88' lang='lat' dir='ltr'>eis</span> <span class='ocrx_word' id='word_1_230' title='bbox 477 2354 540 2396; x_wconf 91' lang='lat' dir='ltr'>ita</span> <span class='ocrx_word' id='word_1_231' title='bbox 568 2354 702 2396; x_wconf 85' lang='lat' dir='ltr'>refert</span> <span class='ocrx_word' id='word_1_232' title='bbox 725 2354 915 2396; x_wconf 89' lang='lat' dir='ltr'>Isidorus</span> <span class='ocrx_word' id='word_1_233' title='bbox 939 2354 1062 2409; x_wconf 82' lang='lat' dir='ltr'>[orig.</span> <span class='ocrx_word' id='word_1_234' title='bbox 1084 2354 1115 2405; x_wconf 90' lang='lat' dir='ltr'>I,</span> <span class='ocrx_word' id='word_1_235' title='bbox 1147 2357 1212 2404; x_wconf 78' lang='lat'>38,</span> <span class='ocrx_word' id='word_1_236' title='bbox 1237 2353 1324 2410; x_wconf 81' lang='lat'>25]:</span> <span class='ocrx_word' id='word_1_237' title='bbox 1357 2361 1546 2395; x_wconf 77' lang='lat' dir='ltr'>centones</span> <span class='ocrx_word' id='word_1_238' title='bbox 1577 2357 1692 2404; x_wconf 75' lang='lat' dir='ltr'>apud</span> 
     </span>
     <span class='ocr_line' id='line_1_33' title="bbox 180 2424 1691 2474; baseline -0.001 -10"><span class='ocrx_word' id='word_1_239' title='bbox 180 2427 465 2474; x_wconf 71' lang='lat' dir='ltr'>qrammaticos</span> <span class='ocrx_word' id='word_1_240' title='bbox 506 2427 643 2465; x_wconf 75' lang='lat' dir='ltr'>vocari</span> <span class='ocrx_word' id='word_1_241' title='bbox 676 2428 817 2472; x_wconf 83' lang='lat' dir='ltr'>soient,</span> <span class='ocrx_word' id='word_1_242' title='bbox 847 2427 915 2474; x_wconf 78' lang='lat' dir='ltr'>qui</span> <span class='ocrx_word' id='word_1_243' title='bbox 948 2427 997 2464; x_wconf 77' lang='lat' dir='ltr'>cle</span> <span class='ocrx_word' id='word_1_244' title='bbox 1027 2426 1273 2464; x_wconf 74' lang='lat' dir='ltr'>carminibus</span> <span class='ocrx_word' id='word_1_245' title='bbox 1305 2426 1468 2464; x_wconf 80' lang='lat' dir='ltr'>Homeri</span> <span class='ocrx_word' id='word_1_246' title='bbox 1498 2426 1559 2463; x_wconf 73' lang='lat' dir='ltr'>vel</span> <span class='ocrx_word' id='word_1_247' title='bbox 1599 2424 1691 2462; x_wconf 69' lang='lat' dir='ltr'>Ver-</span> 
     </span>
     <span class='ocr_line' id='line_1_34' title="bbox 180 2494 1690 2543; baseline -0.001 -11"><span class='ocrx_word' id='word_1_248' title='bbox 180 2495 269 2543; x_wconf 69' lang='lat' dir='ltr'>qili&#39;t</span> <span class='ocrx_word' id='word_1_249' title='bbox 309 2495 366 2533; x_wconf 80' lang='lat' dir='ltr'>ad</span> <span class='ocrx_word' id='word_1_250' title='bbox 395 2495 577 2542; x_wconf 76' lang='lat' dir='ltr'>propria</span> <span class='ocrx_word' id='word_1_251' title='bbox 619 2506 745 2542; x_wconf 72' lang='lat' dir='ltr'>opero</span> <span class='ocrx_word' id='word_1_252' title='bbox 785 2506 896 2533; x_wconf 78' lang='lat' dir='ltr'>more</span> <span class='ocrx_word' id='word_1_253' title='bbox 927 2495 1164 2532; x_wconf 75' lang='lat' dir='ltr'>centonario</span> <span class='ocrx_word' id='word_1_254' title='bbox 1205 2495 1245 2531; x_wconf 86' lang='lat' dir='ltr'>in</span> <span class='ocrx_word' id='word_1_255' title='bbox 1287 2506 1408 2532; x_wconf 65' lang='lat' dir='ltr'>tinum</span> <span class='ocrx_word' id='word_1_256' title='bbox 1450 2494 1690 2532; x_wconf 72' lang='lat' dir='ltr'>sarciuntur</span> 
     </span>
     <span class='ocr_line' id='line_1_35' title="bbox 181 2562 1690 2611; baseline -0.001 -11"><span class='ocrx_word' id='word_1_257' title='bbox 181 2573 330 2611; x_wconf 75' lang='lat' dir='ltr'>corpus</span> <span class='ocrx_word' id='word_1_258' title='bbox 358 2564 415 2601; x_wconf 81' lang='lat' dir='ltr'>ad</span> <span class='ocrx_word' id='word_1_259' title='bbox 436 2563 677 2611; x_wconf 77' lang='lat' dir='ltr'>facultatem</span> <span class='ocrx_word' id='word_1_260' title='bbox 706 2563 901 2611; x_wconf 75' lang='lat' dir='ltr'>cuiusque</span> <span class='ocrx_word' id='word_1_261' title='bbox 927 2563 1134 2600; x_wconf 71' lang='lat' dir='ltr'>inciteriae.</span> <span class='ocrx_word' id='word_1_262' title='bbox 1198 2563 1371 2610; x_wconf 79' lang='lat' dir='ltr'>denique</span> <span class='ocrx_word' id='word_1_263' title='bbox 1404 2562 1551 2607; x_wconf 75' lang='lat' dir='ltr'>Proba,</span> <span class='ocrx_word' id='word_1_264' title='bbox 1584 2572 1690 2599; x_wconf 67' lang='lat' dir='ltr'>texor</span> 
     </span>
     <span class='ocr_line' id='line_1_36' title="bbox 182 2630 1689 2680; baseline -0.001 -11"><span class='ocrx_word' id='word_1_265' title='bbox 182 2632 378 2680; x_wconf 76' lang='lat' dir='ltr'>Adelphi,</span> <span class='ocrx_word' id='word_1_266' title='bbox 411 2635 616 2669; x_wconf 85' lang='lat' dir='ltr'>centonem</span> <span class='ocrx_word' id='word_1_267' title='bbox 648 2642 699 2669; x_wconf 66' lang='lat' dir='ltr'>ex</span> <span class='ocrx_word' id='word_1_268' title='bbox 742 2631 914 2679; x_wconf 70' lang='lat' dir='ltr'>Veryilio</span> <span class='ocrx_word' id='word_1_269' title='bbox 946 2632 995 2669; x_wconf 81' lang='lat' dir='ltr'>de</span> <span class='ocrx_word' id='word_1_270' title='bbox 1028 2631 1196 2679; x_wconf 74' lang='lat' dir='ltr'>fabrica</span> <span class='ocrx_word' id='word_1_271' title='bbox 1227 2631 1366 2669; x_wconf 79' lang='lat' dir='ltr'>mundi</span> <span class='ocrx_word' id='word_1_272' title='bbox 1396 2634 1434 2668; x_wconf 86' lang='lat' dir='ltr'>et</span> <span class='ocrx_word' id='word_1_273' title='bbox 1464 2630 1689 2678; x_wconf 68' lang='lat' dir='ltr'>euanyeliis</span> 
     </span>
     <span class='ocr_line' id='line_1_37' title="bbox 180 2699 1690 2748; baseline -0.001 -11"><span class='ocrx_word' id='word_1_274' title='bbox 180 2700 412 2748; x_wconf 73' lang='lat' dir='ltr'>plenissime</span> <span class='ocrx_word' id='word_1_275' title='bbox 453 2699 676 2747; x_wconf 69' lang='lat' dir='ltr'>expressit,</span> <span class='ocrx_word' id='word_1_276' title='bbox 723 2700 894 2737; x_wconf 74' lang='lat' dir='ltr'>inateria</span> <span class='ocrx_word' id='word_1_277' title='bbox 936 2700 1154 2747; x_wconf 73' lang='lat' dir='ltr'>composita</span> <span class='ocrx_word' id='word_1_278' title='bbox 1198 2700 1418 2737; x_wconf 73' lang='lat' dir='ltr'>secundum</span> <span class='ocrx_word' id='word_1_279' title='bbox 1462 2709 1603 2736; x_wconf 73' lang='lat' dir='ltr'>versus</span> <span class='ocrx_word' id='word_1_280' title='bbox 1653 2702 1690 2735; x_wconf 84' lang='lat' dir='ltr'>et</span> 
     </span>
     <span class='ocr_line' id='line_1_38' title="bbox 182 2767 1689 2815; baseline -0.001 -9"><span class='ocrx_word' id='word_1_281' title='bbox 182 2768 365 2807; x_wconf 72' lang='lat' dir='ltr'>versibus</span> <span class='ocrx_word' id='word_1_282' title='bbox 404 2769 624 2806; x_wconf 77' lang='lat' dir='ltr'>secundum</span> <span class='ocrx_word' id='word_1_283' title='bbox 668 2768 876 2805; x_wconf 62' lang='lat' dir='ltr'>wictericum</span> <span class='ocrx_word' id='word_1_284' title='bbox 918 2768 1184 2806; x_wconf 57' lang='lat' dir='ltr'>concinnatis</span> <span class='ocrx_word' id='word_1_285' title='bbox 1246 2768 1306 2805; x_wconf 81' lang='lat' dir='ltr'>sic</span> <span class='ocrx_word' id='word_1_286' title='bbox 1339 2777 1494 2815; x_wconf 75' lang='lat' dir='ltr'>quoqne</span> <span class='ocrx_word' id='word_1_287' title='bbox 1527 2767 1689 2814; x_wconf 75' lang='lat' dir='ltr'>quidam</span> 
     </span>
     <span class='ocr_line' id='line_1_39' title="bbox 183 2835 1689 2884; baseline -0.001 -10"><span class='ocrx_word' id='word_1_288' title='bbox 183 2837 426 2884; x_wconf 74' lang='lat' dir='ltr'>Pomponius</span> <span class='ocrx_word' id='word_1_289' title='bbox 463 2847 514 2874; x_wconf 69' lang='lat' dir='ltr'>ex</span> <span class='ocrx_word' id='word_1_290' title='bbox 546 2837 680 2874; x_wconf 79' lang='lat' dir='ltr'>eodem</span> <span class='ocrx_word' id='word_1_291' title='bbox 704 2840 831 2884; x_wconf 70' lang='lat' dir='ltr'>poeta</span> <span class='ocrx_word' id='word_1_292' title='bbox 870 2837 976 2874; x_wconf 79' lang='lat' dir='ltr'>inter</span> <span class='ocrx_word' id='word_1_293' title='bbox 1019 2840 1157 2874; x_wconf 77' lang='lat' dir='ltr'>cetera</span> <span class='ocrx_word' id='word_1_294' title='bbox 1188 2836 1269 2874; x_wconf 82' lang='lat' dir='ltr'>stili</span> <span class='ocrx_word' id='word_1_295' title='bbox 1298 2836 1362 2874; x_wconf 80' lang='lat' dir='ltr'>sni</span> <span class='ocrx_word' id='word_1_296' title='bbox 1393 2836 1474 2873; x_wconf 80' lang='lat' dir='ltr'>otia</span> <span class='ocrx_word' id='word_1_297' title='bbox 1511 2835 1689 2884; x_wconf 73' lang='lat' dir='ltr'>Tityrum</span> 
     </span>
     <span class='ocr_line' id='line_1_40' title="bbox 184 2903 1686 2953; baseline -0.001 -10"><span class='ocrx_word' id='word_1_298' title='bbox 184 2905 225 2943; x_wconf 90' lang='lat' dir='ltr'>in</span> <span class='ocrx_word' id='word_1_299' title='bbox 249 2904 398 2944; x_wconf 79' lang='lat' dir='ltr'>Christi</span> <span class='ocrx_word' id='word_1_300' title='bbox 428 2905 619 2943; x_wconf 74' lang='lat' dir='ltr'>honorem</span> <span class='ocrx_word' id='word_1_301' title='bbox 647 2906 886 2953; x_wconf 69' lang='lat' dir='ltr'>composuit,-</span> <span class='ocrx_word' id='word_1_302' title='bbox 919 2906 1102 2944; x_wconf 80' lang='lat' dir='ltr'>similiter</span> <span class='ocrx_word' id='word_1_303' title='bbox 1125 2909 1162 2942; x_wconf 81' lang='lat' dir='ltr'>et</span> <span class='ocrx_word' id='word_1_304' title='bbox 1192 2905 1240 2942; x_wconf 79' lang='lat' dir='ltr'>cle</span> <span class='ocrx_word' id='word_1_305' title='bbox 1267 2904 1467 2944; x_wconf 77' lang='lat' dir='ltr'>Aeneidos</span> <span class='ocrx_word' id='word_1_306' title='bbox 1493 2903 1686 2946; x_wconf 71' lang='lat' dir='ltr'>versibus,</span> 
     </span>
    </p>
   </div>
  </div>
 </body>
</html>
