1898 3292
186 232 208 269 2
216 233 238 271 5
245 233 269 270 Ο
790 240 910 265 LIBER
928 240 1103 266 TERTIVS.

187 347 251 384 ira
283 341 438 385 nimis'.
503 343 655 384 deinde
698 343 954 397 aliquotiens
994 344 1277 384 Terentianus
1322 343 1537 397 dactylum
1571 357 1695 396 spon-

186 412 364 453 deumve
398 412 598 453 adhibuit
629 412 843 454 secundae
876 412 978 463 sedi,
1022 412 1096 453 sed
1128 412 1381 465 pleruinipie
1411 413 1452 453 in
1476 412 1698 454 vocabulis

186 481 240 521 ad
282 484 417 522 artem
462 481 789 534 pertinentibus.
853 495 874 522 e
917 481 1071 522 ceteris
1113 480 1360 522 abstinuere
1400 481 1527 522 simili
1568 481 1697 522 inele-

185 550 330 603 gantia
372 550 597 600 Boethius,
640 550 843 599 Avienus,
884 549 1164 600 Prudentius3
1206 550 1412 600 Avianius,
1446 549 1698 601 Martianus,

185 618 402 669 Sedulius‚
436 618 653 668 Sidonius,
687 618 992 668 Maximianus,
1036 619 1272 672 Eugenius,
1317 618 1578 660 Octavianus
1620 632 1698 660 nec

183 702 267 729 non
301 690 500 728 auctores
535 688 773 728 carminum
805 687 857 729 de
880 687 1093 728 Phoenice
1126 691 1167 728 et
1198 687 1250 728 de
1284 687 1515 728 concubitu
1546 687 1698 729 Martis

185 760 228 798 et
260 756 437 797 Veneris
471 759 513 797 et
545 756 618 809 qui
650 756 879 809 epistulam
911 756 1047 797 Didus
1079 770 1129 797 ac
1161 755 1288 797 verba
1318 755 1492 797 Achillis
1525 756 1568 796 in
1599 770 1697 810 par-

183 825 372 866 thenona
403 824 578 865 heroico
612 825 906 878 conscripsere
938 828 1085 865 metro.
1138 839 1235 866 nam
1260 825 1374 878 quod
1402 824 1560 878 legitur
1583 825 1698 878 apud

185 893 406 935 Sidonium
429 894 601 948 [paneg.
620 893 769 934 Maior.
791 897 891 945 5713
917 893 1146 934 eucharist.
1171 893 1226 934 ad
1249 894 1392 935 Faust.
1411 894 1483 948 83]
1519 892 1697 944 ‘polleat

184 969 358 1003 attamen
394 966 460 1003 hic
490 975 642 1013 nuper,
683 965 964 1013 placidissime
997 957 1308 1013 227·2·210eps'‘et
1351 962 1454 1003 alibi
1499 961 1699 1003 ‘omnibus

184 1038 357 1072 (dtamen
392 1034 454 1071 leis
485 1038 549 1071 scd
584 1037 774 1081 praesta(
814 1035 922 1081 quod
962 1028 1158 1080 voluisti',
1200 1031 1485 1072 diducendum
1525 1031 1606 1071 fuit
1638 1037 1698 1071 at—

183 1108 328 1142 tamen,
392 1102 437 1140 at
468 1099 630 1140 Sedulii
664 1113 789 1140 versu
821 1099 1007 1152 quodam
1038 1113 1116 1152 pro
1149 1114 1210 1150 ec„
1245 1099 1359 1152 quod
1390 1100 1516 1153 vulgo
1549 1099 1697 1150 fertur,

183 1171 273 1208 isne
314 1170 548 1221 reponetur
587 1167 758 1209 brevior
800 1167 939 1208 forma
970 1169 1032 1208 ita
1074 1168 1161 1223 [IV‚
1198 1169 1297 1223 122]
1342 1167 1451 1209 ‘nam
1484 1172 1595 1209 socia
1623 1172 1700 1209 stic

180 1240 335 1287 puppis
367 1234 495 1278 erdl’.
559 1237 717 1290 quippe
761 1240 803 1277 et
843 1236 1048 1278 Paulinus
1088 1237 1308 1278 rarissime
1350 1237 1485 1278 simile
1527 1236 1700 1278 admisit

185 1305 334 1346 vitium
378 1308 420 1346 et
465 1305 581 1359 apud
616 1305 882 1346 Priscianum
924 1319 1034 1358 quae
1074 1306 1350 1346 inveniuntur
1392 1319 1416 1346 a
1456 1305 1699 1346 nominibus

183 1374 370 1427 propriis
407 1377 450 1415 et
472 1374 651 1415 Graecis
682 1378 883 1427 paratam
912 1374 1076 1415 habent
1097 1376 1277 1416 veniam.
1329 1378 1428 1415 sunt
1459 1375 1569 1415 enim
1591 1373 1699 1414 haec

183 1444 311 1497 [3023
351 1447 455 1495 7583
490 1443 591 1498 985]
645 1442 786 1494 ‘atque
824 1446 964 1484 Geloni
1005 1441 1114 1484 czcm'
1170 1435 1311 1494 ‘alque
1350 1445 1603 1484 Carambide's
1642 1446 1699 1483 ir-

182 1509 353 1562 rumpe'l’
401 1510 487 1553 ‘hic
529 1515 672 1553 aetites
708 1509 804 1552 θεῖ’.
871 1513 1019 1565 itaque
1066 1512 1197 1553 semel
1238 1512 1450 1553 Ausonius
1493 1511 1563 1566 [de
1597 1511 1698 1552 clar.

182 1581 274 1622 urb.
311 1584 374 1633 13,
410 1582 450 1636 1]
495 1580 590 1622 ‘nec
621 1588 662 1621 (u
692 1584 843 1622 Martie
873 1584 1010 1622 Narbo
1041 1579 1251 1622 silebere’.
1314 1595 1413 1621 nam
1446 1593 1619 1621 carmen
1647 1579 1698 1621 de

183 1650 314 1703 signis
345 1649 624 1701 caelestibus,
657 1649 773 1703 quod
804 1650 846 1690 in
879 1649 1217 1703 eclogarioeius
1258 1650 1358 1691 olim
1391 1649 1473 1691 fuit
1516 1649 1696 1704 [anthol.

183 1721 264 1761 (379
298 1719 388 1773 R.]‚
419 1722 658 1773 praetereo.
720 1718 903 1772 denique
935 1719 1094 1760 Arator
1125 1719 1173 1773 [1,
1210 1719 1360 1773 1004];

654 1792 922 1827 Venatorumst
948 1793 1047 1827 dicta
1073 1793 1215 1827 domus.

296 1857 441 1911 Longe
473 1857 602 1898 etiam
626 1857 767 1898 Latini
799 1857 988 1898 severius
1019 1870 1044 1897 a
1075 1856 1335 1910 pentametri
1365 1856 1473 1910 pede
1508 1856 1695 1897 secundo

184 1925 419 1980 dactylicas
452 1929 495 1967 et
527 1925 783 1979 spondiacas
806 1938 931 1966 voces
964 1925 1196 1975 exclusere,
1226 1926 1268 1965 in
1301 1938 1384 1978 quo
1418 1928 1593 1978 praeter
1621 1924 1698 1966 Ca-

181 1994 277 2035 tulli
310 1997 352 2035 et
373 1994 541 2035 Paulini
564 1994 778 2047 quaedam
812 1994 1008 2047 exempla
1039 1994 1217 2046 migrari
1247 1993 1386 2046 legem
1407 2007 1491 2034 non
1513 1993 1697 2034 memini.

297 2063 387 2103 Iam
425 2063 468 2103 in
507 2063 681 2103 tertium
722 2062 875 2116 pedem
908 2062 1070 2103 Ennius
1107 2066 1150 2103 et
1181 2062 1369 2102 Lucilius
1413 2061 1526 2115 quod
1569 2061 1699 2103 semel

182 2131 301 2172 bisve
341 2131 554 2172 admisere
595 2145 741 2172 vocem
785 2131 1043 2185 dactylicam
1087 2130 1436 2184 spondiacamve,
1482 2129 1616 2171 habet
1655 2130 1699 2171 id

183 2200 237 2241 ab
282 2199 416 2240 initiis
459 2199 736 2253 pubescentis
777 2199 884 2240 artis
926 2199 1105 2240 veniam.
1179 2202 1225 2240 at
1264 2198 1439 2239 hercule
1481 2202 1580 2252 post
1620 2199 1698 2240 hos

184 2258 438 2321 alibi‘apud
470 2268 672 2309 classicos
705 2268 923 2309 consimile
954 2267 1028 2308 ubi
1056 2271 1223 2321 prestet
1245 2267 1485 2321 exemplum
1508 2268 1699 2321 exceptis

182 2337 295 2378 binis
326 2337 516 2378 Lucretii
548 2337 596 2391 [L
630 2340 732 2388 5703
763 2337 832 2387 IV,
857 2337 958 2390 491]
997 2340 1039 2377 et
1068 2336 1239 2377 Horatii
1271 2336 1354 2390 [ep.
1385 2335 1415 2385 Ι,
1452 2339 1514 2386 18,
1539 2339 1613 2387 52;
1647 2336 1698 2386 ΙΙ,

185 2409 221 2456 3,
254 2406 326 2459 41]
364 2405 560 2446 versibus
592 2404 719 2458 plane
747 2404 852 2445 mihi
882 2405 1130 2458 ignotumst.
1190 2418 1300 2458 quae
1333 2404 1459 2458 quasi
1489 2404 1700 2450 miracula

184 2473 473 2515 adscribenda
495 2473 609 2515 duxi.
657 2477 756 2514 sunt
777 2473 910 2527 igitur
931 2473 1038 2514 haec
1082 2472 1145 2514 ‘at
1175 2481 1319 2514 contra
1348 2477 1384 2514 .ςὶ
1413 2477 1547 2514 mollia
1578 2470 1697 2521 sins,

177 2541 236 2583 ‘et
280 2556 556 2593 quaecumque
597 2545 791 2584 coloribu’
829 2539 931 2591 sint'
991 2541 1154 2592 ‘possm
1218 2546 1326 2583 adde
1371 2545 1509 2582 virilia
1551 2539 1697 2592 quod’,

177 2610 272 2651 ‘nec
299 2614 506 2662 facundia
542 2615 704 2652 deseret
734 2608 880 2652 hunc'.
943 2614 1032 2651 tum
1068 2610 1199 2651 semel
1231 2611 1514 2651 Terentianus
1546 2610 1696 2664 [1960]

177 2678 338 2730 ‘fabula
368 2683 428 2719 sic
452 2682 666 2730 Euripidis
696 2683 836 2720 inclita
866 2686 1064 2720 monslrat
1092 2677 1276 2719 Orestes'
1324 2683 1366 2719 et
1397 2678 1547 2719 eadem
1578 2681 1697 2718 tutus

184 2748 462 2788 excusatione
494 2748 740 2789 Priscianus
779 2748 899 2801 [412]
944 2745 1147 2788 ‘Arcades
1179 2750 1384 2798 Apidanei
1413 2749 1485 2787 sub
1520 2749 1698 2796 scopulis

184 2813 465 2867 Erymandus.
529 2819 575 2857 at
604 2816 788 2870 pessime
820 2815 953 2856 habet
986 2815 1101 2868 quod
1123 2815 1249 2868 vulgo
1281 2815 1488 2856 tribuitur
1516 2813 1696 2854 Paulino

181 2883 268 2931 tale
300 2884 386 2938 [21,
418 2885 512 2938 46]:

414 2975 581 3008 quaeque
608 2964 682 2997 suis
708 2963 858 3008 proprie
884 2963 1003 3007 egerit
1026 2963 1086 2997 hic
1112 2963 1150 2996 in
1176 2963 1323 2997 sedibus
1349 2963 1466 3006 edam,

1887 2403 1898 2537 2-0—1.--
1895 2340 1898 2349 -

1870 3083 1898 3292 μετέωρα
1873 3012 1879 3022 -
1879 2984 1882 2994 -
