1898 3292
217 279 240 313 ὃ
830 283 852 305 P
859 281 1108 306 nonoEMWM.

217 401 299 426 non
333 385 388 425 ad
421 385 617 425 abiectae
649 384 848 424 fortunae
871 398 1040 437 pueros,
1073 383 1147 423 sed
1170 382 1224 423 ad
1246 382 1399 423 beatos
1423 385 1465 423 et
1485 382 1726 423 liberaliter

217 454 463 495 educandos
503 453 761 506 pertinuisse
806 466 899 493 cum
937 465 1015 505 per
1060 466 1104 492 se
1135 450 1405 505 probabilest
1437 453 1528 491 tum
1561 454 1726 492 certum

216 523 265 563 fit
297 523 368 573 eis,
403 521 558 575 quibus
590 521 633 561 in
664 520 850 562 nubibus
875 519 1200 574 Aristophaneis
1232 519 1497 573 [639-654]
1530 519 1727 560 illuditur

219 590 514 644 Sti-epsiadae,
562 593 605 630 et
643 589 780 642 magis
821 588 1037 630 Ciceronis
1075 587 1321 629 testimonio
1369 587 1555 640 quodam
1600 588 1726 642 [orat.

221 664 285 708 51,
313 659 424 713 173],
456 658 575 699 cuius
597 657 731 699 verba
754 661 852 698 sunt
873 657 1002 698 haec:
1036 655 1094 697 ‘in
1128 670 1249 697 versu
1281 659 1440 707 quidem
1463 660 1624 697 theatra
1647 662 1729 697 tota

220 731 468 775 eirclamant,
510 730 545 766 si
579 730 664 777 fult
709 740 790 766 mm
830 728 987 777 syllaba
1021 732 1091 766 (ml
1127 727 1287 765 brevior
1319 732 1389 765 αῑιί
1421 728 1592 776 lonqior.
1655 738 1729 765 nec

220 810 313 836 vero
344 799 553 836 mullitudo
584 798 716 845 pedes
758 798 864 835 norit
905 807 979 834 nec
1021 798 1120 834 ullos
1152 807 1339 833 munieras
1372 800 1478 833 tene(
1508 807 1583 833 nec
1615 796 1728 842 illud,

220 868 329 915 quod
359 867 547 915 offendit,
580 871 650 904 (aa
682 876 756 903 cur
788 871 857 903 ant
888 866 926 902 ἱη
962 877 1038 913 quo
1071 866 1254 913 offendat
1283 865 1497 913 inlelleqit,
1530 868 1568 902 et
1598 868 1726 902 {alneu

221 936 391 973 (menium
436 935 729 983 lonqitudinwn
775 939 812 972 el
853 934 1089 972 brevitalum
1133 934 1174 970 in
1215 934 1324 971 sonis
1366 934 1471 971 ,ςὶεειί
1516 938 1728 971 acutarum

219 1005 484 1053 mariumque
532 1014 667 1041 vocum
715 1003 909 1041 iudicium
955 1002 1045 1050 ipsa
1089 1006 1241 1039 namra
1282 1002 1321 1038 in
1365 1002 1534 1040 (curibus
1580 1003 1730 1040 nostris

221 1075 429 1111 collocarat
442 1073 462 1108 ’.

336 1138 391 1179 Et
421 1137 516 1178 istis
547 1137 718 1190 quidem
749 1151 895 1178 omnes
917 1137 1041 1190 pueri
1070 1136 1244 1190 ingenui
1266 1136 1592 1177 instruebantur
1613 1137 1726 1177 rudi-

223 1207 377 1248 mentis
410 1206 628 1255 metricae,
663 1205 778 1258 quod
811 1205 1025 1258 quomodo
1057 1206 1218 1246 factum
1251 1205 1306 1246 sit
1327 1204 1412 1256 illa,
1445 1219 1556 1258 quae
1578 1205 1632 1246 ad
1655 1220 1731 1247 nos

221 1278 529 1330 pervenerunt,
580 1273 817 1315 enchiridia
865 1273 970 1315 satis
1017 1273 1337 1324 demonstrant,
1388 1277 1436 1314 ut
1482 1278 1627 1314 tamen
1677 1274 1732 1315 sit

225 1343 443 1394 credibile,
477 1343 638 1384 saeculi
671 1357 706 1383 a.
730 1357 768 1383 u.
794 1356 826 1383 c.
863 1341 1033 1396 septimi
1066 1342 1292 1396 octavique
1316 1346 1358 1384 ct
1380 1342 1479 1383 noni
1501 1343 1732 1396 magistros

222 1414 444 1467 aliquanto
486 1412 626 1453 minus
673 1411 804 1452 fuisse
844 1411 977 1452 taedii
1015 1410 1164 1463 plenos
1206 1425 1257 1451 ac
1299 1411 1563 1452 morositatis
1603 1425 1731 1464 quam

225 1497 296 1523 eos
321 1495 502 1535 quorum
524 1481 607 1521 iam
634 1483 782 1521 extant
803 1479 916 1520 libri.
964 1478 1209 1521 sufficiebat
1231 1483 1375 1520 autem
1396 1479 1504 1520 haec
1536 1479 1733 1521 doctrina

223 1552 301 1601 eis,
353 1550 426 1603 qui
479 1549 607 1591 alieni
654 1562 678 1589 a
717 1549 890 1602 poetica
931 1551 973 1589 et
1018 1547 1196 1589 diversis
1242 1548 1397 1589 intenti
1444 1548 1558 1589 curis
1602 1548 1731 1589 animi

224 1633 355 1661 causa
399 1622 441 1660 et
483 1619 537 1659 ad
584 1617 888 1659 oblectandum
930 1617 1063 1658 otium
1104 1617 1336 1671 aliquando
1370 1621 1610 1670 pangerent
1639 1631 1731 1658 car-

223 1689 349 1739 mina,
385 1701 490 1741 quos
522 1686 730 1740 plurimos
765 1700 815 1727 ex
839 1685 1032 1739 quolibet
1054 1685 1202 1727 ordine
1224 1685 1356 1727 fuisse
1380 1685 1494 1739 apud
1517 1685 1733 1727 Romanos

224 1756 521 1810 comperimus.
572 1769 720 1795 verum
752 1755 847 1805 illis,
881 1754 953 1808 qui
983 1757 1098 1796 totos
1131 1768 1175 1796 se
1206 1754 1441 1795 tradebant
1472 1754 1617 1805 Musis,
1648 1768 1733 1796 non

222 1825 343 1866 licuit
374 1824 608 1865 subsistere
649 1823 691 1864 in
735 1823 974 1864 eruditione
1006 1825 1371 1880 προπαιδευτικῇ,
1413 1822 1487 1864 sed
1526 1822 1732 1864 maiorem

222 1895 265 1935 in
309 1893 399 1934 dies
440 1892 641 1946 peritiam
683 1892 787 1933 artis
829 1896 871 1933 et
913 1891 1154 1933 doctrinam
1199 1891 1279 1932 sibi
1319 1905 1528 1945 quaerere
1562 1891 1732 1933 eosdem

223 1976 368 2003 verum
402 1964 506 2002 erat.

343 2031 483 2083 Atque
514 2029 623 2070 haec
654 2028 736 2070 fuit
763 2042 906 2079 causa,
940 2042 1016 2069 cur
1048 2041 1073 2069 a
1102 2031 1192 2069 tam
1224 2027 1370 2069 multis
1412 2041 1507 2069 cum
1538 2029 1734 2082 poeticae

224 2099 366 2140 studio
399 2098 586 2139 studium
620 2097 869 2150 iungeretur
908 2097 1234 2150 grammaticae,
1278 2110 1439 2150 curque
1482 2097 1554 2149 qui
1585 2111 1734 2139 versus

223 2172 464 2221 pangerent
493 2170 582 2207 tam
615 2179 743 2219 saepe
776 2166 1154 2219 grammaticorum
1184 2168 1409 2206 uterentur
1440 2165 1733 2207 contubernio.

339 2234 423 2276 Sed
464 2234 696 2288 plurimum
734 2234 788 2274 ad
830 2248 923 2275 eam
966 2247 1057 2274 rem
1102 2233 1377 2274 contulerunt
1419 2232 1600 2287 collegia
1646 2234 1734 2275 sive

227 2304 400 2345 scholae
429 2307 667 2357 poetarum.
720 2317 827 2356 quas
861 2302 1032 2356 quidem
1062 2316 1140 2343 nec
1169 2315 1194 2342 a
1217 2301 1394 2343 Graecis
1418 2301 1580 2343 alienas
1603 2302 1734 2344 fuisse

227 2377 293 2414 sat
325 2375 494 2413 constat
525 2375 567 2412 et
607 2371 722 2425 apud
756 2372 971 2412 Romanos
1012 2371 1097 2412 iam
1130 2370 1237 2410 Livii
1276 2374 1470 2423 tempore
1511 2371 1734 2412 institutas

225 2441 423 2482 firmatur
463 2440 578 2480 Festi
616 2439 711 2481 loco
753 2440 973 2481 notissimo
1015 2440 1100 2494 [pg.
1136 2439 1261 2493 333],
1306 2438 1380 2479 ubi
1423 2438 1613 2480 traditur
1655 2439 1733 2481 sub

225 2510 351 2551 finem
395 2508 497 2550 belli
531 2508 677 2561 punici
719 2508 895 2549 secundi
926 2508 1035 2548 Livii
1067 2507 1298 2548 Andronici
1340 2507 1483 2560 gratia
1523 2507 1733 2560 effectum,

226 2582 274 2620 ut
294 2577 466 2632 publice
493 2575 817 2617 adtribueretur
838 2577 989 2630 poetis,
1013 2590 1120 2630 quos
1141 2579 1233 2617 tum
1256 2575 1421 2617 scribas
1443 2576 1734 2630 appellabant,

228 2645 594 2698 histrionibusque
616 2644 836 2686 Minervae
868 2645 910 2685 in
946 2645 1051 2686 aede
1075 2645 1285 2685 Aventina
1316 2644 1447 2696 locus,
1479 2644 1553 2685 ubi
1584 2645 1735 2686 liceret

228 2716 287 2756 eis
323 2714 558 2755 consistere
591 2727 642 2754 ac
674 2713 786 2754 dona
817 2728 988 2768 ponere.
1053 2713 1103 2754 de
1146 2727 1230 2766 quo
1269 2713 1396 2766 plura
1427 2713 1543 2754 dicta
1573 2713 1615 2753 in
1647 2714 1735 2754 vita

228 2783 353 2824 Ennii
385 2797 452 2836 pg.
478 2787 531 2825 30
554 2798 645 2836 sqq.
764 2796 893 2836 porro
927 2796 952 2823 a
979 2782 1151 2823 Valerio
1183 2782 1371 2822 Maximo
1401 2782 1474 2832 III,
1499 2785 1520 2822 7
1545 2782 1636 2836 [11]
1669 2795 1734 2822 re-

227 2851 364 2892 fertur
386 2852 503 2892 Accii
536 2855 728 2905 tempore
762 2852 893 2892 fuisse
916 2851 1076 2891 Romae
1101 2850 1324 2904 collegium
1347 2854 1584 2903 poetarum.
1630 2850 1735 2891 item

228 2920 417 2961 scholam
466 2934 612 2961 eorum
668 2923 879 2961 memorat
925 2919 1137 2960 Martialis
1179 2919 1258 2970 III,
1293 2922 1364 2969 20,
1398 2922 1445 2970 S,
1495 2918 1565 2969 IV,
1604 2922 1673 2969 61,
1698 2922 1733 2959 3.

227 3003 365 3041 neque
406 2992 549 3042 potest
592 2989 799 3039 dubitari,
846 2988 948 3041 quin
985 3002 1008 3028 a
1043 2987 1274 3028 Caesarum
1318 2991 1461 3027 aetate
1504 2987 1545 3027 in
1591 2986 1734 3028 multis
