1898 3292
1559 283 1594 317 ΧΤ

87 385 365 426 iudicandum
397 400 522 439 quam
557 386 611 426 ad
642 385 973 437 intellegendum
1007 386 1216 438 aptiores,
1250 386 1321 438 qui
1354 385 1409 426 ad
1440 400 1594 439 paran-

89 465 188 506 dum
223 465 337 519 vulgi
365 465 562 518 plausum
594 465 707 506 idem
740 464 1099 506 commendarent.

203 544 292 586 Nec
321 551 464 586 tamen
496 545 622 586 huius
654 548 719 585 est
747 544 830 585 loci
862 544 913 585 de
944 544 1019 585 illa
1051 559 1096 585 re
1138 544 1333 598 pluribus
1370 545 1593 587 disserere.

88 624 255 665 accedit
286 625 417 677 quod,
446 629 493 665 ut
523 624 597 665 alii
628 624 767 673 multi,
799 625 861 664 ita
890 638 984 673 nos,
1017 639 1110 665 cum
1144 624 1245 665 alibi
1275 628 1365 665 tum
1398 626 1439 665 in
1467 625 1592 676 libro,

88 719 172 757 quo
205 705 475 757 antiquitatis
508 704 650 745 studia
683 704 797 757 apud
820 704 1004 745 Batavos
1037 719 1183 745 sumus
1220 705 1447 757 persecuti,
1483 709 1525 746 et
1553 707 1595 747 in

88 784 176 824 vita
208 784 429 824 Ritschelii
464 784 515 824 de
548 784 694 824 eadem
731 799 824 824 cum
859 798 961 824 cura
995 784 1319 837 disputavimus.

203 864 353 917 Itaque
383 864 453 904 hic
484 865 588 904 satis
620 865 701 904 erit
732 864 902 913 dixisse,
936 878 1030 904 eam
1061 864 1195 905 videri
1230 865 1351 906 nobis
1380 866 1463 905 iam
1498 879 1594 905 con-

87 944 295 984 dicionem
336 944 541 996 temporis
588 943 734 988 huius,
779 947 827 983 ut
872 944 905 983 si
949 948 1115 984 remota
1158 943 1348 984 funditus·
1391 944 1501 985 foret
1545 960 1595 985 ac

90 1023 262 1064 sublata
294 1038 345 1064 ex
379 1023 692 1077 gymnasiorum
728 1038 807 1063 usu
838 1023 965 1063 lectio
999 1027 1221 1064 auctorum
1257 1008 1522 1064 Graecorum
1555 1028 1597 1065 et

90 1103 355 1153 Latinorum,
394 1103 541 1144 eadem
584 1117 694 1143 nunc
726 1103 791 1143 vel
831 1103 1014 1143 maxime
1059 1103 1357 1144 resuscitanda
1399 1108 1511 1144 esset
1555 1108 1597 1144 et

87 1183 365 1224 restituenda.

203 1263 369 1303 Etenim
413 1263 527 1316 quod
566 1263 771 1303 Niburius
814 1277 924 1303 anno
965 1263 1091 1304 huius
1133 1263 1293 1304 saeculi
1336 1263 1455 1304 XXX
1499 1279 1596 1316 pro-

88 1342 226 1383 fessus
258 1346 322 1383 est
355 1356 399 1383 se
431 1343 600 1389 timere,
629 1357 680 1383 ne
715 1343 882 1383 abiecto
912 1343 1028 1383 cultu
1061 1358 1136 1396 per
1168 1347 1231 1383 tot
1267 1343 1440 1384 saecula
1471 1346 1596 1396 parto

86 1422 128 1462 in
169 1421 416 1463 barbariem
456 1423 694 1463 reccideret
736 1437 868 1475 genus
909 1423 1162 1471 humanum,
1207 1423 1249 1463 id
1294 1423 1420 1463 hodie
1463 1423 1595 1463 multo

88 1502 222 1554 magis
255 1506 320 1542 est
350 1502 637 1543 metuendum.

204 1581 399 1634 Namque
431 1585 600 1622 constat
630 1583 743 1623 inter
775 1596 920 1622 omnes
953 1581 1176 1635 aliquanto
1208 1583 1349 1623 acrius
1382 1598 1492 1623 nunc
1525 1597 1594 1623 ac—

88 1675 237 1702 censas
268 1662 456 1715 partium
487 1661 808 1715 factionumque
841 1661 1135 1702 contentiones
1166 1662 1219 1702 ad
1251 1663 1476 1716 pristinum
1511 1667 1595 1704 sta-

86 1744 177 1781 tum
214 1740 408 1781 funditus
449 1741 724 1782 evertendum
766 1742 808 1782 in
852 1741 1098 1782 civitatibus
1143 1756 1269 1795 quam
1315 1747 1414 1784 ante
1462 1758 1594 1783 annos

86 1820 160 1860 LX
195 1820 438 1873 multosque
478 1821 678 1871 inveniri,
722 1821 794 1874 qui
834 1835 918 1861 non
959 1821 1083 1861 modo
1127 1822 1399 1874 antiquitatis
1442 1823 1596 1873 studia,

87 1899 161 1940 sed
193 1901 364 1952 quasvis
395 1903 510 1941 artes
541 1901 747 1953 ingenuas
780 1905 821 1941 et
851 1901 1089 1941 doctrinam
1122 1915 1287 1942 omnem
1320 1902 1450 1942 velint
1482 1902 1596 1943 velut

86 1992 243 2019 noxam
284 1979 500 2032 quandam
545 1984 588 2020 et
630 1979 772 2020 labem
816 1980 1031 2033 publicam
1077 1980 1128 2021 de
1171 1980 1310 2021 medio
1356 1981 1458 2022 tolli.
1521 1982 1594 2035 qui

87 2058 202 2111 quod
222 2059 451 2099 maximam
483 2063 650 2112 partem
681 2073 733 2100 ex
763 2060 908 2101 infimo
940 2060 1196 2113 prodierunt
1229 2061 1389 2111 ordine,
1423 2076 1471 2102 eo
1502 2062 1595 2115 ipso

87 2141 185 2179 sunt
215 2138 443 2179 validiores
476 2138 529 2179 ad
562 2137 722 2180 iudicia
756 2140 1051 2193 imperitorum
1086 2141 1412 2194 corrumpenda.

202 2217 433 2258 Praeterea
482 2218 680 2259 iuventus
729 2218 822 2266 illa,
875 2234 984 2272 quae
1035 2219 1207 2261 liberali
1254 2221 1390 2273 magis
1438 2221 1596 2262 fruitur

87 2296 348 2347 eruditione,
399 2312 512 2338 nunc
557 2302 733 2351 propter
782 2299 1065 2340 difficiliorem
1118 2300 1251 2341 multo
1303 2301 1595 2341 condicionem

86 2376 268 2429 parandi
300 2376 450 2418 adulta
490 2381 632 2418 aetate
663 2379 821 2419 victum
859 2379 921 2419 ita
966 2384 1192 2420 exercetur
1235 2380 1364 2421 rebus
1406 2380 1459 2421 ad
1499 2395 1595 2434 pro-

87 2456 339 2496 movendam
381 2456 693 2498 humanitatem
737 2463 780 2498 et
821 2458 1077 2511 elegantiam
1121 2459 1399 2500 excolendam
1442 2474 1594 2513 parum

86 2534 334 2585 fructuosis,
365 2540 414 2576 ut
442 2536 511 2576 vix
541 2537 584 2576 in
617 2537 785 2588 scholis,
816 2538 972 2578 nedum
1004 2539 1167 2580 relictis
1200 2539 1266 2579 his
1297 2540 1340 2579 in
1372 2540 1459 2580 vita
1491 2541 1595 2581 satis

89 2618 292 2667 suppetat
334 2615 432 2665 otii,
479 2629 562 2668 quo
604 2617 769 2669 possint
812 2617 1083 2670 dignoscere,
1130 2618 1233 2671 quid
1270 2619 1312 2659 in
1353 2619 1511 2659 litteris
1554 2623 1597 2660 et

87 2692 253 2734 artibus
286 2694 340 2735 sit
368 2694 596 2747 pulchrum
629 2699 671 2736 et
702 2696 922 2746 decorum,
960 2697 1061 2750 quid
1091 2702 1216 2751 turpe
1249 2702 1291 2738 et
1329 2698 1593 2739 damnosum.

201 2772 310 2813 Olim
358 2778 553 2826 questum
603 2776 758 2816 scimus
797 2776 1044 2826 Horatium,
1093 2778 1206 2830 quod
1248 2778 1371 2831 pueri
1416 2779 1595 2819 Romani

88 2865 139 2891 ea
168 2853 312 2904 potius
343 2853 599 2895 docerentur
631 2869 655 2894 a
695 2856 933 2908 magistris,
977 2870 1087 2909 quae
1127 2857 1182 2897 ad
1224 2871 1313 2898 rem
1356 2857 1595 2910 parandam

87 2931 415 2985 augendumque
439 2933 650 2986 peculium
678 2935 943 2989 pertinerent
975 2950 1102 2989 quam
1135 2935 1290 2989 quibus
1323 2938 1475 2978 exacui
1496 2951 1594 2994 pos-
