1898 3292
244 239 328 278 434
854 246 974 272 LIBER
992 246 1147 272 ssxrrvs.

245 363 340 390 cum
373 349 517 402 priore
548 362 628 390 1190
658 349 797 390 111111113
828 348 979 390 eadem
1012 348 1137 389 abici.
1188 348 1335 401 itaque
1357 349 1625 402 pyrrichiace
1648 348 1753 389 illud

245 417 354 459 dixit
385 417 610 458 Lucretius
644 416 729 473 [VL
763 420 868 469 9743
906 416 1026 472 977]:

451 500 690 541 unguentum.
740 508 823 530 nam
847 495 1038 540 saetigeris
1063 496 1174 529 subus
1199 507 1282 530 acre
1310 500 1535 530 venenumst.

450 553 658 597 spurcities,
685 553 813 587 eadem
838 554 950 587 subus
976 552 1066 585 haec
1094 553 1254 587 iucunda
1278 553 1433 587 videtur.

245 626 290 664 at
320 622 433 663 idem
465 621 568 663 alibi
602 620 667 678 [V,
700 621 822 678 966]:

452 702 718 746 saetigerisque
745 712 852 746 pares
877 702 990 735 subus
1015 702 1195 736 silvestria
1219 702 1384 735 membra

450 759 548 793 nuda
572 758 710 793 dabant
733 762 875 802 terrae;

245 841 383 881 neque
415 827 542 869 aliter
574 827 711 868 Varro
746 826 938 882 [Eumen.
971 827 1060 883 18]:

451 919 496 941 an
525 907 698 941 colubrae
725 919 769 940 an
795 907 922 940 volvae
948 906 993 940 de
1019 906 1156 940 Albuci
1180 906 1293 941 subus
1321 906 1490 940 Athenis.

245 996 392 1023 verum
414 981 477 1023 ita
498 995 598 1022 num
620 981 739 1035 prior
765 981 808 1021 in
840 994 902 1031 eo,
934 980 1048 1033 quod
1080 984 1145 1022 est
1176 978 1311 1022 bobus
1330 980 1417 1021 sive
1449 983 1588 1025 bubus,
1620 980 1756 1034 possit

249 1050 437 1092 breviari
471 1063 623 1104 parum
656 1052 837 1090 constat.
888 1063 986 1090 nam
1018 1049 1133 1102 quod
1164 1049 1215 1090 (19
1248 1048 1437 1101 Myronis
1465 1049 1623 1089 bucula
1653 1048 1755 1098 legi—

246 1123 317 1160 tur
348 1119 391 1159 in
427 1119 738 1172 epigrammate
781 1117 905 1171 quasi
937 1117 1114 1159 Ausonii
1157 1116 1240 1173 [62
1274 1121 1318 1169 23
1353 1117 1404 1157 cf.
1437 1117 1500 1158 ed.
1533 1116 1755 1158 Schenkel.

245 1201 313 1241 pg.
346 1185 470 1243 260]:

452 1271 512 1295 aes
538 1260 650 1294 veluti
676 1260 818 1304 spirans
845 1270 928 1293 cum
956 1260 1075 1294 bobus
1101 1259 1275 1304 exagites,

246 1329 290 1371 id
336 1330 548 1371 incertum
594 1341 780 1382 quanam
823 1328 1086 1370 auctoritate
1131 1341 1156 1369 a
1195 1327 1399 1369 Thadaeo
1441 1327 1639 1381 VgoletO,
1684 1327 1758 1380 qui

247 1398 410 1452 primus
442 1397 633 1451 protulit,
665 1396 765 1438 huic
797 1397 852 1438 sit
885 1396 1079 1438 additum
1110 1399 1276 1450 poetae.

362 1466 446 1508 Sed
479 1465 647 1520 singula
677 1466 928 1519 priusquam
961 1478 1163 1518 exequar,
1195 1477 1306 1518 quae
1336 1455 1567 1506 tractanda
1595 1465 1757 1519 sumpsi

248 1534 329 1576 hoc
359 1533 494 1586 libro,
538 1534 814 1576 refutandum
856 1533 970 1587 quod
1012 1533 1204 1575 creditur
1248 1546 1393 1575 errore
1435 1534 1757 1587 perversissimo

249 1607 449 1645 auctores
489 1603 748 1644 christianos
787 1602 1078 1656 quantitatum
1125 1615 1229 1643 cura
1269 1601 1401 1643 fuisse
1439 1602 1504 1643 vel
1544 1602 1661 1643 nulla
1692 1602 1758 1643 vel

247 1672 352 1713 nulli
384 1671 613 1713 simillima.
668 1684 693 1712 a
725 1684 811 1724 qua
842 1670 950 1712 adeo
980 1670 1042 1711 illi
1073 1670 1201 1711 alieni
1233 1669 1407 1711 fuerunt
1439 1671 1672 1724 pravitate,
1712 1674 1759 1711 ut

247 1753 300 1781 ne
331 1741 606 1794 propriorum
638 1738 811 1793 quidem
841 1739 1072 1789 nominum,
1106 1751 1217 1791 quae
1248 1738 1346 1779 inde
1372 1738 1427 1779 ab
1450 1738 1759 1792 antiquissimis

246 1808 515 1862 temporibus
546 1807 725 1850 liberius
755 1810 855 1849 sunt
885 1806 1054 1858 habita,
1097 1810 1258 1848 temere
1300 1807 1537 1860 migrarent
1567 1807 1757 1848 rationes

246 1877 461 1919 metricas.
522 1876 635 1918 unde
676 1875 784 1918 haec
825 1876 947 1930 ponit
979 1875 1178 1917 Sidonius
1220 1875 1271 1916 de
1306 1877 1466 1917 sanctis
1499 1875 1755 1929 quibusdam

246 1945 348 1986 viris
383 1944 523 2001 [epist.
553 1944 626 1996 IX,
661 1948 725 1996 16,
758 1943 852 2001 81]:

453 2024 616 2069 singulos
643 2035 733 2068 quos
759 2035 856 2058 nunc
888 2024 948 2068 pia
973 2024 1215 2068 nuncupatim

452 2092 525 2116 non
550 2081 674 2116 valent
700 2092 808 2115 versu
834 2079 1008 2115 cohibere
1034 2081 1157 2115 verba.

454 2149 546 2183 quos
570 2141 695 2173 tamen
722 2138 855 2173 cordae
881 2139 1069 2181 nequeunt
1094 2148 1234 2180 sonare,

453 2195 566 2230 corda
592 2197 785 2230 sonabunt.

249 2269 370 2324 quid'
397 2269 512 2323 quod
549 2270 593 2310 in
631 2268 714 2312 fine
756 2269 1001 2311 litterarum
1032 2268 1284 2310 Latinarum
1325 2270 1539 2310 constanti
1570 2270 1759 2323 Eugenio

248 2352 523 2380 numerorum
554 2339 698 2392 potius
726 2336 1082 2391 aequabilitatem
1124 2351 1251 2390 quam
1294 2338 1569 2392 syllabarum.
1590 2339 1759 2391 quanti-

247 2411 382 2448 tatem
404 2406 572 2448 iniectis
598 2406 842 2449 nominibus
868 2406 1056 2460 propriis
1087 2405 1250 2459 placuit
1281 2406 1461 2447 turbari.
1513 2407 1633 2448 cuius
1660 2410 1759 2447 311111

248 2475 355 2516 haec
385 2474 439 2530 [7,
476 2473 564 2531 13]:

455 2559 519 2594 sed
545 2561 629 2604 quia
655 2563 789 2594 cuncta
813 2560 918 2594 simul
943 2563 1102 2595 metrum
1128 2571 1201 2594 non
1225 2561 1380 2604 suscipit
1408 2571 1531 2602 unum,

455 2617 584 2661 accipe
610 2616 764 2651 diversis
789 2617 880 2651 haec
908 2617 1046 2651 variata
1069 2617 1208 2651 metris.

457 2672 702 2717 Quintilianus
731 2673 845 2717 adest,
870 2673 1028 2708 Euotius
1054 2677 1163 2717 atque
1190 2673 1395 2716 Cassianus,

455 2729 571 2775 Felix,
596 2729 790 2775 Lupercus
817 2729 1095 2774 Ianuariusque,

456 2786 583 2831 Iulius,
615 2786 791 2831 Urbanus,
818 2787 1060 2831 Apodemius,
1087 2786 1172 2821 inde
1199 2786 1420 2830 Primitivus,

456 2843 626 2888 Optatus,
653 2843 817 2888 Publius,
844 2844 1061 2879 Oecilianus.

454 2901 513 2934 hic
540 2901 743 2935 Successus
768 2902 873 2945 inest,
900 2901 958 2935 hic
985 2901 1190 2935 Matutinus
1215 2901 1381 2936 habetur.

457 2969 543 2991 ecce
572 2958 738 3003 Faustus,
765 2969 852 2992 ecce
879 2957 1018 2991 Fronto
1044 2962 1200 3001 postque
1228 2958 1407 2992 Martialis
1436 2962 1499 2992 est.
