1898 3292
234 168 249 204 1
259 169 284 205 4
846 174 1122 200 PROHOEMIVM.

344 278 475 329 Alter,
506 278 541 319 si
572 277 702 331 longa
733 276 869 318 vocali
898 281 973 318 aut
995 278 1260 332 diphthongo
1285 277 1501 319 clauditur
1524 291 1605 319 vox
1626 278 1736 319 inse-

229 351 386 401 quente
416 346 561 388 statim
593 346 741 387 vocali.
794 349 858 387 est
889 346 1001 387 enim
1030 346 1244 400 producta
1273 347 1317 387 in
1347 346 1429 387 hoc
1453 344 1556 387 ‘ulla
1585 361 1736 388 moram

227 421 372 467 secere
403 429 533 466 neque
563 418 689 456 Aonie
715 412 965 467 Agyam'ppe',
994 414 1136 456 brevis
1165 416 1207 456 in
1238 415 1319 456 1100
1344 413 1522 455 ‘insulae
1549 417 1663 455 Iom‘o
1695 418 1736 455 in

227 481 413 535 mayno'.

342 552 525 603 Tertius,
557 551 592 593 si
622 551 764 593 brevis
795 551 954 593 vocalis
986 551 1199 605 excipitur
1230 565 1255 592 a
1287 554 1405 592 muta
1435 551 1501 592 vel
1531 556 1563 602 f
1587 550 1736 592 addita

227 620 403 674 liquida,
436 620 582 674 qualia
612 623 712 662 sunt
743 620 851 661 haec
886 619 1069 671 ‘infande'
1103 618 1311 672 Cyclopes'
1350 623 1392 661 et
1422 618 1655 670 ‘vastosque
1688 622 1736 660 ab

226 703 331 740 rupe
368 686 602 741 Cyelopas’.

343 758 543 808 Quartus,
577 757 612 798 si
644 757 785 799 brevis
816 757 961 810 posita
991 758 1034 798 in
1065 757 1147 798 fine
1171 757 1384 811 excipitur
1406 771 1431 798 a
1456 757 1616 811 duplici
1640 771 1736 798 con-

229 840 333 867 sona
365 842 386 866 z
419 826 485 867 vel
516 841 557 867 sc.
619 839 716 867 nam
761 826 993 879 corripitur
1029 826 1111 866 hoc
1152 840 1277 867 versu
1312 824 1519 876 ‘pontibus
1552 829 1738 866 instratis

228 898 441 936 coniunxit
469 898 590 936 litora
623 891 827 943 Xera-es',
873 893 975 935 alibi
1014 894 1063 936 fit
1098 894 1227 948 longa
1258 895 1318 935 sic
1342 893 1593 946 ‘Drymoque
1625 897 1737 935 Xan-

226 968 372 1015 {leoque
408 966 629 1014 lealiaque
667 961 1002 1015 Cymodoceque&

343 1033 536 1084 Quintus,
574 1033 608 1073 si
641 1036 845 1074 secuntur
866 1032 1016 1074 itidem
1038 1032 1211 1073 brevem
1233 1032 1355 1073 initio
1378 1032 1493 1073 vocis
1515 1032 1737 1086 proximae

229 1101 355 1142 binae
379 1114 602 1152 consonae,
636 1115 816 1155 quarum
840 1102 960 1155 prior
982 1102 1037 1142 sit
1057 1116 1089 1149 3,
1121 1114 1231 1154 quae
1252 1101 1506 1154 plerumque
1526 1100 1738 1154 liquescit,

228 1174 275 1212 ut
309 1171 352 1211 in
384 1169 449 1210 his
474 1168 640 1221 ‘ponite
674 1184 767 1221 spes
798 1173 875 1211 sibe·
906 1167 1110 1221 quisque'.
1158 1169 1231 1211 sed
1261 1173 1406 1224 potest
1435 1183 1609 1211 manere
1640 1184 1737 1224 pro-

229 1239 360 1280 ducta
390 1238 522 1289 brevi,
556 1238 725 1292 qualest
755 1238 861 1279 illud
883 1237 1011 1279 ‘unde
1041 1241 1171 1280 scissa
1202 1236 1350 1280 eoma’.

342 1307 509 1358 Sextus,
543 1307 578 1348 si
613 1310 711 1361 post
752 1306 923 1349 finalem
968 1310 1234 1360 correptam,
1274 1320 1384 1360 quae
1423 1306 1466 1347 in
1508 1320 1737 1348 consonam

229 1379 366 1426 exeat,
396 1375 590 1429 sequitur
612 1379 648 1417 72.
696 1389 795 1417 nam
819 1376 1065 1417 extenditur
1086 1375 1161 1416 illa
1182 1375 1222 1416 in
1246 1375 1327 1416 hoc
1352 1374 1490 1427 ‘tergm
1510 1379 1738 1428 satiqamus

226 1442 365 1486 lacista'
401 1444 467 1486 vel
493 1443 688 1486 ‘Aeneam
718 1447 918 1486 hominum
952 1441 1181 1496 quisquam'
1219 1444 1374 1499 [Diom.
1393 1444 1507 1499 425}
1539 1444 1613 1485 sed
1636 1445 1736 1485 item

225 1513 448 1555 breviatur
478 1516 526 1554 ut
558 1512 661 1555 ‘ibat
692 1528 815 1554 ovans
847 1516 1058 1564 divumque
1089 1516 1165 1555 sibe·
1188 1516 1386 1564 poscebat
1413 1510 1640 1554 honorem&

342 1582 570 1636 Septimus,
606 1582 642 1623 si
672 1582 714 1623 in
746 1582 829 1623 fine
860 1582 1068 1623 orationis
1098 1582 1274 1636 ponitur
1296 1581 1437 1623 brevis
1459 1582 1618 1623 vocalis
1642 1596 1737 1623 cum

228 1664 436 1702 consona,
479 1651 580 1704 quia
625 1650 856 1692 adiuvante
901 1650 987 1692 arsi
1033 1654 1178 1705 potest
1223 1650 1425 1705 produci,
1474 1664 1628 1704 nempe
1674 1651 1736 1692 ita

220 1718 384 1761 ‘emieat
415 1723 622 1772 Euryalus
655 1726 692 1760 et
721 1733 888 1761 munere
918 1723 1045 1761 vietor
1076 1717 1230 1761 amiei’.

342 1788 552 1839 Octavus,
585 1789 619 1830 si
651 1789 694 1830 in
724 1788 808 1830 fine
840 1789 896 1830 sit
926 1788 1042 1829 nuda
1082 1788 1243 1830 vocalis
1286 1791 1328 1829 et
1368 1788 1563 1842 proximo
1606 1788 1737 1830 verbo

228 1857 463 1899 adhaereat
494 1870 692 1899 consona.
754 1857 913 1911 quippe
955 1860 997 1898 et
1028 1857 1091 1898 sic
1123 1857 1355 1898 adiuvante
1387 1857 1476 1898 ictu
1511 1857 1630 1911 prior
1660 1871 1734 1911 po-

227 1929 313 1967 test
341 1926 506 1968 intendi
538 1926 655 1968 velut
684 1926 727 1966 in
757 1926 840 1968 hoc
860 1924 1099 1976 ‘liminaque
1129 1930 1353 1977 laurusque
1385 1923 1486 1968 ἀεί’.

343 1995 508 2047 Nonus,
552 1996 588 2036 si
628 2008 863 2049 pronomen
900 1998 966 2036 lzz‘e
996 1994 1062 2035 vel
1093 1998 1169 2036 hoc
1196 1995 1372 2049 ponitur
1402 1998 1502 2036 ante
1533 1994 1736 2036 vocalem.

228 2065 291 2105 ita
323 2064 432 2105 enim
464 2063 600 2106 habes
625 2062 710 2105 ‘laic
747 2067 830 2113 vir,
871 2066 937 2105 lzz‘e
977 2061 1053 2104 θεῖ’
1104 2066 1147 2105 et
1188 2063 1315 2105 aliter
1350 2062 1445 2105 ‘hoe
1483 2071 1591 2113 erat,
1633 2068 1738 2105 alma

224 2130 420 2184 parens'.

343 2197 438 2243 Non
466 2201 689 2255 indignum
720 2201 947 2252 memoria,
988 2214 1098 2254 quae
1138 2201 1320 2255 apposui
1352 2200 1548 2255 exempla
1580 2214 1602 2242 e
1635 2201 1738 2242 Ver-

230 2270 329 2324 gilio
361 2270 499 2324 petita
531 2274 707 2324 praeter
747 2283 815 2321 ea,
854 2283 964 2323 quae
1005 2269 1285 2323 suppeditant
1326 2269 1543 2310 licentiam
1592 2269 1647 2311 ab
1688 2283 1737 2310 eo

229 2339 434 2380 alienam:
473 2342 667 2390 pontibus
708 2342 893 2379 inslratis
934 2341 1147 2379 coniwzaeit
1184 2341 1306 2379 litora
1337 2341 1502 2379 Xerxes
1546 2341 1589 2378 et
1630 2342 1740 2379 unde

229 2411 360 2449 scissa
400 2421 524 2450 coma.
591 2407 815 2448 variantur
855 2410 999 2448 autem
1039 2406 1115 2448 illa
1160 2406 1414 2458 identidem,
1462 2406 1536 2448 sed
1583 2407 1646 2448 ita
1691 2410 1739 2447 ut

229 2489 366 2530 paene
398 2476 540 2518 omnia
571 2490 623 2518 ex
652 2475 802 2518 eodem
835 2475 965 2517 ducta
995 2475 1080 2517 sint
1104 2478 1245 2530 poeta.

344 2545 434 2586 Iam
464 2544 572 2586 haec
603 2544 800 2586 doctrina
831 2544 1105 2598 quantumvis
1136 2543 1291 2585 futtilis
1322 2547 1365 2585 et
1393 2543 1583 2585 absurda
1614 2544 1738 2597 (pau-

231 2614 349 2655 ciora
388 2627 439 2655 ac
480 2613 763 2667 prudentiora
804 2613 959 2655 Graeci
1006 2614 1049 2654 in
1095 2626 1142 2654 re
1184 2612 1350 2666 simili),
1393 2625 1522 2665 quam
1570 2612 1737 2653 omissis

230 2682 500 2736 paucissimis
540 2681 606 2723 vel
646 2682 904 2732 immutatis,
945 2681 1107 2735 alioqui
1149 2694 1232 2722 non
1273 2680 1402 2722 rebus
1444 2681 1581 2734 magis
1609 2694 1737 2733 quam

231 2750 437 2805 exemplis
467 2750 695 2791 mirificum
731 2750 774 2790 in
814 2749 988 2791 modum
1032 2750 1346 2791 consentientes
1388 2749 1647 2803 probarunt,
1690 2753 1738 2790 ut

230 2819 393 2861 Bedam
438 2818 634 2860 omittam
680 2832 775 2860 cum
819 2818 998 2859 Alcuino
1040 2818 1126 2872 [pg.
1160 2821 1293 2869 23523
1326 2818 1476 2871 2085],
1519 2817 1737 2858 Charisius

231 2888 392 2942 [3—5],
425 2888 652 2928 Cledonius
682 2888 811 2941 [1883
844 2887 938 2940 sq.]‚
968 2886 1194 2927 Diomedes
1227 2887 1510 2941 [423-—425L
1543 2886 1737 2926 Donatus
