1898 3292
210 174 232 212 9
240 174 262 211 ss
815 183 935 208 LIBER
952 183 1108 208 PRIMVS.

208 284 391 338 placitis.
452 284 564 325 unde
615 284 810 338 sequitur
857 284 939 325 hoc
990 285 1079 326 scre
1131 285 1266 326 solum
1316 284 1516 326 meritum
1569 298 1716 326 eorum

206 353 398 406 potuisse
431 353 615 403 evenire,
646 357 710 404 ut,
744 353 868 406 siqua
900 352 1116 394 ferrentur
1145 352 1363 406 prioribus
1392 353 1531 394 minus
1564 357 1716 394 curata

207 447 261 451 —
295 435 557 475 quamquam
589 421 693 474 quid
724 421 959 475 perfectius
990 421 1174 463 disticho
1198 421 1437 462 Ovidiano‘?
1470 446 1525 450 ——
1560 435 1610 462 ea
1631 422 1716 462 iam

208 490 359 531 horum
382 490 574 544 ipsorum
606 489 674 530 via
706 503 756 531 ac
788 490 955 531 ratione
986 490 1291 540 emollirentur,
1324 493 1366 531 et
1388 504 1498 542 quae
1520 490 1563 530 in
1584 490 1716 531 hexa-

207 562 344 599 metro
386 561 745 612 pentametroque
790 572 860 599 ars
905 558 1158 611 plerumque
1200 558 1431 612 optineret,
1476 558 1530 599 ad
1573 550 1717 600 cetera

207 627 518 668 transferretur
545 631 695 668 metra.
746 640 856 680 quae
890 641 985 668 cum
1017 627 1078 668 ita
1107 628 1202 677 sint,
1233 627 1359 680 longe
1382 627 1718 680 dignissimumst

208 696 448 749 cognitione
469 695 587 746 illud,
611 695 767 748 quibus
790 699 989 736 auctores
1011 695 1073 736 illi
1095 695 1287 749 priorum
1308 696 1373 737 usi
1397 696 1480 736 sint
1496 696 1716 749 exemplis.

208 764 283 805 sed
317 764 368 805 de
390 764 472 805 hac
494 778 539 805 re
563 778 658 804 cum
682 764 896 817 copiosius
916 764 1027 805 libro
1049 764 1291 817 insequenti
1314 764 1445 805 simus
1468 765 1717 818 exposituri,

206 833 288 874 hoc
309 836 477 874 tantum
500 832 779 883 monebimus,
804 832 942 873 Ovidii
964 833 1195 886 plurimum
1218 832 1402 885 viguisse
1424 833 1596 886 placita.
1650 834 1717 873 cui

207 902 393 955 proximi
426 915 647 942 accessere
677 901 955 951 auctoritate,
997 901 1072 942 sed
1108 901 1234 954 longo
1262 899 1488 942 intervallo
1519 902 1717 955 proximi,

209 970 420 1024 Vergilius
454 973 496 1011 et
527 969 745 1011 Horatius.
808 974 997 1011 ceterum
1039 974 1086 1011 ut
1126 970 1253 1023 primi
1283 985 1322 1023 p.
1356 970 1455 1011 Chr.
1487 985 1525 1011 11.
1557 970 1717 1011 saeculi

208 1043 407 1080 auctores
439 1052 490 1079 ne
522 1039 563 1078 in
596 1039 678 1079 hac
710 1038 881 1091 quidem
913 1042 1038 1092 parte
1071 1039 1294 1092 propriam
1337 1038 1595 1092 elegantiam
1634 1053 1717 1080 non

208 1107 459 1161 probarunt,
490 1107 553 1148 ita
583 1107 899 1160 insequentium
930 1111 1173 1160 temporum
1194 1107 1329 1160 magis
1351 1107 1573 1160 magisque
1597 1108 1717 1148 scho-

206 1177 362 1217 lastica
391 1176 649 1229 optimorum
682 1175 837 1216 ducum
872 1175 1110 1216 imitatione
1146 1176 1481 1229 degenerarunt,
1522 1176 1716 1229 adeoque

207 1248 453 1298 postremae
484 1244 653 1298 imperii
675 1244 831 1285 aetatis
853 1243 1071 1297 plerisque
1094 1244 1340 1298 suptiliores
1364 1244 1481 1297 leges
1509 1245 1718 1285 sermonis

207 1313 349 1354 Latini
378 1327 515 1367 paene
546 1312 820 1354 intermortui
861 1312 931 1353 vix
973 1313 1109 1366 magis
1152 1317 1388 1366 patuerunt
1420 1327 1548 1366 quam
1581 1313 1716 1354 nobis.

323 1382 529 1436 Superest
550 1385 598 1423 ut
620 1394 892 1435 quaeramus,
921 1380 1036 1434 quod
1057 1381 1274 1432 iudicium,
1308 1395 1437 1435 quam
1461 1382 1717 1436 elegantiam

207 1451 471 1493 declararint
508 1454 664 1504 poetae
696 1449 838 1491 Latini
878 1449 922 1490 in
957 1449 1164 1503 eligendis
1196 1449 1539 1504 adhibendisque
1569 1450 1717 1492 metris

208 1520 399 1574 singulis.
460 1532 546 1572 qua
584 1519 628 1559 in
669 1532 716 1560 re
754 1531 1016 1571 quamquam
1060 1518 1241 1560 Romani
1282 1523 1324 1561 et
1366 1519 1631 1561 Graecorum
1671 1523 1719 1560 ut

207 1589 440 1642 plurimum
474 1601 674 1642 carpsere
705 1587 887 1640 vestigia
917 1600 996 1628 nec
1028 1601 1106 1628 sua
1138 1601 1182 1628 se
1215 1588 1472 1641 praestitere
1504 1588 1719 1641 elegantia

209 1657 451 1707 destitutos,
474 1659 657 1710 apparet
678 1659 823 1697 tamen
845 1669 917 1697 eos
934 1669 1018 1697 non
1036 1655 1141 1697 satis
1158 1656 1377 1710 prosperis
1395 1656 1718 1698 condicionibus

207 1740 318 1767 usos.
379 1726 563 1779 primum
596 1723 708 1766 enim
738 1738 999 1778 quamquam
1032 1728 1080 1765 ut
1111 1725 1330 1778 sanguinis
1360 1725 1626 1778 cognatione,
1657 1725 1719 1765 ita

208 1808 410 1836 versuum
441 1794 608 1835 ratione
640 1793 764 1846 longe
794 1793 980 1847 proximi
1010 1793 1130 1834 fuere
1163 1792 1341 1835 Graecis
1371 1793 1531 1845 Latini,
1574 1797 1718 1834 tamen

210 1877 305 1904 cum
327 1876 422 1904 sero
441 1862 577 1914 Musa,
599 1866 648 1903 ut
669 1861 811 1903 Porcii
833 1861 970 1902 Licini
992 1861 1133 1903 verbis
1154 1865 1266 1913 utar,
1288 1862 1513 1916 pinnatum
1536 1862 1718 1915 gradum

207 1931 402 1973 intulerit
433 1930 604 1972 Romuli
634 1930 753 1972 ferae
787 1930 920 1984 genti,
963 1944 1101 1983 neque
1132 1930 1291 1972 iustum
1324 1934 1366 1972 et
1396 1931 1585 1972 nativum
1617 1944 1718 1984 poe-

208 2001 320 2042 ticae
368 2004 509 2041 ortum
554 2012 918 2053 progressumque
968 1998 1062 2040 fieri
1108 2013 1255 2041 verum
1306 1999 1387 2040 fuit
1438 2003 1480 2040 et
1530 1999 1718 2040 scholica

208 2069 376 2110 ratione
408 2068 697 2122 percipientes
728 2071 867 2109 artem
898 2067 1172 2121 peregrinam
1204 2068 1289 2109 iam
1321 2067 1375 2109 ab
1407 2067 1527 2109 initio
1550 2067 1718 2109 libidini

208 2137 274 2179 vel
315 2136 495 2178 arbitrio
540 2136 808 2190 aliquantum
849 2136 1073 2190 indulgere
1114 2137 1315 2190 oportuit.
1377 2135 1487 2178 adde
1525 2136 1639 2190 quod
1671 2140 1719 2177 ut

208 2202 354 2247 Laevii
400 2209 567 2257 aetate,
615 2206 677 2247 ita
723 2205 777 2247 ab
816 2205 1000 2246 Anniani
1041 2208 1234 2259 tempore
1282 2218 1332 2246 ac
1372 2205 1520 2246 Sereni
1563 2208 1718 2259 poetae

207 2274 404 2328 plerique
437 2274 757 2328 apertissimum
788 2273 984 2315 variandi
1014 2277 1154 2314 metra
1192 2273 1258 2314 vel
1298 2277 1464 2314 remota
1506 2273 1643 2327 magis
1676 2276 1719 2314 et

209 2342 412 2384 abstrusa
445 2342 651 2396 seligendi
684 2342 839 2384 sectati
871 2345 970 2384 sunt
1010 2341 1215 2393 studium,
1258 2356 1342 2395 quo
1385 2345 1427 2383 et
1464 2342 1558 2395 ipso
1589 2355 1717 2395 saepe

209 2411 358 2452 debuit
388 2410 587 2465 impediri
626 2411 897 2452 modulorum
939 2414 1066 2464 aptus
1108 2410 1313 2452 delectus.
1375 2410 1560 2460 accedit,
1603 2410 1717 2463 quod

207 2479 464 2530 mutatione,
508 2483 555 2520 ut
595 2479 699 2520 mihi
740 2479 911 2533 quidem
954 2478 1141 2531 videtur,
1183 2479 1308 2533 longe
1350 2479 1717 2532 importunissima

208 2548 418 2603 synaphia
450 2548 694 2589 coeuntium
725 2551 1006 2602 systematum
1044 2562 1147 2589 usus
1179 2561 1230 2589 ac
1263 2547 1422 2601 peritia
1451 2551 1549 2601 post
1578 2547 1716 2588 Hora—

207 2617 314 2658 tium
345 2616 435 2657 fere
468 2616 651 2657 evanuit.
712 2616 811 2657 hinc
844 2616 952 2658 enim
985 2616 1216 2671 lyricorum
1251 2619 1485 2658 metrorum
1526 2616 1714 2669 vigorem

208 2688 250 2726 et
280 2684 414 2726 robur
444 2684 619 2737 infringi
651 2698 730 2738 par
761 2688 856 2726 erat
886 2688 943 2736 ct,
988 2684 1103 2738 quod
1142 2684 1264 2738 peius
1304 2684 1438 2726 multo
1479 2684 1577 2735 fuit,
1622 2697 1715 2725 eam

207 2753 351 2794 venire
383 2753 522 2807 poetis
562 2752 828 2806 opinionem,
874 2752 929 2794 ad
962 2755 1149 2807 systema
1181 2752 1490 2794 conficiendum
1520 2752 1638 2794 nulla
1670 2766 1714 2793 re

208 2835 314 2875 opus
338 2835 430 2862 esse
452 2825 627 2875 praeter
650 2821 871 2874 coiugatos
893 2821 1011 2875 paris
1034 2824 1109 2862 aut
1131 2821 1280 2863 similis
1297 2821 1485 2863 ambitus
1502 2834 1714 2862 numeros,

207 2890 282 2930 sed
320 2889 443 2942 longe
484 2889 897 2944 importunissimum
939 2889 1062 2941 illud,
1109 2889 1224 2943 quod
1262 2890 1432 2931 Horatii
1465 2889 1714 2931 melicorum
