1898 3292
784 214 903 238 LIBER
922 214 1079 239 PRIMVS.
1635 207 1686 245 59

180 318 364 358 maxime
405 317 448 357 in
480 317 562 357 fine
597 317 754 370 operis,
796 320 938 357 tamen
978 315 1354 369 praemonebimus
1400 316 1523 366 illud,
1567 320 1688 358 tanto

181 401 274 428 esse
321 386 511 440 potiores
560 385 686 426 huius
730 384 1004 426 hexametros
1050 399 1180 437 quam
1221 384 1483 438 mopstokii,
1527 388 1688 438 quanto

180 456 322 509 aptior
362 457 427 496 est
457 454 636 495 Latinus
680 467 819 495 sermo
851 453 1084 494 Teutonico
1128 453 1183 494 ad
1224 453 1340 506 leges
1380 457 1617 495 metrorum
1648 457 1692 495 et

181 523 472 578 quantitatum
504 523 585 564 rite
617 522 892 577 optinendas,
930 526 978 563 ut
1008 536 1091 563 non
1123 522 1306 564 iniustus
1336 522 1486 564 videar
1519 522 1690 565 futurus

180 592 362 644 arbiter,
410 592 445 633 si
489 592 532 632 in
575 591 670 645 pari
713 605 913 632 versuum
955 604 1131 632 numero
1171 590 1352 632 totidem
1396 591 1531 633 bonos
1573 591 1689 646 apud

179 662 362 702 Ennium
403 660 586 714 reperiri
626 659 868 711 affirmaro,
910 663 1015 713 quot
1055 659 1190 701 malos
1223 659 1339 714 apud
1371 659 1686 714 Klopstokium.

178 745 277 771 nam
308 744 387 771 nec
416 729 524 770 illud
555 729 658 770 satis
701 728 890 782 amplum
929 729 1119 782 satisque
1155 728 1437 770 honorificum
1470 728 1586 782 quod
1616 729 1688 770 Ni-

178 799 329 841 burius
359 798 411 839 de
445 802 538 839 arte
571 797 696 838 Ennii
728 797 828 838 tulit
857 797 1062 838 iudicium
1094 797 1275 852 [Vorlcs.
1308 797 1376 839 iib.
1407 800 1511 839 rom.
1535 798 1688 839 Gesch.

179 869 229 918 II,
266 871 344 910 196
377 868 475 922 sq.],
516 880 595 908 nec
629 870 693 907 est
723 867 866 920 magni
897 867 1119 917 momenti,
1158 866 1272 920 quod
1315 866 1496 908 eundem
1527 866 1690 908 Gellius

178 936 311 978 refert
341 936 475 991 [XIIL
509 939 575 986 23,
612 935 682 989 18]
714 935 885 976 minime
918 934 1048 976 fuisse
1081 935 1253 976 solitum
1286 946 1458 977 servare
1490 950 1689 977 numeros

178 1005 539 1046 hexametrorum.
578 1004 661 1045 fuit
683 1004 793 1045 enim
819 1003 995 1055 Gellius,
1017 1008 1065 1045 ut
1087 1004 1388 1055 Quintilianus,
1411 1005 1480 1045 vix
1503 1019 1689 1055 suorum,

178 1074 335 1115 nedum
376 1073 651 1126 antiquorum
690 1076 931 1126 temporum
979 1073 1085 1114 artis
1134 1073 1339 1114 metricae
1386 1074 1492 1114 satis
1546 1074 1690 1127 ampla

178 1143 346 1197 peritia.
408 1155 543 1195 quare
579 1141 693 1182 hunc
727 1141 869 1195 specie
903 1141 1130 1195 deceptum
1163 1142 1372 1183 existimo.
1434 1146 1689 1196 tantumque

179 1211 320 1262 abest,
363 1214 411 1252 ut
454 1211 637 1252 Ennium
682 1210 877 1252 diversae
925 1224 950 1251 a
996 1210 1309 1264 posterioribus
1356 1211 1558 1253 licentiae
1599 1211 1690 1253 vias

177 1279 416 1335 pangendis
437 1279 633 1321 versibus
662 1279 899 1333 optinuisse
932 1279 1172 1331 credamus,
1204 1284 1250 1321 ut
1281 1281 1425 1334 potius
1452 1281 1542 1322 eius
1571 1281 1689 1331 artis,

179 1363 308 1403 quam
351 1349 468 1390 varie
510 1362 609 1390 mox
650 1348 909 1402 perpolitam
951 1348 1005 1389 ad
1040 1349 1167 1390 finem
1200 1348 1441 1403 perduxere
1474 1350 1690 1403 Vergilius

179 1422 222 1460 et
252 1417 446 1469 Ovidius,
478 1417 598 1459 illum
630 1418 770 1472 ipsum
802 1418 934 1459 fuisse
965 1418 1151 1472 primum
1185 1422 1406 1459 auctorem
1438 1419 1544 1459 satis
1573 1423 1690 1460 certo

179 1490 347 1528 constet
367 1487 558 1540 pignore.
602 1500 701 1528 nam
725 1490 766 1528 et
787 1486 921 1528 iambi
944 1486 1134 1528 eiusdem
1159 1490 1201 1528 et
1222 1487 1418 1529 trochaei
1441 1487 1691 1529 alienissimi

178 1555 298 1598 fuere
330 1555 385 1597 ab
417 1555 725 1597 scaenicorum,

292 1624 419 1665 Ennii
449 1625 687 1666 auctoritas
719 1628 882 1678 quanta
913 1625 1045 1666 fuerit
1074 1625 1190 1679 apud
1220 1625 1497 1679 posteriores,
1530 1625 1573 1666 in
1602 1626 1691 1667 vita

178 1694 269 1735 eius
315 1694 402 1748 [pg.
441 1696 524 1734 270
557 1694 667 1748 sqq]
715 1696 780 1735 est
822 1694 1074 1748 expositum.
1149 1707 1260 1747 quae
1307 1693 1480 1748 quidem
1525 1694 1691 1748 pariter

176 1762 336 1815 ingenii
384 1762 495 1803 tanti
549 1762 780 1803 adauctast
833 1762 1118 1804 admiratione
1170 1766 1212 1804 et
1253 1762 1405 1804 studiis
1453 1762 1689 1813 doctorum,

178 1831 251 1884 qui
282 1834 381 1885 post
411 1830 625 1872 devictum
646 1831 806 1873 Persen
838 1845 934 1873 cum
956 1845 1166 1885 quaerere
1197 1832 1441 1886 coepissent
1471 1831 1523 1873 de
1551 1846 1688 1885 gram-

177 1899 337 1941 matica
366 1899 534 1950 Latina,
567 1899 784 1941 Cratetem
815 1901 1001 1954 primum
1035 1900 1258 1952 Malloten,
1288 1914 1386 1942 mox
1418 1900 1525 1942 alios
1555 1900 1691 1942 secuti

178 1982 199 2009 e
232 1968 427 2019 Graecis,
466 1981 550 2009 non
591 1972 773 2022 potuere
814 1983 899 2010 non
935 1969 1073 2010 teneri
1106 1983 1210 2010 cura
1244 1969 1352 2020 eius,
1396 1969 1469 2023 qui
1500 1969 1689 2023 linguam

177 2037 469 2078 Romanorum
500 2036 728 2078 mirificum
759 2037 802 2078 in
834 2037 1009 2079 modum
1043 2041 1085 2079 et
1108 2037 1376 2092 perpolierat
1399 2042 1441 2080 et
1463 2038 1690 2080 ditaverat.

179 2108 340 2158 quanto
372 2108 517 2147 autem
546 2105 743 2147 iuventus
775 2110 865 2147 tum
898 2120 1044 2148 amore
1074 2106 1273 2160 fiagrarit
1293 2107 1537 2148 litterarum
1569 2121 1692 2160 grae-

180 2174 428 2215 canicarum
451 2178 634 2228 apparet
666 2189 762 2216 cum
794 2175 978 2226 aliunde,
1012 2182 1104 2217 tum
1135 2189 1188 2217 ex
1220 2190 1281 2227 eo,
1312 2176 1426 2229 quod
1460 2176 1530 2230 Sp.
1553 2176 1690 2218 Mum-

178 2242 289 2284 mius
321 2242 499 2284 Achaici
533 2243 670 2285 frater
702 2257 727 2285 a
759 2244 964 2286 Corintho
1001 2245 1118 2286 misit
1148 2245 1329 2286 Romam
1369 2244 1424 2286 ad
1455 2245 1691 2286 familiares

180 2311 390 2364 epistulas
421 2311 587 2363 facetis,
620 2316 670 2354 ut
702 2313 764 2354 ait
786 2312 934 2354 Cicero
967 2314 1051 2368 [ep.
1074 2313 1130 2354 ad
1161 2314 1247 2355 Att.
1270 2314 1385 2365 XIII,
1410 2318 1445 2365 6,
1469 2315 1526 2369 4],
1559 2314 1692 2355 versi-

180 2379 304 2431 culis,
344 2379 427 2422 hoc
472 2384 537 2422 est
574 2395 659 2422 non
701 2381 923 2433 saturniis,
965 2382 1041 2423 sed
1073 2383 1140 2424 vel
1170 2382 1435 2424 hexametris
1466 2382 1691 2437 dactylicis

179 2448 257 2499 vel,
280 2449 395 2502 quod
415 2450 592 2503 propius
616 2449 740 2492 abest
761 2464 786 2492 a
806 2450 903 2502 fide,
926 2451 1133 2493 trimetris
1154 2451 1351 2493 iambicis
1373 2451 1691 2493 tetrametrisve

178 2516 422 2559 trochaicis.

294 2586 472 2640 Atque
517 2586 618 2628 hac
662 2588 823 2629 Ennii
870 2589 1194 2630 reverentia
1237 2588 1585 2639 effectumst,
1632 2592 1690 2629 ut

178 2658 379 2708 poetae
421 2655 545 2696 inde
588 2656 650 2697 ab
689 2656 844 2698 obitu
884 2657 1002 2698 eius
1045 2657 1108 2698 ad
1148 2658 1447 2699 Varronem
1479 2660 1530 2698 et
1561 2657 1689 2698 Lae-

179 2723 320 2764 vium
351 2723 390 2764 h.
423 2738 457 2765 e.
486 2739 657 2778 usque
690 2739 883 2767 annum
916 2739 951 2766 a.
986 2726 1091 2768 Chr.
1125 2741 1157 2768 c.
1191 2731 1248 2768 65
1282 2730 1439 2767 extra
1467 2725 1690 2767 fabulas

179 2805 276 2832 non
304 2795 601 2834 uterentur
632 2795 824 2835 metris
854 2795 960 2835 nisi
993 2809 1130 2848 quae
1163 2795 1225 2836 ab
1257 2795 1378 2848 ipso
1408 2795 1455 2835 in
1488 2795 1689 2835 Saturis

182 2864 374 2901 essent
406 2860 686 2913 adhibita,
717 2861 757 2903 h.
782 2876 815 2904 e.
849 2862 1150 2917 dactylicis
1181 2862 1412 2912 duobus,
1445 2863 1688 2909 senariis

181 2928 460 2980 iambicis,
502 2931 847 2984 septenariis
880 2931 1211 2984 trochaicis,
1248 2931 1510 2976 Sotadeis„
