1898 3292
725 246 844 272 LIBER
863 246 1037 272 TERTIVS.
1552 239 1633 277 209

332 345 516 392 ‘placatus
541 345 728 392 mitisque’
753 352 887 393 rogant
911 348 1116 383 Ismenides
1141 345 1280 383 ‘adsis'.

332 402 448 439 ‘intus
472 405 584 440 habes
611 417 719 449 quem
745 402 880 450 poscis'
908 406 968 439 ait.
1018 406 1270 449 circumspicit
1294 405 1366 448 ille,

128 487 266 527 neque
296 477 396 527 post
427 478 627 526 quartum
658 474 810 528 pedem
844 474 887 514 in
917 473 984 515 his
1016 474 1132 528 [met.
1165 473 1216 524 II,
1250 473 1344 527 33]:

275 549 481 597 ‘quae'que
505 550 601 587 ‘viae
627 554 695 588 tibi
723 552 857 587 causa?
898 553 985 597 quid
1010 549 1094 586 hac'
1120 552 1172 586 ait
1195 549 1296 586 ‘arce
1322 548 1475 596 petisti’.

128 621 227 662 hinc
259 622 389 663 etiam
419 622 479 672 fit,
511 626 560 663 ut
591 621 788 663 enclitica
809 635 890 663 vox
923 621 977 662 ad
1009 621 1185 662 verbum
1216 620 1383 661 finitum
1414 621 1634 674 pertinens

130 690 314 730 orationi
344 690 443 731 inde
465 690 667 744 pendenti
692 690 889 741 addatur,
922 690 1035 743 quod
1059 693 1102 730 et
1122 689 1316 743 proxime
1340 690 1477 743 posito
1499 689 1636 731 habes

127 773 252 800 versu
286 773 364 799 nec
395 759 533 799 minus
563 758 629 800 his
661 759 760 813 [am.
793 759 824 809 I,
862 762 895 809 1,
928 762 1002 810 243
1036 761 1133 799 met.
1165 758 1195 808 I,
1231 758 1353 812 753]:

398 834 607 882 ‘quod'que
632 834 768 881 ‘canas,
794 841 906 881 vates,
932 834 1076 882 accipe’
1105 837 1199 871 dixit
1223 833 1358 881 ‘opus’.

332 906 406 929 non
430 895 516 928 tulit
540 895 737 930 Inachides
761 891 981 939 ‘matri’que
1009 895 1060 928 ait
1081 891 1222 928 ‘omnia
1247 894 1396 929 demens

401 949 547 986 credis'.

242 1022 297 1062 At
326 1020 462 1074 possit
493 1020 605 1061 obici
634 1020 753 1072 illud,
790 1021 850 1062 eis
882 1023 997 1062 certe
1019 1019 1155 1061 videri
1177 1019 1370 1061 versibus
1392 1020 1633 1074 ponendam

127 1103 349 1130 caesuram
380 1088 644 1139 muliebrem,
677 1089 749 1142 qui
780 1089 985 1130 trochaeo
1017 1088 1152 1130 solum
1184 1089 1325 1139 tertio,
1350 1102 1434 1130 non
1458 1090 1635 1143 perinde

125 1159 375 1211 insequente
406 1157 493 1198 arsi
521 1156 686 1198 finitam
717 1157 909 1198 habeant
940 1157 1208 1208 sententiam,
1241 1157 1395 1198 veluti:

331 1237 441 1271 litora
466 1236 670 1270 deseruere.
718 1236 810 1271 latet
835 1237 900 1271 sub
930 1237 1106 1271 classibus
1133 1248 1280 1280 aequor.

128 1305 202 1348 sed
233 1319 286 1347 ne
316 1305 398 1346 1100
429 1305 602 1358 quidem
632 1304 762 1346 ullam
792 1305 926 1346 habet
957 1305 1141 1359 speciem
1163 1304 1498 1358 probabilitatis.
1549 1306 1635 1359 pri-

126 1389 242 1415 mum
265 1374 375 1416 enim
399 1373 514 1428 apud
536 1377 702 1414 veteres
725 1374 850 1414 metri
872 1374 1061 1414 rationes
1083 1373 1243 1426 ubique
1266 1374 1454 1427 potiores
1475 1373 1635 1415 haben-

126 1447 198 1484 tur
229 1457 357 1496 quam
391 1457 552 1483 sensus.
612 1455 752 1494 neque
783 1456 883 1483 vero
922 1442 974 1483 de
1010 1441 1143 1482 nihilo
1184 1445 1303 1483 ortus
1336 1445 1401 1482 est
1431 1442 1636 1483 Romanis

127 1515 273 1552 tantus
305 1524 426 1552 amor
457 1524 662 1552 caesurae
698 1510 1099 1564 hephthemimeris,
1142 1510 1217 1551 sed
1258 1514 1306 1551 ut
1337 1524 1497 1551 arcano
1529 1511 1636 1552 artis

126 1580 327 1634 propriae
370 1579 541 1620 modulo
586 1582 716 1632 atque
757 1578 865 1619 adeo
903 1578 1059 1620 indolis
1096 1578 1288 1632 ipsorum
1318 1579 1451 1620 totius
1481 1593 1636 1632 usque-

128 1662 299 1702 quaque
337 1647 602 1701 respondens
645 1647 860 1699 gravitati.
921 1647 1007 1687 iam
1039 1660 1139 1688 vero
1182 1650 1352 1688 constat
1380 1647 1446 1688 vel
1477 1647 1636 1689 medio-

128 1716 271 1758 cribus
317 1730 343 1757 a
386 1715 526 1769 poetis
572 1715 773 1768 exiguum
814 1729 1036 1766 versuum,
1084 1715 1224 1769 qualis
1270 1719 1336 1756 est
1381 1715 1452 1756 ille
1495 1714 1637 1757 ‘litora

129 1781 389 1833 deseruere’,
432 1783 603 1824 admitti
639 1798 863 1825 numerum
895 1798 973 1825 1100
1005 1783 1095 1825 fere
1125 1784 1252 1825 aliter
1283 1798 1412 1837 quam
1443 1783 1637 1837 legitima

127 1853 267 1904 venia,
308 1852 390 1893 hoc
428 1855 493 1893 est
522 1852 718 1906 repetitis
748 1852 970 1893 vocabulis
1004 1856 1046 1894 et
1078 1852 1272 1893 oratione
1304 1853 1494 1906 graviter
1524 1867 1636 1894 com-

128 1925 246 1962 mota
291 1924 367 1962 aut
413 1920 580 1962 iniectis
629 1920 873 1962 nominibus
921 1921 1119 1975 propriis.
1191 1920 1266 1961 sed
1317 1921 1420 1974 quid
1470 1922 1636 1962 multa?

126 2003 279 2043 nempe
302 1989 508 2043 produxit
528 1989 735 2030 Horatius
767 1990 884 2030 arsin
915 1993 1115 2042 quartam
1145 1989 1189 2029 in
1219 1989 1297 2040 his,
1331 2003 1442 2042 quae
1472 1989 1634 2031 nullum

127 2062 225 2112 post
264 2057 400 2109 illam,
442 2060 487 2098 at
528 2070 656 2111 grave
697 2061 795 2111 post
825 2057 1077 2099 trochaeum
1108 2057 1440 2111 praecedentem
1472 2058 1634 2100 habent

127 2126 408 2168 interstitium
439 2126 651 2168 enuntiati
683 2126 781 2181 [sat.
812 2126 865 2177 II,
898 2130 934 2177 3,
968 2126 1092 2181 259]:

1175 2208 1317 2240 amator

335 2263 505 2298 exclusus
531 2263 593 2307 qui
618 2262 755 2297 distat?
791 2263 867 2308 agit
892 2263 955 2297 ubi
980 2273 1116 2306 secum,
1147 2265 1207 2297 eat
1232 2274 1277 2296 an
1302 2274 1386 2297 non.

130 2331 244 2385 quod
284 2345 379 2372 cum
423 2345 508 2372 non
547 2332 736 2385 potuerit
777 2332 946 2372 evenire
982 2331 1063 2372 nisi
1095 2331 1187 2372 iure
1218 2331 1328 2371 finiti
1360 2331 1522 2372 ordinis
1552 2345 1637 2372 me-

128 2400 243 2450 trici,
288 2403 440 2453 sponte
483 2405 684 2453 apparet,
727 2413 810 2453 quo
855 2400 911 2441 sit
951 2399 1045 2441 loco
1087 2399 1336 2453 reponenda
1367 2400 1493 2441 metri
1524 2399 1639 2441 illius

127 2468 320 2521 legitima
349 2468 512 2509 incisio.

241 2537 394 2590 Itaque
423 2537 510 2577 iam
553 2536 746 2578 exulabit
783 2536 933 2578 incisio
973 2536 1197 2578 trochaica
1229 2550 1255 2577 a
1286 2535 1481 2578 versibus
1522 2535 1639 2577 hisce

123 2603 356 2656 ‘infandum
387 2608 534 2656 reqina
568 2608 680 2646 iubes
712 2619 912 2646 renovare
945 2602 1163 2654 dolorem',·
1205 2603 1377 2646 ‘labitur
1422 2607 1640 2645 exanimis-

130 2687 207 2724 que
238 2680 412 2714 tremens
436 2676 667 2724 procumbit
697 2677 806 2714 humi
836 2671 944 2715 bos'.
1007 2673 1080 2726 qui
1112 2687 1188 2714 cur
1217 2676 1317 2727 post
1337 2673 1524 2726 priorem
1545 2672 1639 2713 the-

130 2742 187 2782 sis
217 2742 374 2783 tertiae
404 2745 572 2795 partem
602 2740 769 2782 finitum
799 2741 990 2783 habeant
1020 2741 1210 2792 verbum,
1243 2740 1355 2782 infra
1388 2742 1638 2793 exponetur.

243 2811 334 2851 Iam
367 2823 462 2850 cum
494 2823 583 2850 rem
616 2810 784 2850 ratione
828 2809 1156 2860 confecerimus,
1199 2809 1520 2851 consideremus
1561 2821 1640 2861 age

129 2878 507 2931 grammaticorum
540 2877 789 2919 Latinorum
820 2879 1085 2929 testimonia,
1119 2891 1229 2931 quae
1261 2876 1368 2917 adeo
1402 2875 1525 2917 nobis
1556 2889 1640 2916 non

131 2951 230 2987 sunt
273 2946 472 2996 adversa,
516 2951 564 2986 ut
605 2946 748 2999 potius
793 2946 1046 2988 confirment
1088 2946 1329 2999 opinionem
1371 2948 1562 2985 nostram
1599 2947 1642 2985 et

198 3027 230 3050 L.
249 3025 437 3055 Muelleri;
461 3026 505 3050 De
524 3033 545 3050 r.
563 3033 599 3050 m.
619 3034 645 3056 p.
666 3026 697 3050 L.
1325 3014 1363 3045 14
