<?xml version="1.0" encoding="UTF-8"?>
<!DOCTYPE html PUBLIC "-//W3C//DTD XHTML 1.0 Transitional//EN"
    "http://www.w3.org/TR/xhtml1/DTD/xhtml1-transitional.dtd">
<html xmlns="http://www.w3.org/1999/xhtml" xml:lang="en" lang="en">
 <head>
  <title>
</title>
<meta http-equiv="Content-Type" content="text/html;charset=utf-8" />
  <meta name='ocr-system' content='tesseract 3.04.00' />
  <meta name='ocr-capabilities' content='ocr_page ocr_carea ocr_par ocr_line ocrx_word'/>
</head>
<body>
  <div class='ocr_page' id='page_1' title='image "./deremetricapoeta00mluoft_0393.png"; bbox 0 0 1898 3292; ppageno 0'>
   <div class='ocr_carea' id='block_1_1' title="bbox 710 202 1619 249">
    <p class='ocr_par' dir='ltr' id='par_1_1' title="bbox 710 202 1619 249">
     <span class='ocr_line' id='line_1_1' title="bbox 710 202 1619 249; baseline 0.001 -6"><span class='ocrx_word' id='word_1_1' title='bbox 710 218 827 244; x_wconf 73' lang='lat' dir='ltr'><strong>LIBER</strong></span> <span class='ocrx_word' id='word_1_2' title='bbox 847 217 1027 249; x_wconf 74' lang='lat' dir='ltr'>QVARTvs</span> <span class='ocrx_word' id='word_1_3' title='bbox 1542 202 1619 244; x_wconf 82' lang='lat'>371</span> 
     </span>
    </p>
   </div>
   <div class='ocr_carea' id='block_1_2' title="bbox 67 317 1630 1400">
    <p class='ocr_par' dir='ltr' id='par_1_2' title="bbox 67 317 1630 1400">
     <span class='ocr_line' id='line_1_2' title="bbox 119 317 1624 376; baseline -0.005 -12"><span class='ocrx_word' id='word_1_4' title='bbox 119 327 209 364; x_wconf 90' lang='lat' dir='ltr'>tum</span> <span class='ocrx_word' id='word_1_5' title='bbox 243 323 330 364; x_wconf 89' lang='lat' dir='ltr'>arsi</span> <span class='ocrx_word' id='word_1_6' title='bbox 360 321 646 376; x_wconf 81' lang='lat' dir='ltr'>praecedente</span> <span class='ocrx_word' id='word_1_7' title='bbox 679 334 890 362; x_wconf 81' lang='lat' dir='ltr'>consonae</span> <span class='ocrx_word' id='word_1_8' title='bbox 922 319 1040 372; x_wconf 83' lang='lat' dir='ltr'>fungi</span> <span class='ocrx_word' id='word_1_9' title='bbox 1072 319 1162 359; x_wconf 84' lang='lat' dir='ltr'>vice</span> <span class='ocrx_word' id='word_1_10' title='bbox 1193 318 1387 359; x_wconf 80' lang='lat' dir='ltr'>voluerit.</span> <span class='ocrx_word' id='word_1_11' title='bbox 1440 317 1624 358; x_wconf 86' lang='lat' dir='ltr'>fortasse</span> 
     </span>
     <span class='ocr_line' id='line_1_3' title="bbox 120 384 1623 441; baseline -0.005 -8"><span class='ocrx_word' id='word_1_12' title='bbox 120 390 396 433; x_wconf 89' lang='lat' dir='ltr'>scribendum</span> <span class='ocrx_word' id='word_1_13' title='bbox 440 397 478 431; x_wconf 82' lang='lat' dir='ltr'>et</span> <span class='ocrx_word' id='word_1_14' title='bbox 518 404 601 431; x_wconf 76' lang='lat' dir='ltr'>ave.</span> <span class='ocrx_word' id='word_1_15' title='bbox 675 402 773 430; x_wconf 88' lang='lat' dir='ltr'>nam</span> <span class='ocrx_word' id='word_1_16' title='bbox 819 401 957 441; x_wconf 86' lang='lat' dir='ltr'>neque</span> <span class='ocrx_word' id='word_1_17' title='bbox 998 387 1198 428; x_wconf 82' lang='lat' dir='ltr'>Sidonius</span> <span class='ocrx_word' id='word_1_18' title='bbox 1239 386 1412 440; x_wconf 75' lang='lat' dir='ltr'>scripsit</span> <span class='ocrx_word' id='word_1_19' title='bbox 1458 384 1623 441; x_wconf 82' lang='lat' dir='ltr'>[paneg.</span> 
     </span>
     <span class='ocr_line' id='line_1_4' title="bbox 119 451 1626 514; baseline -0.005 -14"><span class='ocrx_word' id='word_1_20' title='bbox 119 458 229 500; x_wconf 90' lang='lat' dir='ltr'>Avit.</span> <span class='ocrx_word' id='word_1_21' title='bbox 253 457 349 514; x_wconf 84' lang='lat'><strong>232]</strong></span> <span class='ocrx_word' id='word_1_22' title='bbox 395 457 473 499; x_wconf 79' lang='lat' dir='ltr'>‘m&#39;l</span> <span class='ocrx_word' id='word_1_23' title='bbox 491 462 637 498; x_wconf 77' lang='lat' dir='ltr'>sinete</span> <span class='ocrx_word' id='word_1_24' title='bbox 657 461 795 509; x_wconf 67' lang='lat' dir='ltr'>(jessit,</span> <span class='ocrx_word' id='word_1_25' title='bbox 828 471 913 498; x_wconf 81' lang='lat' dir='ltr'>eum</span> <span class='ocrx_word' id='word_1_26' title='bbox 944 459 1121 506; x_wconf 73' lang='lat' dir='ltr'>plurima</span> <span class='ocrx_word' id='word_1_27' title='bbox 1144 462 1184 495; x_wconf 81' lang='lat' dir='ltr'>tu</span> <span class='ocrx_word' id='word_1_28' title='bbox 1206 458 1294 495; x_wconf 73' lang='lat' dir='ltr'>sine</span> <span class='ocrx_word' id='word_1_29' title='bbox 1317 451 1422 502; x_wconf 75' lang='lat' dir='ltr'>lllo’,</span> <span class='ocrx_word' id='word_1_30' title='bbox 1453 454 1626 506; x_wconf 78' lang='lat' dir='ltr'>scripsit</span> 
     </span>
     <span class='ocr_line' id='line_1_5' title="bbox 113 519 1627 580; baseline -0.005 -12"><span class='ocrx_word' id='word_1_31' title='bbox 113 526 217 568; x_wconf 81' lang='lat' dir='ltr'>‘tute</span> <span class='ocrx_word' id='word_1_32' title='bbox 247 530 336 568; x_wconf 75' lang='lat' dir='ltr'>sine</span> <span class='ocrx_word' id='word_1_33' title='bbox 375 523 482 576; x_wconf 79' lang='lat' dir='ltr'>illo’,</span> <span class='ocrx_word' id='word_1_34' title='bbox 522 540 661 579; x_wconf 89' lang='lat' dir='ltr'>neque</span> <span class='ocrx_word' id='word_1_35' title='bbox 692 525 864 567; x_wconf 83' lang='lat' dir='ltr'>Persius</span> <span class='ocrx_word' id='word_1_36' title='bbox 896 523 949 580; x_wconf 78' lang='lat'>[3,</span> <span class='ocrx_word' id='word_1_37' title='bbox 981 523 1049 579; x_wconf 83' lang='lat'>66]</span> <span class='ocrx_word' id='word_1_38' title='bbox 1095 522 1271 571; x_wconf 56' lang='lat' dir='ltr'>‘discite</span> <span class='ocrx_word' id='word_1_39' title='bbox 1305 537 1325 563; x_wconf 84' lang='grc' dir='ltr'><em>ο</em></span> <span class='ocrx_word' id='word_1_40' title='bbox 1357 519 1514 562; x_wconf 65' lang='lat' dir='ltr'>miset-5²</span> <span class='ocrx_word' id='word_1_41' title='bbox 1552 525 1627 562; x_wconf 88' lang='lat' dir='ltr'>aut</span> 
     </span>
     <span class='ocr_line' id='line_1_6' title="bbox 119 588 1625 651; baseline -0.004 -15"><span class='ocrx_word' id='word_1_42' title='bbox 119 595 331 637; x_wconf 86' lang='lat' dir='ltr'>Luxorius</span> <span class='ocrx_word' id='word_1_43' title='bbox 363 593 473 650; x_wconf 85' lang='lat'>[302‚</span> <span class='ocrx_word' id='word_1_44' title='bbox 505 593 546 651; x_wconf 87' lang='lat'>4]</span> <span class='ocrx_word' id='word_1_45' title='bbox 592 593 797 646; x_wconf 71' lang='lat' dir='ltr'>‘maynum</span> <span class='ocrx_word' id='word_1_46' title='bbox 831 596 1089 643; x_wconf 73' lang='lat' dir='ltr'>deprendere</span> <span class='ocrx_word' id='word_1_47' title='bbox 1121 588 1272 632; x_wconf 78' lang='lat' dir='ltr'>usum&#39;.</span> <span class='ocrx_word' id='word_1_48' title='bbox 1334 604 1413 632; x_wconf 89' lang='lat' dir='ltr'>nec</span> <span class='ocrx_word' id='word_1_49' title='bbox 1451 589 1625 631; x_wconf 85' lang='lat' dir='ltr'>hercule</span> 
     </span>
     <span class='ocr_line' id='line_1_7' title="bbox 120 658 1625 716; baseline -0.003 -12"><span class='ocrx_word' id='word_1_50' title='bbox 120 663 327 704; x_wconf 89' lang='lat' dir='ltr'>memoria</span> <span class='ocrx_word' id='word_1_51' title='bbox 358 663 594 716; x_wconf 78' lang='lat' dir='ltr'>dignumst,</span> <span class='ocrx_word' id='word_1_52' title='bbox 636 662 750 716; x_wconf 87' lang='lat' dir='ltr'>quod</span> <span class='ocrx_word' id='word_1_53' title='bbox 788 661 926 703; x_wconf 86' lang='lat' dir='ltr'>fertur</span> <span class='ocrx_word' id='word_1_54' title='bbox 955 661 998 701; x_wconf 91' lang='lat' dir='ltr'>in</span> <span class='ocrx_word' id='word_1_55' title='bbox 1029 660 1224 702; x_wconf 86' lang='lat' dir='ltr'>futilibus</span> <span class='ocrx_word' id='word_1_56' title='bbox 1259 658 1516 713; x_wconf 88' lang='lat' dir='ltr'>quibusdam</span> <span class='ocrx_word' id='word_1_57' title='bbox 1548 658 1625 699; x_wconf 87' lang='lat' dir='ltr'>Ca-</span> 
     </span>
     <span class='ocr_line' id='line_1_8' title="bbox 120 724 1626 787; baseline -0.003 -15"><span class='ocrx_word' id='word_1_58' title='bbox 120 731 215 772; x_wconf 89' lang='lat' dir='ltr'>tulli</span> <span class='ocrx_word' id='word_1_59' title='bbox 246 731 367 772; x_wconf 84' lang='lat' dir='ltr'>libris</span> <span class='ocrx_word' id='word_1_60' title='bbox 411 730 463 787; x_wconf 81' lang='lat'>[3‚</span> <span class='ocrx_word' id='word_1_61' title='bbox 502 730 564 787; x_wconf 85' lang='lat'>16]</span> <span class='ocrx_word' id='word_1_62' title='bbox 609 729 650 772; x_wconf 84' lang='lat'>‘0</span> <span class='ocrx_word' id='word_1_63' title='bbox 684 736 841 782; x_wconf 72' lang='lat' dir='ltr'>saelum.</span> <span class='ocrx_word' id='word_1_64' title='bbox 872 734 986 777; x_wconf 82' lang='lat' dir='ltr'>male,</span> <span class='ocrx_word' id='word_1_65' title='bbox 1019 743 1039 769; x_wconf 86' lang='lat'><em>0</em></span> <span class='ocrx_word' id='word_1_66' title='bbox 1070 732 1222 770; x_wconf 76' lang='lat' dir='ltr'>miselle</span> <span class='ocrx_word' id='word_1_67' title='bbox 1244 724 1418 779; x_wconf 74' lang='lat' dir='ltr'>passer&#39;</span> <span class='ocrx_word' id='word_1_68' title='bbox 1467 730 1509 768; x_wconf 89' lang='lat' dir='ltr'>et</span> <span class='ocrx_word' id='word_1_69' title='bbox 1540 726 1626 767; x_wconf 92' lang='lat' dir='ltr'>Ho-</span> 
     </span>
     <span class='ocr_line' id='line_1_9' title="bbox 67 792 1626 855; baseline -0.004 -14"><span class='ocrx_word' id='word_1_70' title='bbox 67 817 71 820; x_wconf 96' lang='lat'>·</span> <span class='ocrx_word' id='word_1_71' title='bbox 120 800 220 841; x_wconf 89' lang='lat' dir='ltr'>ratii</span> <span class='ocrx_word' id='word_1_72' title='bbox 262 798 311 855; x_wconf 94' lang='lat' dir='ltr'>[c.</span> <span class='ocrx_word' id='word_1_73' title='bbox 343 799 419 850; x_wconf 93' lang='grc' dir='ltr'>ΙΙΙ,</span> <span class='ocrx_word' id='word_1_74' title='bbox 455 803 523 849; x_wconf 79' lang='lat'>14,</span> <span class='ocrx_word' id='word_1_75' title='bbox 558 798 622 854; x_wconf 94' lang='grc'>11]</span> <span class='ocrx_word' id='word_1_76' title='bbox 680 798 778 840; x_wconf 71' lang='lat' dir='ltr'>‘iam</span> <span class='ocrx_word' id='word_1_77' title='bbox 818 802 945 839; x_wconf 69' lang='lat' dir='ltr'>virum</span> <span class='ocrx_word' id='word_1_78' title='bbox 987 804 1207 848; x_wconf 61' lang='lat' dir='ltr'>expertae,</span> <span class='ocrx_word' id='word_1_79' title='bbox 1252 801 1355 837; x_wconf 82' lang='lat' dir='ltr'>male</span> <span class='ocrx_word' id='word_1_80' title='bbox 1401 792 1626 843; x_wconf 77' lang='lat' dir='ltr'>ominate&#39;s&#39;,</span> 
     </span>
     <span class='ocr_line' id='line_1_10' title="bbox 120 865 1628 923; baseline -0.003 -15"><span class='ocrx_word' id='word_1_81' title='bbox 120 868 222 909; x_wconf 84' lang='lat' dir='ltr'>item</span> <span class='ocrx_word' id='word_1_82' title='bbox 261 867 449 908; x_wconf 88' lang='lat' dir='ltr'>Maronis</span> <span class='ocrx_word' id='word_1_83' title='bbox 490 866 605 923; x_wconf 68' lang='lat' dir='ltr'>[XIL</span> <span class='ocrx_word' id='word_1_84' title='bbox 639 866 735 922; x_wconf 82' lang='grc'>648]</span> <span class='ocrx_word' id='word_1_85' title='bbox 782 865 946 907; x_wconf 75' lang='lat' dir='ltr'>‘sancta</span> <span class='ocrx_word' id='word_1_86' title='bbox 976 870 1033 906; x_wconf 75' lang='lat' dir='ltr'>acl</span> <span class='ocrx_word' id='word_1_87' title='bbox 1069 880 1135 907; x_wconf 68' lang='lat' dir='ltr'>ros</span> <span class='ocrx_word' id='word_1_88' title='bbox 1175 869 1309 906; x_wconf 79' lang='lat' dir='ltr'>anima</span> <span class='ocrx_word' id='word_1_89' title='bbox 1351 872 1472 914; x_wconf 78' lang='lat' dir='ltr'>atque</span> <span class='ocrx_word' id='word_1_90' title='bbox 1512 867 1628 904; x_wconf 77' lang='lat' dir='ltr'>iste&#39;as</span> 
     </span>
     <span class='ocr_line' id='line_1_11' title="bbox 121 931 1628 988; baseline -0.003 -11"><span class='ocrx_word' id='word_1_91' title='bbox 121 939 252 977; x_wconf 73' lang='lat' dir='ltr'>inscia</span> <span class='ocrx_word' id='word_1_92' title='bbox 292 933 477 986; x_wconf 75' lang='lat' dir='ltr'>culpae&#39;.</span> <span class='ocrx_word' id='word_1_93' title='bbox 539 935 641 988; x_wconf 88' lang='lat' dir='ltr'>quid</span> <span class='ocrx_word' id='word_1_94' title='bbox 685 934 799 988; x_wconf 86' lang='lat' dir='ltr'>quod</span> <span class='ocrx_word' id='word_1_95' title='bbox 839 948 892 975; x_wconf 90' lang='lat' dir='ltr'>ne</span> <span class='ocrx_word' id='word_1_96' title='bbox 940 947 1184 975; x_wconf 91' lang='lat' dir='ltr'>communes</span> <span class='ocrx_word' id='word_1_97' title='bbox 1225 933 1396 986; x_wconf 89' lang='lat' dir='ltr'>quidem</span> <span class='ocrx_word' id='word_1_98' title='bbox 1440 931 1628 987; x_wconf 78' lang='lat' dir='ltr'>syllabas</span> 
     </span>
     <span class='ocr_line' id='line_1_12' title="bbox 121 1001 1629 1057; baseline -0.003 -12"><span class='ocrx_word' id='word_1_99' title='bbox 121 1004 242 1045; x_wconf 84' lang='lat' dir='ltr'>hiare</span> <span class='ocrx_word' id='word_1_100' title='bbox 281 1004 325 1045; x_wconf 93' lang='lat' dir='ltr'>in</span> <span class='ocrx_word' id='word_1_101' title='bbox 368 1003 480 1045; x_wconf 89' lang='lat' dir='ltr'>thesi</span> <span class='ocrx_word' id='word_1_102' title='bbox 521 1003 637 1057; x_wconf 85' lang='lat' dir='ltr'>passi</span> <span class='ocrx_word' id='word_1_103' title='bbox 680 1006 779 1044; x_wconf 88' lang='lat' dir='ltr'>sunt</span> <span class='ocrx_word' id='word_1_104' title='bbox 819 1002 1017 1043; x_wconf 67' lang='lat' dir='ltr'>classici?</span> <span class='ocrx_word' id='word_1_105' title='bbox 1077 1015 1160 1042; x_wconf 91' lang='lat' dir='ltr'>non</span> <span class='ocrx_word' id='word_1_106' title='bbox 1201 1005 1249 1042; x_wconf 92' lang='lat' dir='ltr'>ut</span> <span class='ocrx_word' id='word_1_107' title='bbox 1288 1001 1461 1042; x_wconf 87' lang='lat' dir='ltr'>credam</span> <span class='ocrx_word' id='word_1_108' title='bbox 1502 1014 1629 1054; x_wconf 89' lang='lat' dir='ltr'>posse</span> 
     </span>
     <span class='ocr_line' id='line_1_13' title="bbox 121 1069 1628 1126; baseline -0.003 -12"><span class='ocrx_word' id='word_1_109' title='bbox 121 1072 299 1114; x_wconf 85' lang='lat' dir='ltr'>tolerari</span> <span class='ocrx_word' id='word_1_110' title='bbox 330 1072 445 1125; x_wconf 90' lang='lat' dir='ltr'>quod</span> <span class='ocrx_word' id='word_1_111' title='bbox 476 1072 649 1113; x_wconf 89' lang='lat' dir='ltr'>admisit</span> <span class='ocrx_word' id='word_1_112' title='bbox 678 1071 721 1112; x_wconf 89' lang='lat' dir='ltr'>in</span> <span class='ocrx_word' id='word_1_113' title='bbox 752 1070 938 1112; x_wconf 89' lang='lat' dir='ltr'>Culicem</span> <span class='ocrx_word' id='word_1_114' title='bbox 964 1069 1047 1111; x_wconf 88' lang='lat' dir='ltr'>fine</span> <span class='ocrx_word' id='word_1_115' title='bbox 1079 1070 1318 1111; x_wconf 83' lang='lat' dir='ltr'>hexametri</span> <span class='ocrx_word' id='word_1_116' title='bbox 1357 1069 1469 1126; x_wconf 75' lang='lat'>[245]</span> <span class='ocrx_word' id='word_1_117' title='bbox 1500 1069 1628 1110; x_wconf 90' lang='lat' dir='ltr'>Hein-</span> 
     </span>
     <span class='ocr_line' id='line_1_14' title="bbox 122 1136 1630 1192; baseline -0.003 -10"><span class='ocrx_word' id='word_1_118' title='bbox 122 1141 210 1183; x_wconf 89' lang='lat' dir='ltr'>sius</span> <span class='ocrx_word' id='word_1_119' title='bbox 253 1139 431 1192; x_wconf 78' lang='lat' dir='ltr'>‘fruslra</span> <span class='ocrx_word' id='word_1_120' title='bbox 457 1143 545 1181; x_wconf 67' lang='lat' dir='ltr'>sibi.</span> <span class='ocrx_word' id='word_1_121' title='bbox 597 1143 649 1180; x_wconf 72' lang='lat' dir='ltr'>ite</span> <span class='ocrx_word' id='word_1_122' title='bbox 671 1136 877 1190; x_wconf 78' lang='lat' dir='ltr'>puellae’.</span> <span class='ocrx_word' id='word_1_123' title='bbox 939 1142 983 1179; x_wconf 88' lang='lat' dir='ltr'>at</span> <span class='ocrx_word' id='word_1_124' title='bbox 1006 1138 1218 1192; x_wconf 81' lang='lat' dir='ltr'>dactylica</span> <span class='ocrx_word' id='word_1_125' title='bbox 1252 1142 1327 1179; x_wconf 85' lang='lat' dir='ltr'>aut</span> <span class='ocrx_word' id='word_1_126' title='bbox 1357 1137 1630 1192; x_wconf 85' lang='lat' dir='ltr'>pyrrichiaca</span> 
     </span>
     <span class='ocr_line' id='line_1_15' title="bbox 121 1205 1629 1260; baseline -0.003 -10"><span class='ocrx_word' id='word_1_127' title='bbox 121 1209 165 1250; x_wconf 88' lang='lat' dir='ltr'>in</span> <span class='ocrx_word' id='word_1_128' title='bbox 195 1223 231 1249; x_wconf 82' lang='lat' dir='ltr'>m</span> <span class='ocrx_word' id='word_1_129' title='bbox 262 1209 463 1250; x_wconf 85' lang='lat' dir='ltr'>exeuntia</span> <span class='ocrx_word' id='word_1_130' title='bbox 508 1207 624 1249; x_wconf 89' lang='lat' dir='ltr'>haud</span> <span class='ocrx_word' id='word_1_131' title='bbox 666 1207 794 1249; x_wconf 89' lang='lat' dir='ltr'>dubie</span> <span class='ocrx_word' id='word_1_132' title='bbox 834 1207 956 1248; x_wconf 86' lang='lat' dir='ltr'>hiant</span> <span class='ocrx_word' id='word_1_133' title='bbox 998 1206 1203 1260; x_wconf 83' lang='lat' dir='ltr'>exemplis</span> <span class='ocrx_word' id='word_1_134' title='bbox 1235 1206 1360 1247; x_wconf 88' lang='lat' dir='ltr'>Ennii</span> <span class='ocrx_word' id='word_1_135' title='bbox 1403 1210 1447 1247; x_wconf 89' lang='lat' dir='ltr'>et</span> <span class='ocrx_word' id='word_1_136' title='bbox 1477 1205 1629 1246; x_wconf 85' lang='lat' dir='ltr'>Lucilii</span> 
     </span>
     <span class='ocr_line' id='line_1_16' title="bbox 123 1275 714 1332; baseline -0.002 -14"><span class='ocrx_word' id='word_1_137' title='bbox 123 1277 239 1318; x_wconf 86' lang='lat' dir='ltr'>hisce</span> <span class='ocrx_word' id='word_1_138' title='bbox 271 1275 390 1332; x_wconf 85' lang='lat'>[322;</span> <span class='ocrx_word' id='word_1_139' title='bbox 423 1280 527 1328; x_wconf 77' lang='lat'>3543</span> <span class='ocrx_word' id='word_1_140' title='bbox 559 1277 590 1326; x_wconf 81' lang='lat' dir='ltr'>I,</span> <span class='ocrx_word' id='word_1_141' title='bbox 624 1275 714 1332; x_wconf 84' lang='lat'>22]:</span> 
     </span>
     <span class='ocr_line' id='line_1_17' title="bbox 329 1353 1402 1400; baseline -0.002 -10"><span class='ocrx_word' id='word_1_142' title='bbox 329 1356 415 1390; x_wconf 89' lang='lat' dir='ltr'>dum</span> <span class='ocrx_word' id='word_1_143' title='bbox 442 1355 590 1400; x_wconf 87' lang='lat' dir='ltr'>quidem</span> <span class='ocrx_word' id='word_1_144' title='bbox 614 1366 706 1389; x_wconf 87' lang='lat' dir='ltr'>unus</span> <span class='ocrx_word' id='word_1_145' title='bbox 732 1354 842 1389; x_wconf 89' lang='lat' dir='ltr'>homo</span> <span class='ocrx_word' id='word_1_146' title='bbox 867 1353 1048 1388; x_wconf 65' lang='lat' dir='ltr'>Romanu*</span> <span class='ocrx_word' id='word_1_147' title='bbox 1075 1357 1162 1399; x_wconf 84' lang='lat' dir='ltr'>toga</span> <span class='ocrx_word' id='word_1_148' title='bbox 1187 1354 1402 1399; x_wconf 80' lang='lat' dir='ltr'>superescit.</span> 
     </span>
    </p>
   </div>
   <div class='ocr_carea' id='block_1_3' title="bbox 328 1411 1466 1515">
    <p class='ocr_par' dir='ltr' id='par_1_3' title="bbox 328 1411 1466 1515">
     <span class='ocr_line' id='line_1_18' title="bbox 328 1411 1140 1457; baseline -0.001 -11"><span class='ocrx_word' id='word_1_149' title='bbox 328 1413 504 1457; x_wconf 87' lang='lat' dir='ltr'>insignita</span> <span class='ocrx_word' id='word_1_150' title='bbox 528 1412 604 1447; x_wconf 87' lang='lat' dir='ltr'>fere</span> <span class='ocrx_word' id='word_1_151' title='bbox 631 1415 709 1447; x_wconf 88' lang='lat' dir='ltr'>tum</span> <span class='ocrx_word' id='word_1_152' title='bbox 736 1411 835 1445; x_wconf 85' lang='lat' dir='ltr'>milia</span> <span class='ocrx_word' id='word_1_153' title='bbox 859 1411 1017 1445; x_wconf 87' lang='lat' dir='ltr'>militum</span> <span class='ocrx_word' id='word_1_154' title='bbox 1043 1414 1140 1446; x_wconf 84' lang='lat' dir='ltr'>octo.</span> 
     </span>
     <span class='ocr_line' id='line_1_19' title="bbox 328 1467 1466 1515; baseline -0.002 -11"><span class='ocrx_word' id='word_1_155' title='bbox 328 1472 542 1515; x_wconf 83' lang='lat' dir='ltr'>praetextae</span> <span class='ocrx_word' id='word_1_156' title='bbox 568 1481 609 1503; x_wconf 86' lang='lat' dir='ltr'>ac</span> <span class='ocrx_word' id='word_1_157' title='bbox 636 1469 781 1503; x_wconf 86' lang='lat' dir='ltr'>tunicae</span> <span class='ocrx_word' id='word_1_158' title='bbox 806 1467 996 1513; x_wconf 83' lang='lat' dir='ltr'>Lydorum</span> <span class='ocrx_word' id='word_1_159' title='bbox 1024 1468 1108 1513; x_wconf 65' lang='lat' dir='ltr'>opu*</span> <span class='ocrx_word' id='word_1_160' title='bbox 1134 1468 1323 1502; x_wconf 89' lang='lat' dir='ltr'>sordidum</span> <span class='ocrx_word' id='word_1_161' title='bbox 1349 1478 1466 1510; x_wconf 84' lang='lat' dir='ltr'>omne,</span> 
     </span>
    </p>
   </div>
   <div class='ocr_carea' id='block_1_4' title="bbox 125 1535 1633 1732">
    <p class='ocr_par' dir='ltr' id='par_1_4' title="bbox 125 1535 1633 1732">
     <span class='ocr_line' id='line_1_20' title="bbox 126 1535 1633 1591; baseline -0.003 -10"><span class='ocrx_word' id='word_1_162' title='bbox 126 1539 312 1581; x_wconf 88' lang='lat' dir='ltr'>elidendi</span> <span class='ocrx_word' id='word_1_163' title='bbox 350 1538 514 1580; x_wconf 86' lang='lat' dir='ltr'>medias</span> <span class='ocrx_word' id='word_1_164' title='bbox 554 1537 704 1579; x_wconf 86' lang='lat' dir='ltr'>finales</span> <span class='ocrx_word' id='word_1_165' title='bbox 743 1537 961 1579; x_wconf 86' lang='lat' dir='ltr'>licentiam</span> <span class='ocrx_word' id='word_1_166' title='bbox 999 1537 1042 1578; x_wconf 88' lang='lat' dir='ltr'>in</span> <span class='ocrx_word' id='word_1_167' title='bbox 1074 1536 1378 1591; x_wconf 85' lang='lat' dir='ltr'>monosyllabis</span> <span class='ocrx_word' id='word_1_168' title='bbox 1411 1535 1633 1587; x_wconf 73' lang='lat' dir='ltr'>continuit,</span> 
     </span>
     <span class='ocr_line' id='line_1_21' title="bbox 125 1603 1633 1662; baseline -0.003 -12"><span class='ocrx_word' id='word_1_169' title='bbox 125 1622 205 1650; x_wconf 89' lang='lat' dir='ltr'>usu</span> <span class='ocrx_word' id='word_1_170' title='bbox 233 1607 404 1662; x_wconf 90' lang='lat' dir='ltr'>quidem</span> <span class='ocrx_word' id='word_1_171' title='bbox 425 1620 617 1661; x_wconf 85' lang='lat' dir='ltr'>perraro,</span> <span class='ocrx_word' id='word_1_172' title='bbox 648 1606 874 1648; x_wconf 89' lang='lat' dir='ltr'>Lucretius</span> <span class='ocrx_word' id='word_1_173' title='bbox 907 1606 963 1647; x_wconf 87' lang='lat' dir='ltr'>ad</span> <span class='ocrx_word' id='word_1_174' title='bbox 985 1606 1226 1660; x_wconf 84' lang='lat' dir='ltr'>exemplum</span> <span class='ocrx_word' id='word_1_175' title='bbox 1253 1604 1481 1647; x_wconf 87' lang='lat' dir='ltr'>Horatiani</span> <span class='ocrx_word' id='word_1_176' title='bbox 1511 1603 1557 1661; x_wconf 86' lang='lat' dir='ltr'>[s.</span> <span class='ocrx_word' id='word_1_177' title='bbox 1581 1606 1633 1655; x_wconf 95' lang='lat' dir='ltr'>II,</span> 
     </span>
     <span class='ocr_line' id='line_1_22' title="bbox 127 1672 1520 1732; baseline -0.003 -14"><span class='ocrx_word' id='word_1_178' title='bbox 127 1679 164 1725; x_wconf 83' lang='lat'>2,</span> <span class='ocrx_word' id='word_1_179' title='bbox 195 1675 264 1732; x_wconf 77' lang='lat'>28]</span> <span class='ocrx_word' id='word_1_180' title='bbox 298 1683 408 1718; x_wconf 79' lang='lat' dir='ltr'>cocto</span> <span class='ocrx_word' id='word_1_181' title='bbox 439 1689 532 1716; x_wconf 76' lang='lat' dir='ltr'>num</span> <span class='ocrx_word' id='word_1_182' title='bbox 563 1679 680 1716; x_wconf 75' lang='lat' dir='ltr'>adest</span> <span class='ocrx_word' id='word_1_183' title='bbox 708 1678 836 1716; x_wconf 75' lang='lat' dir='ltr'>honor</span> <span class='ocrx_word' id='word_1_184' title='bbox 867 1678 996 1716; x_wconf 75' lang='lat' dir='ltr'>idem?</span> <span class='ocrx_word' id='word_1_185' title='bbox 1032 1678 1080 1716; x_wconf 89' lang='lat' dir='ltr'>ut</span> <span class='ocrx_word' id='word_1_186' title='bbox 1110 1677 1218 1728; x_wconf 86' lang='lat' dir='ltr'>puta</span> <span class='ocrx_word' id='word_1_187' title='bbox 1249 1672 1338 1730; x_wconf 81' lang='lat' dir='ltr'>[HL</span> <span class='ocrx_word' id='word_1_188' title='bbox 1376 1672 1520 1729; x_wconf 83' lang='lat'>1080]:</span> 
     </span>
    </p>
   </div>
   <div class='ocr_carea' id='block_1_5' title="bbox 331 1753 1437 1799">
    <p class='ocr_par' dir='ltr' id='par_1_5' title="bbox 331 1753 1437 1799">
     <span class='ocr_line' id='line_1_23' title="bbox 331 1753 1437 1799; baseline -0.003 -9"><span class='ocrx_word' id='word_1_189' title='bbox 331 1755 395 1790; x_wconf 89' lang='lat' dir='ltr'>sed</span> <span class='ocrx_word' id='word_1_190' title='bbox 421 1755 507 1789; x_wconf 89' lang='lat' dir='ltr'>dum</span> <span class='ocrx_word' id='word_1_191' title='bbox 533 1755 638 1790; x_wconf 85' lang='lat' dir='ltr'>abest</span> <span class='ocrx_word' id='word_1_192' title='bbox 664 1754 762 1799; x_wconf 88' lang='lat' dir='ltr'>quod</span> <span class='ocrx_word' id='word_1_193' title='bbox 788 1765 945 1797; x_wconf 83' lang='lat' dir='ltr'>avemus,</span> <span class='ocrx_word' id='word_1_194' title='bbox 973 1754 1010 1788; x_wconf 84' lang='lat' dir='ltr'>id</span> <span class='ocrx_word' id='word_1_195' title='bbox 1037 1765 1257 1799; x_wconf 83' lang='lat' dir='ltr'>exsuperare</span> <span class='ocrx_word' id='word_1_196' title='bbox 1282 1753 1437 1787; x_wconf 83' lang='lat' dir='ltr'>videtur.</span> 
     </span>
    </p>
   </div>
   <div class='ocr_carea' id='block_1_6' title="bbox 120 1821 1643 3021">
    <p class='ocr_par' dir='ltr' id='par_1_6' title="bbox 120 1821 1643 2974">
     <span class='ocr_line' id='line_1_24' title="bbox 242 1821 1636 1878; baseline -0.001 -13"><span class='ocrx_word' id='word_1_197' title='bbox 242 1824 390 1878; x_wconf 88' lang='lat' dir='ltr'>Longa</span> <span class='ocrx_word' id='word_1_198' title='bbox 422 1827 565 1865; x_wconf 89' lang='lat' dir='ltr'>autem</span> <span class='ocrx_word' id='word_1_199' title='bbox 598 1823 764 1878; x_wconf 80' lang='lat' dir='ltr'>syllaba</span> <span class='ocrx_word' id='word_1_200' title='bbox 794 1837 873 1865; x_wconf 90' lang='lat' dir='ltr'>nec</span> <span class='ocrx_word' id='word_1_201' title='bbox 903 1823 998 1877; x_wconf 88' lang='lat' dir='ltr'>ipsa</span> <span class='ocrx_word' id='word_1_202' title='bbox 1029 1827 1144 1865; x_wconf 86' lang='lat' dir='ltr'>stare</span> <span class='ocrx_word' id='word_1_203' title='bbox 1166 1826 1309 1877; x_wconf 90' lang='lat' dir='ltr'>potest</span> <span class='ocrx_word' id='word_1_204' title='bbox 1328 1822 1372 1862; x_wconf 91' lang='lat' dir='ltr'>in</span> <span class='ocrx_word' id='word_1_205' title='bbox 1396 1821 1507 1863; x_wconf 90' lang='lat' dir='ltr'>thesi</span> <span class='ocrx_word' id='word_1_206' title='bbox 1539 1835 1636 1864; x_wconf 91' lang='lat' dir='ltr'>cum</span> 
     </span>
     <span class='ocr_line' id='line_1_25' title="bbox 125 1888 1632 1947; baseline -0.003 -12"><span class='ocrx_word' id='word_1_207' title='bbox 125 1893 260 1944; x_wconf 91' lang='lat' dir='ltr'>hiatu,</span> <span class='ocrx_word' id='word_1_208' title='bbox 292 1893 336 1934; x_wconf 90' lang='lat' dir='ltr'>ni</span> <span class='ocrx_word' id='word_1_209' title='bbox 355 1896 493 1934; x_wconf 86' lang='lat' dir='ltr'>mutet</span> <span class='ocrx_word' id='word_1_210' title='bbox 518 1892 817 1946; x_wconf 86' lang='lat' dir='ltr'>quantitatem.</span> <span class='ocrx_word' id='word_1_211' title='bbox 872 1906 971 1933; x_wconf 90' lang='lat' dir='ltr'>nam</span> <span class='ocrx_word' id='word_1_212' title='bbox 994 1891 1109 1945; x_wconf 87' lang='lat' dir='ltr'>quod</span> <span class='ocrx_word' id='word_1_213' title='bbox 1131 1891 1239 1932; x_wconf 86' lang='lat' dir='ltr'>dixit</span> <span class='ocrx_word' id='word_1_214' title='bbox 1261 1890 1382 1932; x_wconf 86' lang='lat' dir='ltr'>Maro</span> <span class='ocrx_word' id='word_1_215' title='bbox 1407 1888 1460 1947; x_wconf 84' lang='lat' dir='ltr'>[g.</span> <span class='ocrx_word' id='word_1_216' title='bbox 1485 1890 1514 1941; x_wconf 95' lang='lat' dir='ltr'>I,</span> <span class='ocrx_word' id='word_1_217' title='bbox 1534 1889 1632 1946; x_wconf 88' lang='lat'>437]</span> 
     </span>
     <span class='ocr_line' id='line_1_26' title="bbox 120 1957 1639 2013; baseline -0.001 -11"><span class='ocrx_word' id='word_1_218' title='bbox 120 1960 297 2004; x_wconf 82' lang='lat' dir='ltr'>‘Glauco</span> <span class='ocrx_word' id='word_1_219' title='bbox 328 1968 365 2003; x_wconf 82' lang='lat' dir='ltr'>et</span> <span class='ocrx_word' id='word_1_220' title='bbox 386 1965 604 2012; x_wconf 75' lang='lat' dir='ltr'>Panopeae</span> <span class='ocrx_word' id='word_1_221' title='bbox 637 1967 675 2002; x_wconf 86' lang='lat' dir='ltr'>el</span> <span class='ocrx_word' id='word_1_222' title='bbox 704 1963 802 2002; x_wconf 78' lang='lat' dir='ltr'>Inoo</span> <span class='ocrx_word' id='word_1_223' title='bbox 826 1957 1101 2007; x_wconf 58' lang='lat' dir='ltr'>illelicerlae&#39;‚</span> <span class='ocrx_word' id='word_1_224' title='bbox 1135 1959 1236 2001; x_wconf 90' lang='lat' dir='ltr'>dum</span> <span class='ocrx_word' id='word_1_225' title='bbox 1267 1958 1462 2013; x_wconf 89' lang='lat' dir='ltr'>cupidius</span> <span class='ocrx_word' id='word_1_226' title='bbox 1493 1958 1639 2000; x_wconf 89' lang='lat' dir='ltr'>studet</span> 
     </span>
     <span class='ocr_line' id='line_1_27' title="bbox 127 2027 1637 2087; baseline -0.001 -16"><span class='ocrx_word' id='word_1_227' title='bbox 127 2030 199 2071; x_wconf 91' lang='lat' dir='ltr'>ille</span> <span class='ocrx_word' id='word_1_228' title='bbox 230 2043 399 2072; x_wconf 87' lang='lat' dir='ltr'>versum</span> <span class='ocrx_word' id='word_1_229' title='bbox 430 2029 726 2084; x_wconf 86' lang='lat' dir='ltr'>praeceptoris</span> <span class='ocrx_word' id='word_1_230' title='bbox 750 2029 1038 2083; x_wconf 84' lang='lat' dir='ltr'>Euphorionis</span> <span class='ocrx_word' id='word_1_231' title='bbox 1064 2027 1250 2087; x_wconf 79' lang='grc' dir='ltr'><em>Γλαύκῳ</em></span> <span class='ocrx_word' id='word_1_232' title='bbox 1285 2028 1357 2070; x_wconf 84' lang='grc' dir='ltr'>καὶ</span> <span class='ocrx_word' id='word_1_233' title='bbox 1384 2031 1534 2083; x_wconf 77' lang='grc' dir='ltr'><em>Νηρῆι</em></span> <span class='ocrx_word' id='word_1_234' title='bbox 1564 2028 1637 2070; x_wconf 83' lang='grc' dir='ltr'>καὶ</span> 
     </span>
     <span class='ocr_line' id='line_1_28' title="bbox 123 2095 1639 2158; baseline -0.005 -15"><span class='ocrx_word' id='word_1_235' title='bbox 123 2096 257 2158; x_wconf 74' lang='grc' dir='ltr'><em>Ἰνςόῳ</em></span> <span class='ocrx_word' id='word_1_236' title='bbox 281 2097 533 2153; x_wconf 78' lang='grc' dir='ltr'><em>Μελικέρτῃ</em></span> <span class='ocrx_word' id='word_1_237' title='bbox 563 2097 743 2139; x_wconf 86' lang='lat' dir='ltr'>totidem</span> <span class='ocrx_word' id='word_1_238' title='bbox 775 2097 956 2139; x_wconf 88' lang='lat' dir='ltr'>reddere</span> <span class='ocrx_word' id='word_1_239' title='bbox 975 2096 1151 2139; x_wconf 83' lang='lat' dir='ltr'>vocibus</span> <span class='ocrx_word' id='word_1_240' title='bbox 1181 2121 1238 2127; x_wconf 91' lang='lat'>—-</span> <span class='ocrx_word' id='word_1_241' title='bbox 1268 2095 1381 2137; x_wconf 90' lang='lat' dir='ltr'>unde</span> <span class='ocrx_word' id='word_1_242' title='bbox 1412 2109 1464 2137; x_wconf 91' lang='lat' dir='ltr'>ne</span> <span class='ocrx_word' id='word_1_243' title='bbox 1495 2099 1639 2149; x_wconf 87' lang='lat' dir='ltr'>potest</span> 
     </span>
     <span class='ocr_line' id='line_1_29' title="bbox 131 2164 1637 2221; baseline -0.002 -13"><span class='ocrx_word' id='word_1_244' title='bbox 131 2167 303 2221; x_wconf 88' lang='lat' dir='ltr'>quidem</span> <span class='ocrx_word' id='word_1_245' title='bbox 344 2180 437 2208; x_wconf 88' lang='lat' dir='ltr'>esse</span> <span class='ocrx_word' id='word_1_246' title='bbox 481 2179 649 2217; x_wconf 86' lang='lat' dir='ltr'>verum,</span> <span class='ocrx_word' id='word_1_247' title='bbox 692 2165 807 2219; x_wconf 89' lang='lat' dir='ltr'>quod</span> <span class='ocrx_word' id='word_1_248' title='bbox 839 2166 1079 2220; x_wconf 87' lang='lat' dir='ltr'>Wagnerus</span> <span class='ocrx_word' id='word_1_249' title='bbox 1114 2164 1271 2220; x_wconf 84' lang='lat' dir='ltr'>probat</span> <span class='ocrx_word' id='word_1_250' title='bbox 1310 2167 1541 2216; x_wconf 72' lang='lat' dir='ltr'>Glaucoque</span> <span class='ocrx_word' id='word_1_251' title='bbox 1570 2189 1637 2216; x_wconf 92' lang='grc'>-,</span> 
     </span>
     <span class='ocr_line' id='line_1_30' title="bbox 131 2233 1637 2288; baseline -0.001 -12"><span class='ocrx_word' id='word_1_252' title='bbox 131 2235 394 2276; x_wconf 88' lang='lat' dir='ltr'>certissimas</span> <span class='ocrx_word' id='word_1_253' title='bbox 423 2235 530 2276; x_wconf 86' lang='lat' dir='ltr'>artis</span> <span class='ocrx_word' id='word_1_254' title='bbox 562 2234 742 2276; x_wconf 88' lang='lat' dir='ltr'>Latinae</span> <span class='ocrx_word' id='word_1_255' title='bbox 773 2248 946 2276; x_wconf 89' lang='lat' dir='ltr'>normas</span> <span class='ocrx_word' id='word_1_256' title='bbox 976 2234 1143 2288; x_wconf 88' lang='lat' dir='ltr'>pusillis</span> <span class='ocrx_word' id='word_1_257' title='bbox 1174 2233 1343 2275; x_wconf 85' lang='lat' dir='ltr'>facetiis</span> <span class='ocrx_word' id='word_1_258' title='bbox 1373 2233 1637 2288; x_wconf 89' lang='lat' dir='ltr'>posthabuit.</span> 
     </span>
     <span class='ocr_line' id='line_1_31' title="bbox 132 2301 1639 2359; baseline -0.001 -15"><span class='ocrx_word' id='word_1_259' title='bbox 132 2306 178 2344; x_wconf 89' lang='lat' dir='ltr'>at</span> <span class='ocrx_word' id='word_1_260' title='bbox 205 2303 321 2358; x_wconf 87' lang='lat' dir='ltr'>apud</span> <span class='ocrx_word' id='word_1_261' title='bbox 350 2303 561 2345; x_wconf 89' lang='lat' dir='ltr'>Lucilium</span> <span class='ocrx_word' id='word_1_262' title='bbox 593 2302 709 2356; x_wconf 89' lang='lat' dir='ltr'>quod</span> <span class='ocrx_word' id='word_1_263' title='bbox 738 2303 896 2357; x_wconf 89' lang='lat' dir='ltr'>legitur</span> <span class='ocrx_word' id='word_1_264' title='bbox 927 2302 1077 2359; x_wconf 74' lang='lat' dir='ltr'>[XVIL</span> <span class='ocrx_word' id='word_1_265' title='bbox 1115 2301 1150 2359; x_wconf 90' lang='lat'>1]</span> <span class='ocrx_word' id='word_1_266' title='bbox 1176 2301 1335 2357; x_wconf 50' lang='grc' dir='ltr'>εΤυρὼ</span> <span class='ocrx_word' id='word_1_267' title='bbox 1363 2305 1639 2354; x_wconf 75' lang='lat' dir='ltr'>eupaterelam</span> 
     </span>
     <span class='ocr_line' id='line_1_32' title="bbox 132 2368 1641 2423; baseline 0 -11"><span class='ocrx_word' id='word_1_268' title='bbox 132 2374 310 2422; x_wconf 77' lang='lat' dir='ltr'>aliquam</span> <span class='ocrx_word' id='word_1_269' title='bbox 340 2384 425 2412; x_wconf 84' lang='lat' dir='ltr'>rem</span> <span class='ocrx_word' id='word_1_270' title='bbox 455 2374 654 2423; x_wconf 70' lang='lat' dir='ltr'>insiqnem</span> <span class='ocrx_word' id='word_1_271' title='bbox 690 2368 922 2420; x_wconf 74' lang='lat' dir='ltr'>habuisse&#39;,</span> <span class='ocrx_word' id='word_1_272' title='bbox 967 2371 1090 2412; x_wconf 80' lang='lat' dir='ltr'>licuit</span> <span class='ocrx_word' id='word_1_273' title='bbox 1132 2371 1177 2412; x_wconf 87' lang='lat' dir='ltr'>in</span> <span class='ocrx_word' id='word_1_274' title='bbox 1204 2370 1346 2412; x_wconf 85' lang='lat' dir='ltr'>verbis</span> <span class='ocrx_word' id='word_1_275' title='bbox 1377 2370 1556 2412; x_wconf 86' lang='lat' dir='ltr'>Graecis</span> <span class='ocrx_word' id='word_1_276' title='bbox 1598 2374 1641 2412; x_wconf 91' lang='lat' dir='ltr'>et</span> 
     </span>
     <span class='ocr_line' id='line_1_33' title="bbox 131 2438 1639 2496; baseline 0 -16"><span class='ocrx_word' id='word_1_277' title='bbox 131 2438 317 2481; x_wconf 85' lang='lat' dir='ltr'>formula</span> <span class='ocrx_word' id='word_1_278' title='bbox 347 2438 578 2481; x_wconf 84' lang='lat' dir='ltr'>Homerica</span> <span class='ocrx_word' id='word_1_279' title='bbox 609 2439 701 2496; x_wconf 85' lang='lat' dir='ltr'>[Od.</span> <span class='ocrx_word' id='word_1_280' title='bbox 733 2439 807 2492; x_wconf 87' lang='lat' dir='ltr'>XI,</span> <span class='ocrx_word' id='word_1_281' title='bbox 841 2438 937 2496; x_wconf 83' lang='lat'>235]</span> <span class='ocrx_word' id='word_1_282' title='bbox 970 2441 1193 2482; x_wconf 89' lang='lat' dir='ltr'>externam</span> <span class='ocrx_word' id='word_1_283' title='bbox 1224 2453 1419 2481; x_wconf 88' lang='lat' dir='ltr'>normam</span> <span class='ocrx_word' id='word_1_284' title='bbox 1450 2439 1639 2481; x_wconf 85' lang='lat' dir='ltr'>retineri.</span> 
     </span>
     <span class='ocr_line' id='line_1_34' title="bbox 131 2507 1641 2562; baseline -0.001 -13"><span class='ocrx_word' id='word_1_285' title='bbox 131 2511 278 2549; x_wconf 85' lang='lat' dir='ltr'>tamen</span> <span class='ocrx_word' id='word_1_286' title='bbox 297 2521 366 2550; x_wconf 89' lang='lat' dir='ltr'>res</span> <span class='ocrx_word' id='word_1_287' title='bbox 388 2508 645 2562; x_wconf 85' lang='lat' dir='ltr'>perincerta,</span> <span class='ocrx_word' id='word_1_288' title='bbox 678 2522 774 2550; x_wconf 91' lang='lat' dir='ltr'>cum</span> <span class='ocrx_word' id='word_1_289' title='bbox 798 2522 877 2562; x_wconf 89' lang='lat' dir='ltr'>pro</span> <span class='ocrx_word' id='word_1_290' title='bbox 907 2511 1012 2561; x_wconf 78' lang='lat' dir='ltr'>Tyro</span> <span class='ocrx_word' id='word_1_291' title='bbox 1035 2508 1079 2549; x_wconf 89' lang='lat' dir='ltr'>in</span> <span class='ocrx_word' id='word_1_292' title='bbox 1104 2508 1197 2550; x_wconf 90' lang='lat' dir='ltr'>cdd.</span> <span class='ocrx_word' id='word_1_293' title='bbox 1219 2511 1337 2550; x_wconf 87' lang='lat' dir='ltr'>extet</span> <span class='ocrx_word' id='word_1_294' title='bbox 1355 2507 1461 2550; x_wconf 91' lang='lat' dir='ltr'>PIN.</span> <span class='ocrx_word' id='word_1_295' title='bbox 1493 2509 1641 2560; x_wconf 87' lang='lat' dir='ltr'>itaque</span> 
     </span>
     <span class='ocr_line' id='line_1_35' title="bbox 133 2575 1640 2631; baseline -0.001 -14"><span class='ocrx_word' id='word_1_296' title='bbox 133 2589 210 2618; x_wconf 87' lang='lat' dir='ltr'>nos</span> <span class='ocrx_word' id='word_1_297' title='bbox 251 2576 294 2617; x_wconf 93' lang='lat' dir='ltr'>in</span> <span class='ocrx_word' id='word_1_298' title='bbox 333 2575 487 2618; x_wconf 87' lang='lat' dir='ltr'>Lucilii</span> <span class='ocrx_word' id='word_1_299' title='bbox 528 2576 714 2618; x_wconf 88' lang='lat' dir='ltr'>editione</span> <span class='ocrx_word' id='word_1_300' title='bbox 761 2575 922 2631; x_wconf 78' lang='grc' dir='ltr'><strong><em>Τυρὼν</em></strong></span> <span class='ocrx_word' id='word_1_301' title='bbox 962 2578 1254 2631; x_wconf 85' lang='lat' dir='ltr'>reposuimus,</span> <span class='ocrx_word' id='word_1_302' title='bbox 1301 2590 1400 2618; x_wconf 85' lang='lat' dir='ltr'>mox</span> <span class='ocrx_word' id='word_1_303' title='bbox 1441 2577 1483 2617; x_wconf 91' lang='lat' dir='ltr'>in</span> <span class='ocrx_word' id='word_1_304' title='bbox 1514 2575 1640 2617; x_wconf 91' lang='lat' dir='ltr'>Nonii</span> 
     </span>
     <span class='ocr_line' id='line_1_36' title="bbox 140 2643 1643 2699; baseline -0.001 -13"><span class='ocrx_word' id='word_1_305' title='bbox 140 2647 347 2697; x_wconf 68' lang='lat' dir='ltr'>Tyr-onem.</span> <span class='ocrx_word' id='word_1_306' title='bbox 390 2669 445 2677; x_wconf 75' lang='lat'>—</span> <span class='ocrx_word' id='word_1_307' title='bbox 485 2644 593 2686; x_wconf 90' lang='lat' dir='ltr'>illud</span> <span class='ocrx_word' id='word_1_308' title='bbox 623 2658 724 2686; x_wconf 88' lang='lat' dir='ltr'>vero</span> <span class='ocrx_word' id='word_1_309' title='bbox 766 2645 881 2699; x_wconf 88' lang='lat' dir='ltr'>quod</span> <span class='ocrx_word' id='word_1_310' title='bbox 920 2646 1191 2699; x_wconf 85' lang='lat' dir='ltr'>grammatici</span> <span class='ocrx_word' id='word_1_311' title='bbox 1222 2644 1409 2687; x_wconf 86' lang='lat' dir='ltr'>afferunt</span> <span class='ocrx_word' id='word_1_312' title='bbox 1439 2648 1487 2686; x_wconf 88' lang='lat' dir='ltr'>ut</span> <span class='ocrx_word' id='word_1_313' title='bbox 1516 2643 1643 2685; x_wconf 86' lang='lat' dir='ltr'>simili</span> 
     </span>
     <span class='ocr_line' id='line_1_37' title="bbox 133 2711 1642 2768; baseline 0 -15"><span class='ocrx_word' id='word_1_314' title='bbox 133 2712 297 2766; x_wconf 86' lang='lat' dir='ltr'>insigne</span> <span class='ocrx_word' id='word_1_315' title='bbox 326 2712 502 2754; x_wconf 86' lang='lat' dir='ltr'>licentia</span> <span class='ocrx_word' id='word_1_316' title='bbox 545 2711 710 2755; x_wconf 77' lang='lat' dir='ltr'>‘Musae</span> <span class='ocrx_word' id='word_1_317' title='bbox 741 2711 957 2763; x_wconf 76' lang='lat' dir='ltr'>Aonides&#39;,</span> <span class='ocrx_word' id='word_1_318' title='bbox 995 2714 1140 2768; x_wconf 91' lang='lat' dir='ltr'>inopia</span> <span class='ocrx_word' id='word_1_319' title='bbox 1170 2714 1319 2767; x_wconf 90' lang='lat' dir='ltr'>utique</span> <span class='ocrx_word' id='word_1_320' title='bbox 1351 2712 1642 2766; x_wconf 84' lang='lat' dir='ltr'>exemplorum</span> 
     </span>
     <span class='ocr_line' id='line_1_38' title="bbox 135 2780 1642 2835; baseline -0.001 -13"><span class='ocrx_word' id='word_1_321' title='bbox 135 2780 296 2822; x_wconf 89' lang='lat' dir='ltr'>finxere</span> <span class='ocrx_word' id='word_1_322' title='bbox 326 2780 419 2835; x_wconf 88' lang='lat' dir='ltr'>ipsi.</span> <span class='ocrx_word' id='word_1_323' title='bbox 479 2794 590 2834; x_wconf 88' lang='lat' dir='ltr'>quae</span> <span class='ocrx_word' id='word_1_324' title='bbox 626 2794 720 2823; x_wconf 91' lang='lat' dir='ltr'>cum</span> <span class='ocrx_word' id='word_1_325' title='bbox 750 2782 812 2823; x_wconf 92' lang='lat' dir='ltr'>ita</span> <span class='ocrx_word' id='word_1_326' title='bbox 842 2783 942 2833; x_wconf 86' lang='lat' dir='ltr'>sint,</span> <span class='ocrx_word' id='word_1_327' title='bbox 978 2795 1063 2823; x_wconf 91' lang='lat' dir='ltr'>non</span> <span class='ocrx_word' id='word_1_328' title='bbox 1095 2796 1120 2823; x_wconf 90' lang='lat' dir='ltr'>a</span> <span class='ocrx_word' id='word_1_329' title='bbox 1149 2785 1287 2823; x_wconf 88' lang='lat' dir='ltr'>metro</span> <span class='ocrx_word' id='word_1_330' title='bbox 1319 2782 1479 2822; x_wconf 89' lang='lat' dir='ltr'>rectius</span> <span class='ocrx_word' id='word_1_331' title='bbox 1513 2793 1642 2834; x_wconf 90' lang='lat' dir='ltr'>quam</span> 
     </span>
     <span class='ocr_line' id='line_1_39' title="bbox 136 2847 1641 2905; baseline -0.002 -14"><span class='ocrx_word' id='word_1_332' title='bbox 136 2863 162 2890; x_wconf 84' lang='lat' dir='ltr'>a</span> <span class='ocrx_word' id='word_1_333' title='bbox 192 2862 319 2891; x_wconf 89' lang='lat' dir='ltr'>sensu</span> <span class='ocrx_word' id='word_1_334' title='bbox 348 2849 483 2891; x_wconf 89' lang='lat' dir='ltr'>stabit</span> <span class='ocrx_word' id='word_1_335' title='bbox 511 2849 627 2903; x_wconf 82' lang='lat' dir='ltr'>quod</span> <span class='ocrx_word' id='word_1_336' title='bbox 659 2850 894 2892; x_wconf 88' lang='lat' dir='ltr'>etiamnum</span> <span class='ocrx_word' id='word_1_337' title='bbox 923 2850 1117 2904; x_wconf 88' lang='lat' dir='ltr'>plerique</span> <span class='ocrx_word' id='word_1_338' title='bbox 1150 2850 1348 2891; x_wconf 87' lang='lat' dir='ltr'>tribuunt</span> <span class='ocrx_word' id='word_1_339' title='bbox 1378 2849 1560 2891; x_wconf 87' lang='lat' dir='ltr'>Horatio</span> <span class='ocrx_word' id='word_1_340' title='bbox 1592 2847 1641 2905; x_wconf 86' lang='lat' dir='ltr'>[c.</span> 
     </span>
     <span class='ocr_line' id='line_1_40' title="bbox 136 2916 1643 2974; baseline -0.001 -14"><span class='ocrx_word' id='word_1_341' title='bbox 136 2918 188 2968; x_wconf 87' lang='lat' dir='ltr'>Il,</span> <span class='ocrx_word' id='word_1_342' title='bbox 222 2921 288 2969; x_wconf 83' lang='lat'>20,</span> <span class='ocrx_word' id='word_1_343' title='bbox 325 2917 390 2974; x_wconf 84' lang='lat'>13]</span> <span class='ocrx_word' id='word_1_344' title='bbox 437 2916 533 2959; x_wconf 74' lang='lat' dir='ltr'>‘iam</span> <span class='ocrx_word' id='word_1_345' title='bbox 568 2920 773 2961; x_wconf 80' lang='lat' dir='ltr'>Daedaleo</span> <span class='ocrx_word' id='word_1_346' title='bbox 805 2922 916 2961; x_wconf 74' lang='lat' dir='ltr'>ocior</span> <span class='ocrx_word' id='word_1_347' title='bbox 947 2917 1108 2961; x_wconf 79' lang='lat' dir='ltr'>Icaro&#39;.</span> <span class='ocrx_word' id='word_1_348' title='bbox 1153 2944 1207 2948; x_wconf 90' lang='lat'>——-</span> <span class='ocrx_word' id='word_1_349' title='bbox 1248 2931 1387 2971; x_wconf 89' lang='lat' dir='ltr'>neque</span> <span class='ocrx_word' id='word_1_350' title='bbox 1418 2931 1518 2959; x_wconf 89' lang='lat' dir='ltr'>vero</span> <span class='ocrx_word' id='word_1_351' title='bbox 1551 2930 1643 2958; x_wconf 41' lang='lat' dir='ltr'>cor-⁷</span> 
     </span>
    </p>

    <p class='ocr_par' dir='ltr' id='par_1_7' title="bbox 1299 2985 1369 3021">
     <span class='ocr_line' id='line_1_41' title="bbox 1299 2985 1369 3021; baseline 0 -3"><span class='ocrx_word' id='word_1_352' title='bbox 1299 2985 1369 3021; x_wconf 77' lang='lat'>24*</span> 
     </span>
    </p>
   </div>
  </div>
 </body>
</html>
