1898 3292
270 228 294 264 4
302 227 322 261 7
330 227 351 264 2
850 234 971 258 LIBER
990 234 1191 259 SEPTIMVS.

272 337 449 377 eandem
493 337 838 376 terminationem
878 336 1087 388 Vergilius
1126 336 1169 376 in
1203 336 1389 376 Aeneide
1434 336 1539 392 [VIL
1571 340 1673 387 4643
1706 336 1778 385 ΙΙΙ,

274 410 373 457 354,
418 406 489 455 Vl,
524 408 624 456 747,
666 405 741 454 IX,
784 404 852 460 26]
902 409 948 445 111
991 409 1098 458 puta
1141 404 1330 456 ‘(zq1ctl,e'⁷,
1375 403 1551 454 ‘aulai',
1592 403 1779 453 ‘am-ai’‚

264 471 450 525 ‘pictai’,
494 473 611 514 haud
655 488 757 514 sane
798 474 1027 526 quisquam
1074 473 1183 514 alius
1229 478 1455 527 poetarum
1503 473 1779 515 classicorum

272 543 353 584 nisi
394 542 448 583 ad
488 542 751 583 irridendam
785 545 1063 592 vetustatem,
1104 545 1151 582 ut
1193 545 1257 582 est
1296 541 1402 583 illud
1433 542 1644 583 Martialis
1693 541 1781 597 [XL

274 615 340 661 90,
374 615 419 662 5,
461 611 513 651 cf.
547 610 661 651 Pers.
695 615 731 661 6,
755 610 795 666 9]
839 614 1112 661 αῐίοηῖὶιιεριω
1150 614 1252 662 legis
1295 609 1446 651 ’ἵει-ναί
1480 607 1781 662 l)·zmclife1·ai’‚

272 683 420 720 Accius
463 686 500 719 el
546 682 747 729 quidquid
784 682 1067 729 Pacuviusque
1106 686 1274 720 vomunt.
1345 683 1496 720 contra
1542 679 1781 719 imitatione

273 747 669 800 antiquissimorum
699 747 846 788 dixere
869 746 1128 788 Prudentius
1163 746 1322 803 [apoth.
1348 747 1444 803 702]
1479 751 1616 798 aquai,
1649 748 1782 787 Auso-

274 816 368 857 nius
402 815 612 871 [Bissulae
643 820 681 865 4,
714 821 758 867 5,
789 829 857 869 pg.
893 819 971 856 126
1004 815 1068 856 ed.
1102 815 1299 871 Schenk]
1343 819 1510 857 nescivi!
1542 819 1631 856 erae'
1663 819 1783 865 impe-

274 888 391 925 rium.
453 898 551 924 nam
582 884 645 925 ita
677 887 794 925 recte
825 884 928 925 ferri
960 884 1174 934 existimo,
1218 898 1313 925 cum
1353 883 1562 925 traditum
1600 883 1688 924 fere
1730 883 1785 924 sit

274 955 402 993 nescit
444 955 663 1002 (nescivit)
703 966 784 993 ere.
848 952 922 993 sed
965 952 1080 1005 quod
1120 952 1279 1005 legitur
1304 953 1429 993 inter
1460 951 1649 994 eiusdem
1681 966 1784 1005 opu-

275 1021 395 1062 scula
428 1020 577 1077 [eclog.
613 1024 674 1069 17,
707 1025 779 1071 10,
812 1034 880 1074 pg.
908 1024 957 1060 1ss
982 1019 1119 1077 Soh.]:
1163 1025 1325 1072 flamma
1358 1023 1500 1071 Nepai,
1533 1021 1579 1071 Q.
1616 1020 1783 1061 Cicero-

276 1089 340 1130 nis
372 1093 438 1130 est
469 1103 660 1139 carmen,
700 1089 812 1130 unde
843 1089 925 1130 hoc
955 1089 1149 1142 petitum.
1187 1115 1235 1119 -—
1280 1090 1331 1130 de
1372 1089 1567 1142 genetivo
1605 1088 1786 1141 pluralis

276 1157 441 1199 numeri
473 1158 641 1198 dicetur
672 1158 714 1198 in
745 1157 933 1198 secunda
965 1157 1263 1199 declinatione.
1296 1183 1347 1187 -
1383 1158 1573 1199 eiusdem
1595 1157 1786 1198 dativum

276 1226 341 1267 vel
371 1225 606 1267 ablativum
639 1226 681 1266 in
714 1229 814 1267 abus
852 1226 994 1267 nullus
1036 1226 1152 1267 exire
1194 1240 1348 1280 passus
1391 1230 1456 1268 est
1496 1226 1785 1267 classicorum.

275 1295 374 1335 hinc
416 1295 598 1342 factum,
646 1294 761 1347 quod
803 1294 1053 1336 Callimachi
1101 1294 1204 1335 illud
1249 1294 1528 1350 “βόστρυχον,
1570 1293 1622 1337 ὃν
1664 1298 1786 1351 κείνη

276 1369 408 1406 πᾶσιν
439 1363 572 1418 ἔθηκε
604 1360 749 1414 θεοῖς’
796 1363 857 1403 sic
901 1362 1053 1404 maluit
1084 1363 1365 1417 interpretari
1397 1363 1590 1404 Catullus
1626 1364 1710 1417 [612
1744 1364 1787 1417 9]

270 1431 408 1482 ‘quam
439 1435 596 1472 cunctis
629 1435 699 1472 illa
729 1436 895 1472 dearum
919 1435 1022 1472 levia
1051 1436 1302 1482 prolendens
1325 1435 1497 1473 Inachia
1524 1429 1785 1483 polllce'mst'.

277 1500 415 1541 minus
444 1500 635 1554 lepidum
666 1500 780 1541 foret
812 1504 976 1542 deabus.
1030 1505 1172 1541 tamen
1195 1501 1440 1542 christianis
1462 1501 1627 1555 placuit
1648 1500 1789 1542 finalis

276 1569 350 1610 illa
383 1569 425 1609 111
459 1572 611 1610 deabus
644 1569 952 1624 [Commodian.
986 1570 1022 1619 I,
1059 1573 1108 1611 16
1140 1584 1178 1622 p.
1216 1573 1315 1621 143,
1348 1569 1474 1610 Ρ1·11(1.
1507 1570 1652 1624 apoth.
1690 1574 1789 1621 197,

280 1637 443 1678 Paulin.
477 1641 549 1687 36,
586 1638 657 1692 52]
704 1641 747 1679 et
789 1640 1001 1679 seminecibus
1047 1637 1193 1692 [Prud.
1227 1651 1260 1678 c.
1294 1638 1447 1692 Symm.
1481 1639 1517 1689 I,
1550 1642 1652 1690 531,
1697 1639 1789 1692 peri

277 1705 414 1760 steph.
448 1709 484 1755 2,
518 1706 631 1760 289]

394 1785 558 1826 Deinde
596 1785 810 1827 secundae
846 1786 1145 1828 declinationis
1186 1786 1382 1840 exempla
1422 1786 1464 1827 in
1506 1786 1678 1840 scriptis
1710 1787 1788 1828 Ca-

279 1853 386 1895 tullo
416 1854 631 1907 prioribus
664 1869 760 1896 cum
804 1854 891 1895 alia
931 1854 1047 1895 haud
1089 1869 1228 1908 pauca
1271 1855 1546 1896 inveniuntur
1588 1855 1789 1905 notanda,

279 1926 369 1964 tum
402 1923 530 1964 haec:
573 1938 729 1974 arquzcs
761 1923 903 1978 [Lucr.
938 1923 1005 1973 VI,
1039 1924 1157 1978 526],
1189 1928 1327 1965 caelus
1359 1923 1483 1978 [Enn.
1518 1925 1636 1979 524],
1671 1928 1789 1965 clear—

282 1999 344 2032 lus
377 1991 529 2046 [Lucil.
563 1991 736 2042 XXVII,
770 1992 860 2046 35],
896 1996 1075 2033 vollem-us
1107 1991 1231 2047 [Enn.
1259 1993 1375 2047 138],
1412 1996 1608 2034 volmarius
1642 1992 1790 2049 [Lucil.

280 2060 310 2109 Ι,
346 2063 421 2111 34,
454 2060 577 2101 Lucr.
609 2060 679 2111 IV,
715 2064 818 2113 678,
851 2060 1031 2101 Phaedr.
1064 2061 1094 2111 I,
1127 2064 1193 2112 27,
1227 2060 1281 2117 8].

394 2140 528 2181 Porro
561 2143 704 2181 clivum
739 2145 892 2182 neutro
935 2154 1090 2194 genere
1132 2141 1241 2182 dixit
1271 2141 1496 2182 Memmius
1542 2140 1663 2197 [Non.
1700 2145 1791 2192 194,

281 2208 375 2265 29],
424 2213 566 2250 voltum
610 2209 772 2251 Ennius
816 2208 931 2265 [583]
973 2224 1068 2251 cum
1112 2210 1313 2251 Lucretio
1357 2209 1441 2266 [IV,
1478 2209 1615 2266 1205]
1678 2210 1792 2263 quod

282 2277 397 2331 apud
420 2277 657 2318 Varronem
688 2278 732 2318 in
763 2278 983 2319 Sesculixe
1017 2277 1139 2334 [Non.
1163 2282 1257 2329 492,
1282 2277 1321 2334 3]
1354 2278 1513 2331 legitur
1541 2283 1644 2331 (selo,
1677 2279 1792 2332 apud

282 2345 527 2386 Lucretium
550 2346 598 2396 V,
623 2350 703 2388 205
735 2350 829 2397 yell,
860 2346 968 2387 haec
990 2346 1044 2387 ad
1075 2351 1207 2397 (selum
1237 2346 1543 2388 nominativum
1567 2347 1794 2388 referenda

284 2413 470 2467 probant
510 2413 582 2454 alii
626 2414 858 2455 eorundem
892 2414 987 2455 loci.
1048 2428 1146 2455 nam
1178 2414 1292 2456 illius
1323 2414 1361 2455 d.
1393 2429 1425 2455 r.
1457 2430 1489 2456 r.
1522 2415 1547 2456 l.
1581 2416 1599 2456 Ι
1633 2415 1716 2471 [45,
1749 2415 1789 2471 2]

281 2482 440 2535 legitur
482 2480 696 2523 ‘venenum
728 2486 829 2523 enim
867 2487 997 2534 qelzcm
1031 2486 1242 2524 radicibus
1275 2483 1473 2533 tenellz's';
1514 2484 1641 2525 huius
1680 2483 1705 2524 l.
1738 2484 1793 2525 VI

285 2549 399 2606 [877]
445 2548 583 2601 ‘quase‘
614 2564 738 2601 saepe
767 2555 913 2603 (selum,
951 2556 1059 2601 quod
1088 2555 1266 2592 contine(
1296 2555 1337 2592 inv
1370 2566 1426 2601 se,
1458 2549 1614 2601 mille'l’,
1645 2566 1793 2605 quam-

283 2633 411 2672 quam
443 2624 560 2671 yelus
592 2625 656 2660 est
687 2620 730 2660 in
754 2619 918 2660 Afranii
947 2620 1143 2674 Epistula
1175 2624 1217 2661 et
1240 2620 1356 2661 Accii
1379 2620 1635 2662 Prometheo
1666 2621 1792 2675 [Non.

285 2692 380 2739 207,
404 2687 486 2744 35].
539 2692 584 2729 at
613 2688 655 2728 in
682 2688 903 2730 Luciliano
937 2688 1021 2745 [IV,
1049 2689 1115 2745 17]
1161 2687 1273 2730 ‘nam
1304 2696 1347 2730 ul
1377 2692 1489 2730 nohis
1521 2693 1618 2730 talu'
1646 2703 1791 2741 {senm-

285 2756 420 2807 «ηαδ-τ’
464 2771 594 2808 aemes
635 2757 859 2798 masculini
904 2771 996 2798 esse
1040 2757 1227 2798 affirmat
1267 2757 1428 2799 Nonius
1471 2761 1565 2808 207,
1600 2762 1672 2809 29,
1718 2757 1792 2798 sed

284 2829 436 2866 neutro
479 2825 623 2878 potius
668 2828 716 2865 ut
758 2825 983 2866 credamus
1028 2826 1231 2879 positum,
1277 2825 1534 2879 quibusdam
1578 2825 1794 2866 Ciceronis

286 2894 543 2935 Arateorum
588 2894 693 2936 locis
739 2893 935 2935 efficitur.
1004 2894 1064 2935 ibi
1107 2894 1256 2936 eadem
1303 2894 1504 2937 similium
1546 2907 1648 2935 sono
1693 2907 1790 2935 con-
