1898 3292
766 176 885 201 LIBER
904 175 1092 207 QVARTVS.
1601 169 1678 207 341

182 277 321 318 Plauti
353 292 403 319 ac
435 278 623 320 Terentii
665 277 927 328 libertatem,
971 292 1077 331 quos
1121 276 1294 331 quidem
1335 279 1469 319 multo
1513 280 1683 334 saepius

178 346 459 388 iambicorum
483 346 709 389 verborum
732 347 892 388 exitum
915 346 1174 401 corripuisse
1206 350 1385 388 constat.
1427 352 1578 389 contra
1599 362 1683 389 non

178 415 393 468 intellego,
423 415 495 469 qui
521 415 657 470 possit
678 414 977 456 Lachmannus
1000 415 1125 468 quasi
1147 414 1231 456 huc
1251 415 1512 469 pertinentia
1534 420 1684 458 notare

179 484 367 526 Senecae
407 483 481 525 illa
524 483 697 539 [Troad.
731 487 834 535 9733
867 482 992 524 Herc.
1026 483 1116 524 Oet.
1150 483 1250 538 262]
1290 498 1403 525 meae
1444 488 1584 536 iqnota
1626 492 1686 526 est

179 556 222 594 et
261 557 336 594 hoc
375 556 467 593 sinu
517 553 678 606 (potius
718 556 797 593 huc
835 552 978 606 specu)
1025 555 1203 593 inmenso
1249 560 1390 601 exeat,
1442 553 1522 594 nisi
1572 553 1684 595 forte

178 620 378 675 probavit
410 624 453 662 et
479 621 570 675 ipse
602 620 784 661 Bentleii
820 623 1129 671 commentum,
1171 620 1245 673 qui
1284 621 1436 662 statuit
1466 621 1510 661 in
1542 621 1684 663 verbis

178 690 274 744 plus
306 703 435 743 quam
467 688 689 743 disyllabis
712 692 755 729 et
774 688 904 742 longa
933 688 1200 742 paenultima
1227 688 1447 742 praeditis,
1480 689 1514 730 si
1545 689 1685 731 finalis

178 757 343 813 syllaba
375 757 572 807 elidatur,
604 756 769 798 retrahi
801 760 1025 798 accentum
1058 757 1398 810 grammaticum.
1449 771 1528 798 nec
1548 758 1684 812 magis

177 826 362 868 violatur
393 840 463 867 ars
495 826 682 867 Senecae
715 825 859 880 [Herc.
884 825 974 866 Oet.
998 826 1099 880 813]
1132 829 1268 867 metro
1301 826 1377 867 tali
1421 825 1519 868 ‘hac
1549 841 1684 875 manu,

177 898 267 943 hac,
300 898 442 945 inquit,
479 892 643 945 ἴεν-τιν’,
685 907 778 934 cum
820 907 903 935 non
943 894 1080 947 possit
1114 894 1291 948 probari
1322 908 1468 935 vocem
1500 908 1685 948 gravem,

176 963 391 1004 rhetorico
421 962 580 1003 affectu
612 962 646 1003 si
679 961 935 1015 geminetur,
978 966 1151 1004 acutum
1191 976 1410 1004 assumere
1448 966 1683 1005 accentum.

291 1031 380 1072 Iam
413 1035 461 1072 ut
491 1031 659 1072 mittam
692 1030 904 1084 quaedam
946 1044 1030 1071 non
1070 1044 1133 1081 re,
1181 1030 1256 1072 sed
1295 1031 1437 1085 specie
1479 1031 1620 1072 aliena
1659 1046 1685 1073 a

176 1113 327 1140 norma
358 1113 489 1153 supra
519 1098 759 1153 proposita,
801 1098 852 1139 de
884 1098 1040 1152 quibus
1071 1103 1192 1140 sexto
1223 1099 1335 1141 libro
1366 1103 1535 1153 agetur,
1569 1100 1683 1154 apud

177 1168 434 1209 christianos
476 1167 647 1221 quidem
688 1170 839 1221 poetas
879 1167 1092 1221 migratae
1133 1167 1240 1221 legis
1281 1167 1395 1209 illius
1441 1172 1561 1209 certa
1600 1183 1684 1210 non

176 1251 353 1290 prorsus
394 1235 548 1277 desunt
586 1235 794 1289 exempla.
855 1236 917 1276 ita
955 1236 999 1276 in
1038 1236 1195 1277 iambis
1237 1235 1345 1277 dixit
1378 1236 1562 1277 Avienus
1604 1238 1683 1291 [or.

176 1319 280 1346 mar.
306 1308 375 1356 2o;
406 1305 507 1359 465]
551 1302 638 1345 ‘leco
669 1317 758 1345 csse
789 1301 927 1345 corcli'
976 1302 1066 1345 ‘diu
1100 1302 1283 1354 incolis’,
1315 1305 1462 1357 itaque
1493 1304 1683 1346 Pruden-

176 1374 260 1415 tius
282 1372 414 1428 [cath.
438 1375 476 1423 2,
495 1372 566 1427 75]
609 1370 674 1413 ‘eo
703 1386 830 1422 usque
859 1376 951 1413 dum
979 1377 1050 1413 lua:
1071 1371 1304 1424 ζ«ηινρενείζ
1335 1373 1447 1414 idem
1470 1373 1513 1413 in
1537 1373 1682 1428 dacty-

174 1442 257 1483 lico
289 1445 426 1482 metro
457 1440 692 1496 [psychom.
716 1441 789 1495 32]
834 1439 936 1482 ‘solo
968 1438 1191 1492 adplicat‘.
1248 1445 1338 1482 tum
1362 1441 1566 1483 Paulinus
1597 1442 1683 1496 [21,

177 1515 279 1562 2143
303 1510 403 1564 266]
447 1508 505 1550 ‘et
532 1513 622 1550 novi
653 1516 767 1550 ortus
797 1507 954 1561 ylore'a'
1002 1508 1064 1550 ‘in
1085 1512 1179 1550 sinu
1201 1507 1398 1551 abditos'.
1446 1509 1558 1550 idem
1581 1509 1684 1551 alibi

174 1579 259 1634 [36,
297 1579 394 1633 188]
437 1576 602 1619 'sancta
635 1580 714 1626 dei,
744 1581 852 1619 unde
877 1575 1065 1628 procul’.

291 1648 346 1688 At
378 1645 566 1688 iambica
595 1645 661 1686 vel
697 1645 740 1686 in
772 1646 891 1699 gravi
924 1645 1092 1700 syllaba
1124 1645 1282 1687 elidere
1316 1650 1415 1688 sunt
1446 1647 1571 1688 veriti
1601 1647 1682 1688 Lu-

176 1716 346 1766 cretius,
378 1715 495 1766 Cato,
528 1714 735 1766 Tibullus,
768 1713 977 1765 Grattius,
1010 1714 1224 1763 Manilius,
1257 1714 1469 1756 Homerus
1492 1715 1682 1766 Latinus,

175 1784 422 1835 Columella,
466 1783 650 1834 Persius,
691 1782 867 1824 Ovidius
912 1783 955 1823 in
999 1783 1194 1824 distichis
1237 1786 1412 1837 praeter
1452 1783 1682 1837 epistulam

175 1852 365 1894 Helenae
393 1852 545 1908 [XVIL
577 1852 663 1906 97].
723 1865 802 1892 nec
826 1851 966 1892 minus
999 1851 1110 1893 idem
1141 1851 1339 1905 refugere
1370 1852 1519 1893 vitium
1551 1853 1684 1906 scrip-

175 1925 292 1963 tores
321 1921 485 1962 Aetnae
516 1924 560 1962 et
587 1919 764 1970 Culicis,
801 1920 964 1961 Seneca
994 1920 1036 1960 in
1068 1919 1264 1971 choricis,
1302 1920 1529 1962 Petronius
1561 1924 1684 1962 extra

174 1989 337 2031 bellum
367 1989 510 2039 civile,
543 1987 822 2041 Calpurnius,
860 1991 1059 2030 auctores
1091 1988 1293 2030 carminis
1325 1987 1379 2029 ad
1412 1988 1609 2030 Pisonem
1643 1993 1685 2030 et

176 2057 410 2111 elegiarum
452 2057 505 2098 de
535 2056 800 2098 Maecenatis
841 2056 986 2106 obitu,
1028 2056 1331 2107 Nemesianus,
1375 2056 1683 2108 Sammonicus,

174 2126 416 2176 Palladius,
448 2125 720 2176 Tiberianus,
754 2125 960 2176 Avianus,
993 2125 1220 2175 iuvencus,
1253 2125 1559 2176 Merobaudes,
1593 2125 1682 2166 Pri-

177 2195 360 2245 scianus,
392 2193 622 2247 Eugenius,
655 2194 865 2247 Corippus
895 2194 938 2234 in
970 2193 1244 2248 panegyrico,
1278 2193 1462 2247 denique
1491 2194 1563 2247 qui
1591 2207 1683 2234 car·

173 2263 289 2304 mina
320 2262 372 2304 de
402 2262 610 2316 phoenice
642 2275 693 2303 ac
724 2275 832 2303 nuce
864 2265 906 2303 et
933 2261 1085 2303 laudes
1110 2261 1309 2303 Herculis
1340 2265 1384 2303 et
1413 2261 1684 2315 pervigilium

174 2331 352 2372 Veneris
384 2334 728 2384 composuerunt.
770 2355 828 2360 -—
868 2343 998 2384 porro
1036 2334 1136 2372 sunt
1167 2330 1239 2383 qui
1270 2330 1490 2371 rarissime
1525 2334 1567 2371 et
1599 2330 1683 2383 pri-

175 2414 289 2441 mum
331 2400 465 2441 ferme
496 2399 613 2440 intra
645 2398 942 2440 choriambum
975 2402 1155 2440 utantur
1187 2398 1364 2440 elisione
1395 2412 1547 2440 vocum
1575 2399 1683 2439 iam·

173 2468 378 2509 bicarum.
443 2467 575 2509 semel
614 2471 766 2509 auctor
809 2467 1113 2508 consolationis
1155 2467 1209 2508 ad
1254 2467 1417 2509 Liviam
1461 2468 1584 2522 [375]
1624 2467 1684 2507 sic

167 2535 318 2588 ‘remla
355 2540 456 2578 deae
492 2536 690 2585 immitis',
733 2535 864 2577 semel
905 2534 1189 2577 Namatianus
1231 2536 1286 2590 [1,
1319 2537 1419 2591 328]
1464 2534 1566 2576 ‘sive
1607 2540 1684 2576 loci

174 2608 337 2656 inyem‘o
358 2618 431 2646 seu
453 2608 602 2646 domini
621 2601 784 2656 qe7zio’;
813 2603 878 2645 bis
900 2604 1113 2645 Iuvenalis
1147 2603 1200 2660 [5,
1227 2607 1329 2655 1733
1362 2608 1399 2655 6,
1422 2604 1520 2659 327]
1553 2608 1684 2657 atque

173 2673 275 2714 item
307 2674 349 2713 in
381 2673 535 2727 epyllio
568 2672 620 2713 de
651 2672 764 2714 bello
797 2671 909 2713 civili
930 2672 1157 2714 Petronius
1191 2672 1303 2728 [120‚
1335 2676 1411 2723 953
1449 2675 1541 2722 124,
1571 2672 1683 2728 271].

172 2741 235 2782 ita
265 2741 397 2782 semel
420 2745 485 2782 est
505 2741 548 2781 in
568 2741 679 2782 libro
703 2741 983 2794 Priapeorum
1007 2741 1246 2794 exemplum
1270 2740 1356 2782 tale
1378 2741 1463 2795 [83‚
1486 2740 1526 2794 1]
1569 2738 1684 2781 ‘vere

174 2823 283 2857 rosa,
320 2817 509 2850 aaectunmo
532 2806 704 2860 pomis’,
745 2808 818 2849 ubi
849 2808 1150 2850 Lachmannus
1193 2808 1338 2860 ‘pomis
1369 2805 1599 2857 autumno',
1642 2812 1685 2849 et

176 2877 292 2933 apud
324 2877 544 2919 Sedulium
575 2878 628 2933 [c.
659 2892 698 2931 p.
727 2878 758 2929 I,
791 2878 856 2933 9]:
887 2885 1000 2918 stare
1033 2881 1154 2918 choro
1187 2886 1236 2919 el.
