1898 3292
217 223 295 259 232
819 232 936 255 LIBER
958 232 1131 256 TERTIVS.

217 333 343 374 semel
398 337 540 374 tamen
587 334 869 375 Terentianus
923 334 1118 387 neglecta
1169 348 1350 375 caesura
1399 334 1549 389 [2707]
1601 334 1727 376 ‘lamec

218 407 324 444 dccci
362 407 584 443 tetracolon
621 406 797 444 vocitans
835 401 1068 454 strophen'.
1131 417 1260 457 porro
1305 404 1347 443 in
1389 403 1551 444 maiore
1593 404 1726 445 ascle-

216 471 371 525 piadeo
405 485 499 512 cum
533 471 726 524 legitima
759 475 926 513 constet
955 472 1106 513 incisio
1146 477 1245 526 post
1286 472 1519 513 secundum
1562 476 1604 513 et
1641 477 1725 513 ter-

216 541 323 581 tium
348 539 656 591 choriambum,
689 540 882 582 Catullus
913 540 966 594 [c.
987 540 1059 594 30]
1090 540 1133 580 id
1157 540 1388 593 aliquando
1411 540 1612 593 neglexit⁷
1645 555 1729 581 non

220 613 362 649 tamen
398 612 582 662 utroque
613 610 778 662 pariter
808 609 923 660 loco;
957 612 1087 661 atque
1118 609 1181 649 ita
1213 608 1344 649 semel
1365 608 1625 650 Prudentius
1647 609 1729 649 hoc

218 692 344 718 versu
375 676 529 732 [praef.
554 677 597 731 6]
642 675 762 727 ‘quid
791 691 862 717 nos
893 681 990 718 utile
1022 681 1123 717 {anti
1153 680 1284 727 spatio
1307 681 1498 727 temporis
1521 675 1724 728 aqimus?

218 760 451 799 numquam
475 745 611 786 simile
634 745 845 786 admisere
868 745 1075 786 Horatius
1098 749 1140 786 et
1157 745 1441 786 Terentianus
1464 746 1730 800 [2714sqq.].

333 814 468 855 Porro
512 814 555 854 in
599 818 736 855 metro
789 814 995 868 sapphico
1044 813 1406 868 hendecasyllabo
1457 828 1541 855 non
1589 819 1732 868 potest

220 883 410 924 dubitari
458 882 651 924 Catullus
704 882 806 935 quin
858 882 1030 924 easdem
1079 882 1296 923 affectarit
1340 883 1556 924 incidendi
1601 883 1730 936 leges,

220 966 327 1005 quas
367 955 520 1005 postea
560 951 703 992 sanxit
735 951 955 992 Horatius.
1016 965 1114 992 nam
1160 966 1181 992 e
1221 947 1416 993 versibus
1458 952 1637 1005 triginta
1666 967 1731 993 re-

218 1021 445 1074 periuntur
476 1024 564 1061 tres
593 1033 677 1060 non
710 1020 912 1073 amplius,
957 1020 1112 1073 quibus
1156 1034 1241 1061 non
1282 1024 1380 1074 post
1419 1020 1629 1075 syllabam
1658 1025 1733 1061 aut

220 1090 411 1143 quintam
459 1092 534 1129 aut
576 1093 742 1129 sextam
783 1088 960 1129 finiatur
1000 1088 1190 1130 verbum.
1252 1089 1295 1129 hi
1337 1102 1437 1130 vero
1485 1093 1584 1130 sunt
1624 1089 1733 1130 tales

220 1159 376 1213 [11‚G;
410 1161 451 1209 73
486 1158 556 1212 11]
602 1156 692 1198 ‘sela
725 1160 852 1198 Sacas
885 1161 1222 1209 .s‘aqe'ltiferosque
1254 1156 1471 1207 Parthos}
1513 1156 1616 1199 ‘sive
1654 1173 1734 1209 qua

220 1230 556 1278 seplemqemitms
597 1224 795 1276 colorat}
840 1225 1060 1267 ‘Gallicum
1092 1230 1299 1275 Rhenum,
1342 1230 1539 1268 horribile
1580 1242 1734 1278 aequor

223 1300 458 1346 ultimosque
488 1294 746 1337 Britannos'.
810 1309 920 1348 quae
961 1294 1158 1348 exempla
1201 1309 1226 1336 a
1265 1292 1509 1337 nominibus
1548 1296 1735 1350 propriis

222 1365 308 1405 sive
331 1364 471 1405 verbis
494 1364 774 1418 polysyllabis
795 1363 937 1405 medio
968 1378 1146 1405 numero
1177 1364 1330 1417 positis
1363 1364 1525 1405 habere
1557 1378 1734 1405 excusa-

222 1434 382 1474 tionem
420 1447 472 1473 ne
516 1446 674 1486 pueros
716 1433 888 1486 quidem
932 1432 1102 1485 fugerit.
1164 1433 1249 1473 iam
1284 1432 1512 1474 Horatium
1545 1436 1735 1474 notumst

221 1502 449 1542 incisiones
498 1501 594 1542 illas
647 1501 875 1554 digessisse
925 1501 1007 1552 ita,
1063 1504 1111 1542 ut
1160 1501 1304 1554 potior
1356 1505 1468 1542 esset
1519 1501 1644 1555 longe
1692 1502 1735 1542 in

222 1570 439 1624 prioribus
471 1569 593 1611 libris
625 1570 769 1611 virilis.
833 1574 878 1611 at
908 1570 951 1610 in
983 1573 1138 1623 quarto
1169 1584 1265 1610 cum
1300 1570 1489 1611 carmine
1522 1570 1736 1611 saeculari

223 1639 405 1679 invaluit
436 1638 671 1689 muliebris,
708 1638 824 1679 haud
857 1652 959 1679 sane
990 1638 1053 1678 ita
1083 1642 1131 1679 ut
1163 1637 1437 1691 praevaleret
1467 1653 1558 1680 usu.
1622 1638 1736 1692 quod

225 1707 397 1761 quidem
432 1707 651 1757 mirumst,
695 1721 790 1747 cum
834 1706 1024 1759 alioquin
1065 1707 1215 1748 ultimo
1256 1707 1487 1761 lyricorum
1524 1707 1736 1748 volumine

223 1775 355 1817 veluti
385 1776 429 1816 in
462 1775 663 1816 anacrusi
697 1775 849 1816 alcaici
882 1789 956 1816 seu
998 1775 1114 1816 circa
1149 1775 1368 1816 elisionem
1397 1775 1632 1817 intenderit
1661 1790 1736 1830 po-

223 1845 308 1885 tius
342 1847 478 1885 artem
512 1858 640 1897 quam
672 1844 898 1885 remiserit.
950 1843 1025 1885 sed
1056 1844 1167 1885 enim
1198 1844 1473 1897 insequentes
1495 1848 1619 1885 tanta
1643 1858 1736 1887 eum

225 1913 469 1954 constantia
514 1916 741 1954 servarunt
783 1912 1033 1954 incisionem
1074 1913 1206 1954 tertia
1248 1913 1335 1954 arsi
1376 1913 1644 1964 conclusam,
1689 1917 1738 1954 ut

224 1981 416 2032 illorum,
460 1995 567 2034 quos
610 1981 732 2022 initio
772 1981 914 2035 operis
950 1981 1172 2032 enarravi,
1215 1980 1360 2032 libris,
1404 1981 1559 2034 quibus
1602 1982 1737 2023 addas

224 2049 414 2091 Phocam
447 2049 625 2104 [anthol.
659 2053 736 2091 671
773 2050 837 2091 ed.
873 2050 941 2104 R]
975 2053 1016 2090 et
1053 2053 1252 2091 auctores
1293 2050 1548 2104 hymnorum
1593 2051 1737 2104 priore

225 2118 416 2159 Danielis
457 2118 671 2160 volumine
715 2118 953 2159 extantium
997 2119 1091 2172 [963
1128 2122 1227 2170 1463
1262 2122 1363 2170 1473
1400 2119 1516 2173 163]‚
1559 2119 1738 2170 duobus,

225 2201 309 2227 non
351 2187 544 2240 saepius,
585 2187 785 2228 'versibus
830 2187 898 2227 lex
944 2187 1208 2240 neglegatur.
1281 2201 1463 2240 quorum
1508 2187 1628 2241 prior
1676 2191 1740 2229 est

229 2256 402 2296 Ausonii
438 2255 506 2296 hic
538 2255 722 2310 [ephem.
758 2260 791 2305 1,
826 2256 918 2310 23]:

570 2340 729 2375 Lesbiae
756 2341 900 2385 depelle
926 2341 1075 2375 modum
1101 2341 1252 2385 quietis;

228 2416 338 2456 alter
368 2415 545 2456 Luxorii
577 2416 691 2470 [306‚
722 2416 788 2470 8]:

572 2495 704 2539 dignus
729 2496 827 2529 inter
853 2496 1113 2540 grammaticos
1139 2496 1273 2530 vocari.

228 2564 383 2605 tertius
416 2564 606 2606 auctoris
638 2567 704 2605 est
739 2564 911 2614 incerti,
951 2564 1072 2606 cuius
1101 2564 1366 2618 epitaphium
1400 2565 1604 2619 Hesychii
1636 2564 1741 2605 satis

229 2633 335 2674 rude
365 2636 407 2674 et
429 2635 599 2685 agreste
620 2632 779 2685 legitur
800 2633 842 2673 in
866 2632 1104 2686 appendice
1127 2633 1240 2673 Aviti
1263 2633 1506 2687 Peiperiani
1539 2635 1624 2688 [10‚
1649 2634 1740 2687 21]:

574 2735 682 2767 quem
707 2734 812 2757 soror
838 2723 1016 2758 Marcella
1043 2736 1194 2768 gemens
1221 2724 1352 2758 obisse.

230 2809 273 2845 et
301 2804 368 2844 his
401 2804 573 2857 quidem
604 2805 647 2844 in
678 2804 826 2844 metris
859 2804 1055 2845 omnibus
1083 2804 1256 2845 nomina
1279 2804 1447 2845 Graeca
1469 2805 1533 2845 vel
1565 2805 1742 2858 propria

230 2873 348 2914 vides
388 2873 542 2926 posita.
595 2898 649 2903 —
698 2876 928 2927 praeterea
970 2872 1188 2926 dignumst
1228 2873 1435 2913 memoria
1473 2872 1527 2913 ab
1559 2872 1740 2913 Horatio

231 2942 283 2996 [c.
315 2941 346 2992 Ι,
381 2942 424 2996 8]
460 2942 587 2983 etiam
618 2942 662 2984 in
694 2941 900 2996 sapphico
933 2942 1114 2992 maiore,
1147 2955 1272 2994 quem
1305 2941 1413 2981 falso
1445 2945 1608 2990 vocant7
1645 2944 1742 2994 post
