1898 3292
265 167 338 202 ls‘)
838 174 957 197 LIBER
976 173 1185 197 snevxnvs.

259 301 313 304 —
336 278 454 315 tenet
479 275 666 315 Danielis
689 275 900 315 volumine
924 275 1065 328 priore
1089 274 1228 315 locum
1250 274 1686 326 undenonagesimum
1712 300 1765 304 -—

259 343 492 384 admissum
525 342 566 383 in
598 342 784 383 medium
816 342 951 383 habes
983 343 1235 383 trochaeum
1267 356 1393 383 versu
1422 342 1503 383 hoc
1537 343 1622 397 [7]:

670 425 834 467 gestaret
858 422 940 456 aula
965 422 1097 456 nobilis
1122 422 1262 456 intimo.

258 492 406 543 itaque
451 490 657 531 Boethius
708 491 751 531 in
803 494 939 531 metro
991 490 1067 531 tali
1119 489 1377 541 ‘mer-yatque
1421 504 1538 531 seras
1590 503 1768 540 aequore

253 556 458 611 flammas’
504 572 586 599 non
619 558 714 600 dest
745 559 833 613 [1V‚
868 564 903 608 5,
939 561 986 610 23
1019 562 1094 610 203
1124 558 1180 599 ib.
1214 559 1279 613 6]‚
1321 557 1395 599 ubi
1438 561 1481 599 et
1511 557 1694 612 primam
1727 561 1769 599 et

259 627 453 680 quintam
484 627 730 680 permiserit
761 641 853 668 esse
884 627 1057 668 brevem
1090 627 1311 681 syllabam.

373 696 464 736 Iam
495 695 538 736 in
573 695 722 736 metris
764 695 846 745 eis,
888 709 998 748 quae
1042 709 1093 736 ex
1133 695 1312 737 diversis
1344 695 1532 736 numeris
1563 694 1605 735 in
1637 709 1766 735 unum

260 764 449 805 confusis
479 763 615 804 mixta
647 767 867 814 constant,
910 764 975 805 vel
1012 763 1152 805 thesin
1182 763 1360 817 spondei
1392 763 1458 804 vel
1490 764 1606 805 arsin
1636 764 1768 805 iambi

260 847 334 874 seu
362 831 557 873 trochaei
580 831 737 873 resolvi
761 831 827 873 vel
849 831 1009 887 dactyli
1032 832 1228 873 contrahi
1250 836 1417 886 partem
1440 831 1621 873 alteram
1642 832 1769 886 plane

260 915 355 942 cum
394 901 449 942 sit
490 900 691 951 vetitum,
741 904 925 954 apparet
962 914 1047 942 non
1082 892 1522 954 potuisse‘committi
1563 901 1648 942 ista
1688 901 1768 942 nisi

259 973 335 1010 aut
366 969 612 1022 ignorantia
642 968 859 1010 hominum
895 969 1185 1020 indoctorum,
1229 969 1348 1010 cuius
1390 968 1524 1010 habes
1562 969 1768 1023 pleraque

259 1038 456 1091 exempla
489 1037 532 1078 in
563 1036 722 1078 tabulis
755 1051 806 1078 ac
837 1037 1055 1091 lapidibus
1087 1037 1266 1079 vetustis
1297 1037 1451 1088 incisa,
1491 1041 1566 1079 aut
1596 1052 1767 1091 perver-

259 1107 387 1147 sitate
420 1106 657 1156 doctorum,
690 1105 790 1147 dum
822 1106 1086 1160 professoria
1118 1106 1332 1160 sapientia
1363 1106 1428 1147 usi
1451 1106 1656 1160 simplicis
1685 1106 1768 1148 ele-

259 1175 432 1228 gantiae
477 1174 594 1227 leges
638 1174 858 1228 epiplocae
910 1174 1146 1228 praestigio
1193 1174 1434 1215 destruunt.
1505 1175 1611 1215 talia
1652 1175 1766 1229 apud

259 1244 475 1284 Romanos
517 1243 622 1284 vitia
653 1246 809 1296 quarto
841 1243 1111 1297 potissimum
1144 1243 1380 1296 quintoque
1410 1257 1449 1296 p.
1481 1243 1576 1284 Chr.
1606 1258 1644 1284 n.
1677 1257 1767 1284 sae-

259 1311 354 1352 culo
397 1315 640 1352 evenerunt.
712 1311 860 1365 itaque
903 1325 998 1352 cum
1044 1311 1239 1365 plerique
1281 1311 1588 1352 adseverarent
1629 1325 1768 1365 gram-

259 1379 405 1421 matici
450 1394 619 1421 versum
662 1379 981 1434 asclepiadeum
1022 1380 1230 1421 minorem
1265 1384 1405 1421 ortum
1437 1394 1528 1421 esse
1561 1380 1769 1422 demendo

258 1451 530 1502 pentametro
562 1448 758 1489 ultimam
791 1448 1013 1503 syllabam,
1046 1449 1119 1502 qui
1150 1449 1312 1503 poterit
1333 1462 1425 1490 esse
1458 1449 1626 1499 mirum⁷
1656 1449 1769 1503 quod

259 1517 500 1558 Martianus
551 1517 740 1559 eiusdem
792 1517 968 1558 resolvit
1019 1517 1251 1571 aliquando
1302 1517 1538 1571 spondeum
1584 1517 1768 1571 primum

259 1586 330 1640 [cf.
364 1589 429 1637 25,
460 1589 532 1637 313
566 1589 631 1636 26,
664 1590 712 1638 43
746 1589 768 1626 5
802 1586 865 1626 ed.
889 1586 1126 1640 Eyssenh.].
1189 1589 1339 1627 contra
1370 1585 1578 1627 falluntur
1610 1586 1683 1639 qui
1715 1586 1768 1627 si-

262 1654 351 1695 mili
393 1653 627 1695 Luxorium
668 1668 792 1695 usum
834 1654 1009 1695 licentia
1054 1654 1356 1695 existimarunt
1401 1668 1527 1695 versu
1571 1654 1652 1696 hoc
1696 1653 1768 1696 ‘an

261 1725 423 1763 tabulae
452 1725 593 1763 melius
628 1726 818 1773 praemia
847 1730 971 1775 grata
1001 1720 1136 1764 sunt'.
1195 1723 1360 1776 placuit
1404 1722 1593 1764 adscribi
1628 1726 1767 1764 totum

262 1804 434 1831 carmen
467 1791 610 1845 [334],
641 1791 842 1844 quoniam
876 1791 1144 1845 quinquiens,
1177 1805 1261 1833 non
1293 1791 1443 1840 minus,
1475 1791 1767 1832 Burmannum

262 1862 305 1900 et
335 1858 544 1900 Meierum
585 1859 628 1900 in
669 1874 907 1914 paucorum
949 1874 1148 1902 versuum
1188 1859 1394 1914 opusculo
1426 1858 1578 1901 fefellit
1609 1873 1768 1901 verum.

260 1928 376 1969 venit
406 1932 552 1969 autem
584 1942 610 1969 a
641 1928 828 1970 Luxorio
859 1928 970 1970 tale:

583 2007 690 2051 ludis,
716 2019 784 2042 nec
810 2011 961 2053 superat
985 2008 1077 2042 alter
1103 2008 1148 2043 ad
1174 2008 1299 2052 aleam,

582 2076 650 2099 nec
676 2065 875 2109 quidquam
898 2065 935 2099 in
960 2065 1122 2100 tabulam
1148 2066 1211 2100 das
1236 2065 1305 2099 nisi
1329 2065 1518 2110 virginem,

583 2122 768 2167 spondens
793 2122 988 2157 blanditias
1015 2125 1052 2156 et
1078 2123 1197 2157 coitus
1221 2123 1338 2157 simul.

582 2180 654 2214 hoc
681 2192 747 2214 cur
772 2180 836 2214 das
861 2180 950 2224 aliis,
982 2180 1080 2225 quod
1105 2183 1254 2225 poteras
1279 2179 1372 2214 tibi?

583 2249 628 2270 an
655 2237 719 2271 tali
746 2237 876 2271 melius
902 2238 1064 2282 praemia
1088 2241 1194 2282 grata
1222 2237 1334 2272 sunt?

583 2296 647 2328 aut
670 2294 824 2338 prodest
848 2295 976 2328 vitium
1001 2295 1084 2338 tale,
1112 2294 1210 2339 quod
1239 2294 1441 2339 impetras?

583 2351 613 2384 si
637 2352 772 2395 vincas,
800 2362 868 2396 ego
895 2354 931 2386 te
955 2363 1028 2386 non
1054 2355 1145 2396 puto
1170 2352 1349 2396 virginem

583 2408 620 2441 in
645 2408 771 2442 luxum
797 2420 943 2452 cupere,
974 2409 1038 2443 sed
1063 2420 1169 2454 mage
1193 2409 1363 2443 vendere.

263 2480 307 2518 et
337 2477 539 2530 quoniam
571 2476 703 2517 semel
736 2476 791 2517 ad
823 2477 1039 2518 obscaena
1070 2491 1139 2519 res
1172 2477 1354 2528 devenit,
1386 2477 1525 2518 dicam
1557 2478 1600 2518 in
1634 2477 1771 2518 altero

263 2545 453 2586 auctoris
486 2544 676 2586 eiusdem
708 2545 828 2600 [319]
861 2546 1050 2587 carmine
1081 2560 1229 2587 versus
1261 2545 1434 2587 ultimos
1465 2546 1526 2587 sic
1555 2560 1646 2587 esse
1669 2546 1771 2587 scri-

261 2613 448 2655 bendos:

584 2671 613 2704 si
641 2670 730 2704 nihil
756 2682 844 2715 ergo
872 2672 980 2714 vales,
1005 2683 1098 2705 vana
1123 2683 1188 2705 cur
1212 2672 1342 2716 arrigis
1369 2683 1457 2716 orge

587 2730 624 2761 et
647 2727 736 2761 facis
761 2727 913 2772 ignavus
936 2729 1068 2762 mentis
1094 2728 1339 2763 adulterium?

264 2807 390 2860 vulgo
432 2807 618 2849 habetur
658 2821 784 2848 vacuo
818 2811 861 2848 et
899 2811 1083 2859 iynarus.
1145 2809 1188 2849 in
1220 2808 1375 2862 quibus
1406 2822 1505 2859 orye
1536 2808 1695 2848 dictast
1724 2811 1772 2848 ut

266 2875 381 2931 apud
411 2876 641 2918 Horatium
680 2890 769 2918 mea
809 2890 896 2918 cum
935 2880 1166 2929 conferbuit
1205 2881 1284 2918 ira.
1347 2876 1419 2918 sed
1462 2891 1513 2917 ne
1556 2877 1647 2918 sola
1688 2878 1772 2919 ista
