1898 3292
701 235 819 258 LIBER
838 235 1048 260 SECVNDVS.
1556 230 1633 267 149

238 338 496 387 Quartum
531 341 802 385 servatur,
835 343 891 377 ut
925 337 1162 391 spondeo
1196 338 1310 377 vice
1343 338 1505 378 iambi
1542 353 1633 379 seu

123 405 375 447 trochaei
416 405 598 459 posito
639 420 919 458 numquam
966 406 1145 460 possit
1175 406 1472 447 succedere
1506 421 1632 447 ana-

123 478 350 528 paestus
383 474 495 515 sive
536 473 792 527 dactylus
835 474 937 515 nisi
980 475 1031 514 in
1073 474 1262 514 ordine
1304 474 1461 527 plene
1501 476 1631 515 iam—

123 543 244 584 bico
290 542 372 583 vel
413 542 712 583 trochaico.
777 557 870 583 nec
909 557 1036 583 vero
1078 543 1127 583 in
1171 542 1273 583 tali
1312 545 1631 596 promiscue,

123 612 214 653 sed
246 610 386 652 artis
419 610 630 652 finibus
666 611 1127 664 circumscriptus
1161 611 1459 653 adhibetur
1490 613 1631 653 idem.

124 685 371 722 ceterum
413 680 576 733 plane
610 680 689 720 sic
727 680 874 720 utin
917 679 1201 734 dactylico
1243 695 1465 721 numero
1510 695 1630 721 eve-

122 751 223 800 nit,
270 752 348 798 ut,
397 762 499 801 quo
547 748 772 789 brevius
819 748 893 788 sit
940 752 1166 789 metrum
1213 749 1503 790 iambicum
1549 749 1631 790 vel

122 817 486 868 trochaicum,
535 831 592 858 eo
638 816 955 858 difficilius
1002 817 1379 859 admittantur
1426 818 1631 859 formae

122 888 348 929 alienae.

236 955 490 1006 Quintum
537 954 757 1008 optinet
800 960 854 995 ut
897 955 948 995 in
991 969 1245 996 versuum
1292 954 1402 996 fine
1445 955 1630 996 ultimi

121 1030 234 1066 tres
273 1023 579 1077 semipedes
621 1023 987 1076 principalem
1029 1024 1420 1077 propriumque
1452 1023 1631 1077 rigide

122 1095 450 1135 conservent
482 1105 767 1132 numerum.
831 1107 984 1144 quam
1027 1092 1088 1132 ad
1129 1092 1298 1146 legem
1342 1092 1628 1133 iuvandam

121 1176 346 1203 necnon
380 1159 442 1201 ob
477 1164 679 1200 certam
711 1160 979 1201 rationem
1013 1161 1271 1201 musicam
1304 1161 1496 1201 ultima
1528 1176 1629 1201 me-

120 1231 192 1272 tri
225 1229 442 1285 syllaba
471 1243 565 1282 pro
602 1229 864 1269 communi
897 1228 1133 1270 liabetur
1173 1234 1222 1270 et
1260 1229 1629 1279 indifferenti,

120 1314 290 1352 nequo
336 1298 522 1338 hiatus
569 1297 855 1350 defugitur
901 1298 951 1338 in
999 1312 1058 1339 ea
1105 1302 1367 1351 sequente
1410 1298 1459 1338 111
1502 1313 1627 1352 11111ς

119 1368 260 1409 ximo
299 1381 462 1407 versu
501 1366 695 1407 vocali.
755 1370 1053 1419 utrumque
1099 1371 1279 1407 tamen
1322 1367 1564 1407 alienum
1605 1382 1629 1407 a

119 1436 372 1478 versibus
405 1435 671 1490 synaphia
701 1435 919 1475 iunctis.

234 1504 482 1546 Ceterum
524 1503 692 1557 magis
733 1517 914 1544 amare
952 1508 1145 1557 poetas
1177 1504 1418 1545 Graecos
1451 1507 1501 1544 et
1533 1504 1628 1545 La-

120 1574 272 1615 tinos
315 1572 589 1614 concludi
632 1577 872 1613 metrum
915 1572 1003 1613 vel
1043 1572 1218 1625 longa
1261 1572 1495 1626 syllaba
1541 1574 1627 1613 vel

119 1642 273 1684 brevi
316 1642 440 1692 tali,
483 1656 618 1695 quae
661 1642 1061 1682 terminaretur
1103 1655 1360 1692 consona,
1402 1645 1627 1682 notave-

119 1715 244 1752 runt
279 1704 544 1765 pleriquess
607 1714 771 1763 atque
811 1710 935 1751 hinc
979 1710 1118 1751 haud
1162 1724 1355 1764 pauca,
1399 1724 1534 1764 quae
1576 1710 1627 1750 in

119 1780 238 1821 fine
288 1794 492 1821 versus
550 1784 919 1820 memorantur
971 1784 1026 1820 ut
1078 1793 1103 1820 a
1154 1778 1323 1820 solita
1380 1778 1627 1820 dictione

120 1848 321 1899 aliena,
362 1852 591 1902 possunt
628 1848 916 1901 explicari.

234 1917 380 1969 Quod
413 1932 524 1958 cum
557 1917 635 1957 ita
677 1917 768 1967 sit,
810 1916 1002 1958 dubito
1048 1916 1389 1970 plerumque,
1434 1931 1495 1957 an
1534 1931 1626 1970 po-

118 1987 228 2028 tius
259 1987 338 2027 ita
365 1986 450 2027 lex
483 1986 556 2027 sit
583 1985 682 2026 illa
714 1985 1018 2034 formanda,
1050 1990 1106 2026 ut
1138 1985 1381 2026 dicamus
1413 1985 1625 2026 brevem

119 2055 389 2110 syllabam
416 2055 467 2096 in
499 2054 609 2095 fine
641 2068 830 2095 versus
861 2053 1166 2095 cuiuslibet
1197 2053 1442 2104 extendi,
1473 2054 1626 2095 cuius

119 2124 199 2165 rei
236 2137 410 2165 causa
449 2123 585 2164 libri
626 2122 703 2163 III
745 2123 907 2164 initio
950 2123 1257 2176 aperietur,
1298 2127 1627 2176 veteresque

119 2193 282 2233 etiam
325 2192 422 2243 ibi,
470 2191 560 2233 ubi
606 2192 801 2232 ultima
847 2191 989 2232 haud
1032 2191 1196 2232 dubie
1241 2195 1472 2245 propter
1518 2192 1626 2232 ori-

119 2261 294 2315 ginem
336 2261 495 2302 metri
540 2265 685 2302 esset
728 2260 1104 2315 corripienda,
1148 2260 1431 2302 censuisse
1463 2260 1628 2313 longa

119 2344 251 2384 opus
296 2344 412 2371 esse
453 2329 616 2370 finali
661 2331 814 2382 (quae
855 2344 940 2371 res
982 2333 1032 2370 et
1063 2329 1402 2370 hexametris
1432 2329 1626 2383 hyper—

118 2399 308 2440 metris
342 2409 392 2439 et
424 2398 552 2439 aliis
586 2398 977 2451 comprobatur
1009 2398 1388 2452 argumentis),
1427 2398 1626 2451 quippe

119 2467 261 2520 quod
314 2471 654 2520 congrueret
702 2467 855 2508 vocis
908 2467 1233 2508 interstitio
1284 2470 1410 2520 post
1460 2465 1625 2506 finem

117 2550 306 2577 versus
346 2535 605 2588 legitimo.

232 2604 369 2657 Igitur
414 2604 457 2644 in
507 2604 678 2645 heroico
723 2617 849 2644 versu
891 2603 956 2644 vel
994 2603 1140 2657 pueris
1183 2606 1374 2644 notumst
1420 2603 1626 2656 optimam

119 2676 316 2714 constare
358 2673 568 2713 rationem
610 2686 884 2713 numerorum
926 2672 1071 2712 mixtis
1111 2671 1291 2726 dactylis
1333 2676 1375 2711 et
1414 2671 1625 2724 spondeis,

118 2755 197 2794 par
238 2746 284 2781 ut
320 2741 514 2793 utrisque
546 2740 672 2781 cedat
703 2755 905 2782 numerus
941 2739 1110 2794 pedum.
1172 2740 1312 2793 qualis
1345 2739 1379 2780 si
1411 2739 1626 2791 spernitur

119 2809 418 2862 aequabilitas,
448 2813 522 2850 aut
544 2809 707 2850 fractus
730 2809 854 2850 nimis
877 2814 920 2850 et
951 2809 1089 2850 mollis
1122 2813 1197 2849 aut
1229 2809 1360 2848 durus
1384 2811 1426 2847 et
1447 2811 1625 2847 onustus

120 2878 275 2918 existet
305 2877 509 2931 rythmus.
569 2881 632 2918 est
669 2882 825 2926 tamen,
859 2878 931 2918 ubi
961 2877 1076 2918 laudi
1111 2877 1237 2918 cedat
1269 2890 1345 2929 per
1376 2877 1623 2928 opportuni-

118 2949 274 2997 tatem,
322 2946 436 3000 quod
479 2946 646 2987 ratione
693 2945 900 3000 culpetur.
971 2945 1080 2987 tales
1125 2945 1261 2987 habes
1301 2943 1481 2986 facetias
1525 2948 1626 2985 noto
