1898 3292
264 225 346 263 424
855 232 976 256 LIBER
995 231 1174 263 QVINTVS.

265 339 307 376 et
340 334 510 388 prosod.
544 335 634 375 Lat.
666 348 732 388 pg.
767 338 859 387 37),
909 334 988 374 nisi
1033 333 1147 387 quod
1190 338 1307 384 nefas
1348 333 1650 375 indeclinabile
1694 348 1773 387 pro

263 403 484 458 pyrrichio
527 402 757 444 adhibetur
799 417 823 443 a
855 402 1034 443 Paulino
1068 401 1401 442 Petricordiensi
1447 402 1535 455 [vit.
1563 402 1687 443 Mart.
1721 403 1773 452 ΙΙ,

264 475 338 524 47;
369 471 441 522 ΙΙΙ,
465 475 541 523 45,
574 475 648 523 513
683 472 797 525 382]
859 474 902 511 et
932 472 994 511 ita
1017 470 1219 512 Claudius
1244 470 1389 511 Victor
1423 469 1571 525 [aleth.
1594 471 1623 521 Ι,
1648 472 1770 525 452];

516 550 580 584 sed
607 562 733 584 verum
761 550 861 584 nefas
888 553 944 584 est
970 550 1122 594 pavidos
1149 550 1317 584 fraudare
1343 550 1495 584 latebra.

264 623 415 660 contra
445 620 487 660 in
520 619 703 660 dimetro
735 618 939 659 Martiani
971 618 1049 659 tali
1083 618 1175 672 [VL
1208 622 1300 669 704,
1333 619 1398 673 6];
1432 623 1614 669 voluptas
1646 622 1775 670 inquit

264 691 393 730 anxia
433 691 508 729 aut
549 687 785 741 spondeum
827 687 1060 728 admissum
1103 686 1293 728 dicemus
1334 686 1429 728 loco
1471 687 1658 728 secundo
1701 691 1776 729 aut

263 757 407 811 potius
439 756 693 797 traiectione
725 756 791 796 usi
821 755 943 796 initio
966 769 1115 797 versus
1145 755 1451 797 collocabimus
1483 759 1623 807 inquit.
1677 770 1775 797 nam

264 829 307 866 et
336 826 398 866 ita
419 825 461 866 in
492 823 852 878 praecedentibus
887 824 949 878 [4]
982 823 1275 877 reponendum
1306 827 1516 875 numisque
1547 828 1658 865 lassa
1682 829 1774 875 pul-

264 897 404 935 chrior
444 906 522 947 pro
567 896 696 945 maffl‘s
729 897 847 943 quod.
909 892 1077 934 Probae
1109 896 1253 933 tamen
1297 892 1490 946 poetriae
1533 892 1775 934 condonan-

263 962 363 1003 dum
387 961 645 1016 dactylicum
677 964 860 1001 iusseras
894 960 1044 1017 [praef.
1065 960 1119 1017 5].
1171 964 1216 1002 at
1243 961 1578 1002 ne'Dracontius
1601 961 1775 1015 quidem

263 1031 435 1085 scripsit
466 1030 518 1072 de
551 1030 716 1071 Venere
749 1030 834 1084 [10,
870 1031 964 1084 53J:

515 1110 660 1153 blanda,
688 1112 830 1154 potens,
857 1109 965 1152 mitis,
992 1109 1160 1152 fecunda,
1187 1112 1358 1144 venustas
1384 1110 1538 1153 amoris3

264 1179 337 1220 ubi
383 1178 601 1220 verissime
643 1178 944 1220 Schenkelius:
992 1186 1172 1229 venusta,
1213 1182 1362 1220 Sicanis.
1435 1178 1509 1220 sed
1550 1184 1777 1232 praeterea

263 1247 555 1301 reponendum
596 1251 798 1298 sumenda.
847 1272 895 1276 —
940 1261 1024 1300 quo
1065 1247 1203 1288 minus
1248 1246 1399 1288 debuit
1443 1247 1620 1289 tolerari
1662 1249 1776 1303 apud

263 1317 493 1357 Iuvencum
536 1315 851 1357 accuratiorem
898 1315 1031 1357 multo
1077 1315 1413 1357 versificatorem
1460 1320 1643 1358 metrum
1690 1317 1777 1359 tale

266 1385 355 1439 [1V,
388 1386 511 1440 424]:

517 1465 629 1500 Iudas
656 1468 693 1500 et
718 1465 763 1499 ad
790 1476 964 1509 proceres
991 1464 1054 1499 tali
1083 1476 1163 1499 cum
1190 1476 1280 1499 voce
1306 1465 1489 1507 cucurrit,

264 1540 337 1583 ubi
366 1540 560 1582 traiectis
592 1539 733 1582 verbis
766 1554 873 1594 opus
900 1543 994 1581 erat
1025 1540 1109 1581 ita:

513 1620 627 1654 Iudas
654 1624 692 1654 et
717 1620 781 1654 tali
807 1620 852 1654 ad
878 1631 1053 1664 proceres
1081 1631 1164 1654 cum
1189 1630 1280 1654 voce
1307 1620 1482 1654 cucurrit.

263 1704 362 1731 nam
386 1692 428 1731 et
461 1688 564 1730 alibi
597 1688 712 1743 apud
744 1688 924 1730 eundem
946 1689 1101 1742 longae
1129 1689 1178 1729 fit
1208 1689 1251 1729 in
1282 1688 1610 1742 penthemimeri
1645 1690 1777 1741 elisio,

263 1762 312 1799 ut
341 1758 393 1808 II,
427 1761 529 1809 3953
563 1760 667 1809 4323
700 1757 769 1807 IV,
803 1760 896 1799 770.
958 1771 1010 1799 ne
1052 1757 1167 1811 apud
1202 1757 1372 1798 Avitum
1413 1757 1585 1811 quidem
1617 1761 1778 1800 temere

265 1826 511 1880 spreverim,
544 1826 659 1879 quod
681 1826 838 1879 legitur
871 1826 959 1880 [VI‚
982 1827 1084 1881 404]
1119 1827 1161 1866 in
1195 1840 1279 1867 uno
1313 1825 1458 1867 codice
1502 1825 1632 1877 ‘quod
1650 1830 1778 1868 Iudas

263 1898 516 1946 [ambasque
558 1899 714 1943 docent,
763 1898 871 1945 quod
901 1898 1047 1936 Petrus
1088 1902 1125 1936 et
1167 1899 1254 1945 ipse
1292 1898 1361 1945 qui
1399 1903 1616 1945 conspecla
1647 1901 1779 1947 refert

265 1967 370 2005 caele*
390 1970 551 2005 secreta
573 1960 817 2011 lohannes’,
849 1962 923 2004 ubi
946 1964 1100 2005 ceteri:
1130 1967 1239 2015 quod
1258 1967 1406 2004 Petrus
1428 1966 1680 2014 [ambasque
1711 1969 1778 2005 do-

264 2041 367 2080 cent,
398 2037 506 2083 quod
536 2035 675 2074 Iuda&
727 2046 866 2085 neque
889 2031 1138 2073 credibilest
1158 2035 1297 2073 Helias
1328 2031 1472 2086 potius
1511 2046 1639 2085 quam
1661 2035 1779 2074 Helia

263 2101 430 2142 venisse
462 2100 517 2141 ab
550 2100 738 2141 Ausonio
773 2101 816 2141 in
848 2100 964 2142 hisce
999 2100 1182 2155 [ephem.
1216 2114 1275 2141 or.
1308 2101 1404 2155 42]:

514 2180 643 2214 Helias
670 2184 708 2215 et
735 2181 852 2215 solido
880 2192 962 2215 cum
989 2190 1147 2225 corpore
1173 2181 1342 2224 praevius
1367 2180 1509 2223 Enoch,

264 2269 380 2297 cum*
404 2256 662 2309 praesertim
708 2256 927 2297 contraria
971 2256 1139 2297 ratione
1182 2254 1369 2309 probata
1413 2254 1778 2309 producantur-a

264 2324 480 2365 Martiano
516 2328 647 2365 Arcas
689 2324 746 2377 [1,
779 2327 845 2373 24,
882 2324 951 2378 13]
993 2327 1035 2365 et
1074 2328 1218 2375 heptas
1262 2323 1355 2377 [VI,
1388 2327 1481 2374 567,
1515 2325 1572 2378 9]
1633 2327 1777 2366 tamen

264 2395 393 2433 Melas
425 2406 450 2432 a
481 2392 702 2433 Prisciano
733 2392 908 2445 ponitur
938 2392 1208 2447 pyrrichiace
1243 2392 1466 2446 [perieges.
1490 2393 1605 2447 413}

378 2460 573 2514 Denique
613 2460 655 2501 in
699 2474 747 2500 en.
791 2460 857 2501 vel
897 2475 947 2501 on
983 2460 1155 2514 longam
1198 2460 1398 2502 exeuntia
1438 2460 1553 2514 apud
1586 2456 1776 2503 Graecos

264 2529 506 2570 communia
536 2528 751 2570 habentur
782 2529 944 2570 ultimis
974 2529 1254 2583 temporibus,
1285 2528 1406 2570 brevi
1436 2533 1484 2570 ut
1504 2529 1778 2571 inveniantur

264 2597 382 2639 finali
414 2601 580 2638 Alciden
618 2597 722 2651 [Sid.
755 2598 889 2651 praef.
921 2612 1074 2652 paneg.
1107 2599 1179 2639 Av.
1216 2598 1308 2652 11],
1351 2602 1512 2638 Ammon
1547 2598 1691 2652 [Mart.
1723 2598 1775 2649 ΙΙ,

267 2670 359 2717 192,
393 2667 486 2721 26],
519 2670 739 2708 chalcedon
775 2666 920 2721 [Prud.
952 2666 1169 2721 psychom.
1202 2667 1323 2721 857],
1357 2670 1523 2707 daemon
1559 2666 1704 2721 [Prud.
1742 2681 1775 2708 c.

264 2736 303 2777 S.
338 2735 390 2785 ΙΙ,
423 2738 525 2786 8893
559 2733 723 2775 Paulin.
758 2739 823 2786 35,
858 2736 947 2789 76],
980 2738 1260 2777 Lacedaemon
1294 2734 1441 2789 [Prud.
1474 2749 1506 2775 c.
1536 2735 1690 2790 Symm.
1723 2735 1775 2786 II,

264 2807 364 2855 2473
403 2803 545 2845 Sidon.
580 2817 731 2857 paneg.
769 2804 915 2844 Maior.
949 2805 1042 2859 44],
1086 2807 1271 2845 Marcion
1314 2803 1460 2857 [Prud.
1493 2804 1604 2845 ham.
1638 2804 1773 2857 praef.

265 2873 351 2926 36],
383 2875 517 2912 Simon
551 2872 688 2926 [Arat.
710 2886 747 2913 a.
771 2886 837 2925 ap.
859 2872 890 2921 I,
915 2874 1029 2927 630]
1060 2898 1116 2903 —
1146 2872 1248 2913 item
1284 2875 1449 2913 Tlmran
1483 2873 1773 2914 accusativum

264 2945 466 2997 correpta
499 2955 549 2982 an
583 2942 727 2995 posuit
758 2941 907 2983 Victor
943 2941 1089 2995 [aleth.
1122 2942 1193 2993 ΙΙΙ,
1228 2942 1341 2996 321]
