1898 3292
267 199 348 237 588
870 206 1108 232 opvscvnvm
1126 207 1177 231 rv.

266 310 413 351 fabula
467 312 667 350 contexta
726 324 776 350 ex
840 308 1036 351 omnibus
1100 310 1248 351 metris
1293 310 1542 351 Horatianis
1599 310 1777 365 [anthol.

265 379 338 419 lat.
373 382 452 419 732
487 378 549 418 ed.
588 377 661 434 a}
715 392 840 431 quem
883 382 1028 419 tamen
1060 379 1125 419 bis
1168 378 1317 418 fefellit
1359 380 1468 420 ratio
1501 379 1581 433 [VV.
1618 383 1688 430 193
1722 379 1778 433 7],

266 447 450 500 primum
482 447 525 487 in
556 447 706 487 ionicis
738 447 926 488 numeris
956 447 998 488 C.
1031 447 1103 497 III7
1139 450 1187 488 12
1219 447 1509 500 explicandis,
1552 447 1704 488 deinde
1736 449 1779 488 in

267 515 500 556 trochaicis
532 515 725 556 dimetris
756 515 806 565 II,
843 519 905 564 18,
938 515 1205 556 admittendo
1238 515 1474 569 spondeum
1507 516 1589 557 ita:

751 610 855 651 optat
880 606 915 639 in
943 606 1097 640 formam
1122 607 1237 641 bovis.

267 703 406 742 neque
438 688 644 729 Horatius
677 692 814 728 artem
844 701 965 728 suam
995 691 1199 740 agnoscet
1230 688 1272 728 in
1303 687 1385 729 hoc
1414 692 1551 730 metro
1581 688 1666 743 [9]:

750 782 786 813 et
812 778 1006 813 Proetidas
1033 779 1124 813 dicit
1149 780 1287 814 beatas.

383 860 540 901 Verum
577 859 763 899 omnium
788 858 993 899 aetatium
1019 859 1296 913 gentiumque
1318 859 1505 901 ludibria
1528 873 1578 900 ac
1601 860 1781 901 facetias

269 929 412 970 studio
464 942 654 981 curaque
707 927 927 980 superavit
976 927 1187 969 Publilius
1237 928 1497 982 Optatianus
1548 928 1780 982 PorfyriuS.

270 998 371 1038 Afer
403 997 548 1046 homo,
581 1000 629 1037 ut
659 1000 785 1050 putO,
829 995 1069 1049 dignusque
1103 996 1185 1037 hac
1216 998 1370 1050 patria.
1432 998 1468 1038 is
1500 997 1781 1039 Constantino

266 1067 506 1120 imperante
549 1065 788 1119 relegatus,
831 1079 914 1118 quo
948 1065 1113 1106 veniam
1158 1065 1414 1119 impetraret
1457 1079 1643 1119 poenae⁷
1687 1080 1782 1107 cum

267 1136 353 1176 iam
387 1138 487 1175 ante
516 1148 647 1175 novas
680 1135 769 1175 vias
802 1135 845 1174 in
879 1133 1140 1175 carminibus
1163 1137 1432 1188 temptasset,
1468 1134 1522 1175 ad
1544 1134 1784 1175 vicennalia

268 1204 382 1245 illius
423 1202 682 1244 celebranda
727 1202 861 1244 edidit
898 1202 1054 1243 librum
1088 1203 1435 1256 operosissimum
1484 1203 1784 1244 artificiosissi-

269 1286 471 1325 mumque
513 1276 555 1312 et·
598 1272 717 1313 cuius
754 1271 933 1312 similem
976 1272 1019 1312 in
1058 1271 1214 1313 litteris
1254 1286 1336 1313 non
1368 1272 1543 1313 habeas.
1606 1286 1690 1325 quo
1730 1272 1785 1313 ad

272 1341 599 1383 Constant-inum
631 1341 759 1381 misso
792 1340 947 1381 meruit
980 1340 1034 1381 ab
1068 1340 1194 1381 exilio
1227 1342 1433 1381 revocari.

384 1410 473 1450 Iam
515 1410 548 1450 si
585 1423 789 1463 perversa
829 1409 1060 1450 admodum
1101 1409 1375 1450 callidissime
1408 1413 1609 1451 executos
1641 1409 1785 1462 aliqua

269 1494 360 1520 esse
404 1478 532 1520 laude
576 1478 726 1531 dignos
770 1477 1045 1532 putabimus,
1098 1491 1182 1519 non
1224 1478 1346 1519 decet
1388 1478 1572 1532 Porfyrii
1615 1478 1784 1519 silentio

270 1547 501 1601 praeteriri
544 1547 762 1601 opuscula.
824 1561 921 1588 nam
964 1551 1011 1587 ut
1052 1560 1134 1587 non
1179 1547 1239 1588 ita
1283 1547 1427 1600 magni
1469 1551 1568 1588 sunt
1608 1547 1785 1601 spiritus

269 1616 463 1669 adeoque
505 1616 757 1657 intermixta
797 1615 914 1656 haud
958 1629 1058 1656 raro
1103 1616 1168 1656 vel
1210 1616 1366 1669 ineptis
1398 1616 1463 1657 vel
1508 1615 1703 1657 obscuris
1745 1620 1787 1656 et

271 1684 434 1738 Oedipo
467 1685 654 1738 quodam
695 1684 851 1738 dignis,
891 1684 952 1725 ita
991 1684 1118 1738 plura
1157 1685 1200 1725 in
1243 1685 1303 1726 eis
1346 1698 1421 1726 suo
1464 1684 1601 1725 nitent
1630 1684 1785 1726 decore

270 1758 545 1808 aequantque
576 1754 642 1794 vel
683 1757 890 1807 superant
931 1753 1040 1794 adeo
1082 1753 1364 1807 plurimorum
1402 1753 1638 1794 carminum
1670 1753 1787 1794 Lati-

270 1837 420 1864 norum
464 1822 818 1864 mediocritatem.
878 1836 1139 1875 quamquam
1182 1822 1252 1863 hic
1293 1822 1381 1862 illic
1423 1821 1678 1863 difficultate
1722 1823 1784 1863 in-

270 1892 382 1945 cepti
425 1892 562 1933 victus
606 1891 778 1932 admisit
812 1891 855 1931 in
888 1895 982 1932 arte
1021 1891 1202 1932 metrica
1236 1904 1304 1941 ea,
1345 1904 1455 1944 quae
1489 1905 1513 1931 3
1545 1895 1787 1932 ceterorum

269 1960 440 2014 placitis
484 1961 569 2001 sint
617 1960 768 2001 aliena.
850 1973 901 2001 ex
949 1959 1104 2012 quibus
1145 1960 1359 2013 quaedam
1407 1962 1448 2000 in
1493 1959 1787 2013 superioribus

269 2029 390 2070 libris
429 2030 694 2079 notavimus,
738 2029 823 2070 alia
865 2028 1179 2082 praeteriimus,
1223 2028 1274 2070 de
1314 2028 1470 2082 quibus
1510 2029 1554 2069 in
1600 2028 1786 2070 editione

271 2102 419 2139 nostra
451 2098 612 2139 dictum
645 2113 674 2139 s.
707 2097 733 2138 l.
757 2095 984 2139 ‘metrica'
1021 2111 1088 2151 pg.
1124 2101 1187 2138 75.
1221 2122 1275 2127 —
1307 2111 1416 2150 quae
1458 2112 1553 2138 cum
1585 2098 1647 2138 ita
1688 2097 1785 2148 sint,

271 2167 420 2208 dubito
452 2167 724 2221 plerumque,
767 2180 821 2208 311
861 2166 998 2219 magis
1041 2165 1333 2207 excusandum
1365 2165 1607 2220 Porfyrium
1641 2166 1787 2207 existi-

271 2250 433 2277 memus
465 2250 593 2289 quam
616 2235 843 2286 Nasonem,
876 2249 971 2276 cum
1003 2235 1073 2276 hic
1103 2234 1218 2276 exilii
1247 2235 1548 2288 desperatione
1577 2235 1787 2276 lectorum

272 2305 449 2354 animos,
481 2304 551 2346 ille
582 2304 728 2346 oculos
759 2304 968 2357 fatigarit.

384 2374 536 2414 Insunt
568 2377 712 2414 autem
746 2373 789 2413 in
819 2373 1031 2426 poematis
1063 2372 1153 2413 eius
1186 2386 1296 2425 quae
1327 2386 1379 2413 ne
1410 2372 1578 2413 Graeca
1612 2371 1784 2425 quidem

271 2442 480 2483 facilitate
513 2442 684 2495 assequi
717 2441 848 2482 liceat
885 2441 1084 2482 ludibria.
1147 2454 1327 2494 quorum
1361 2441 1526 2495 placuit
1562 2440 1787 2494 potissima

272 2511 527 2565 perlustrari
560 2515 601 2552 et
632 2511 675 2551 in
706 2510 787 2552 hoc
815 2510 941 2551 finem
971 2510 1064 2551 fieri
1097 2510 1249 2562 operis.
1312 2514 1469 2559 cetera,
1503 2510 1570 2550 cui
1600 2508 1786 2558 libuerit,

271 2579 396 2621 facile
428 2579 666 2633 deprendet
697 2579 739 2619 in
772 2579 958 2620 editione
1001 2582 1149 2620 nostra
1182 2579 1287 2619 satis
1321 2579 1488 2619 curiose
1519 2592 1569 2618 ac
1601 2576 1787 2618 dilucide

272 2662 477 2702 expressa
516 2648 728 2701 simulque
771 2647 999 2688 emendata
1032 2651 1075 2688 et
1106 2647 1343 2700 explicata,
1383 2650 1590 2699 quantum
1629 2644 1788 2686 licebat

272 2717 314 2758 in
350 2720 473 2757 tanta
504 2731 647 2758 rerum
679 2716 947 2757 difficultate.

387 2787 448 2826 Ac
478 2786 662 2839 primum
703 2784 875 2838 quidem
917 2785 1159 2825 litterarum
1206 2783 1490 2824 multiformes
1537 2785 1788 2835 comparent

271 2854 402 2895 lusus.
464 2858 530 2895 est
571 2868 743 2894 carmen
776 2853 890 2906 quod
923 2867 1047 2893 arae.
1091 2857 1155 2893 est
1197 2851 1310 2905 quod
1354 2851 1524 2892 fistulae
1564 2851 1630 2891 vel
1672 2849 1786 2903 quod

273 2923 423 2977 organi
445 2926 742 2976 repraesentet
764 2922 951 2976 speciem
981 2920 1070 2977 [263
1103 2924 1174 2973 273
1209 2921 1295 2975 20],
1327 2920 1476 2974 quales
1511 2920 1639 2961 etiam
1672 2917 1786 2972 apud
