1898 3292
759 234 1036 260 PROHOEMIVM.
1598 230 1620 268 2
1627 230 1649 268 3

145 350 222 390 pro
253 336 530 389 ineptissimis
561 336 644 377 illis
675 334 731 377 ‘ec
762 340 881 377 rudis
913 335 972 377 ἐπ’
1016 341 1132 378 recte
1163 339 1443 391 repositumst
1474 353 1499 379 a
1527 340 1650 380 nobis

138 404 295 447 ‘erudit
325 401 410 445 (ἐπ’.
472 417 570 444 nam
608 418 702 445 cum
734 404 877 446 Culice
909 405 970 446 sic
1001 408 1042 446 et
1074 405 1158 446 Ciri
1189 405 1358 447 dicatur
1389 407 1649 460 praelusisse

146 472 323 515 Aeneidi
353 471 584 525 Vergilius,
617 473 755 513 Aetna
787 472 1026 526 Georgicis,
1068 473 1173 514 nihil
1205 477 1324 515 extat
1354 474 1397 515 in
1430 474 1648 529 farragine

143 544 247 593 ista,
293 540 408 594 quod
454 539 509 581 ad
554 540 758 582 Bucolica
803 533 967 583 referre
1012 542 1174 596 possis,
1226 542 1308 584 nisi
1352 543 1387 584 si
1433 542 1647 585 Moretum

144 609 375 665 significari
409 608 732 650 existimaveris.

255 678 345 719 Iam
388 676 574 718 Culicem
612 676 678 718 vel
718 676 919 718 metricas
962 681 1141 732 propter
1185 691 1338 720 causas
1380 682 1422 720 et
1463 680 1647 722 maxime

143 746 311 789 dicendi
352 745 540 787 rationes
578 759 603 786 a
633 745 820 798 Vergilio
852 746 1038 788 alienum
1066 746 1234 800 pridem
1264 748 1472 789 monitum
1512 748 1646 790 nobis.

142 830 168 857 a
208 829 292 869 quo
337 814 417 856 etsi
455 813 560 854 satis
600 816 769 854 constat
811 817 853 855 et
892 814 985 868 ipso
1027 815 1212 869 epyllion
1254 815 1306 856 de
1346 816 1489 857 Culice
1533 831 1646 858 com-

142 880 339 938 positum,
371 883 452 923 hoc
481 881 644 935 perisse
675 881 1060 924 existimandumst.
1110 883 1218 925 Ciris
1250 884 1330 925 etsi
1353 885 1422 926 vix
1443 885 1560 926 aliud
1583 889 1648 927 est

141 953 221 994 nisi
253 954 376 993 cento
408 964 430 992 e
462 950 629 991 Catullo
661 954 704 991 et
734 950 919 1003 Vergilio
952 951 1243 1003 concinnatus,
1286 948 1431 994 tamen
1475 954 1645 1007 egregie

141 1020 338 1062 convenit
358 1018 493 1073 priori
514 1018 629 1072 parti
652 1019 807 1060 aetatis
831 1020 1088 1072 Augusteae,
1121 1034 1206 1073 qua
1229 1021 1452 1063 etiamtum
1474 1022 1647 1075 vigebat

140 1088 296 1131 Catulli
328 1087 563 1129 carminum
607 1087 914 1140 quorumlibet,
962 1102 1045 1130 non
1087 1092 1254 1130 tantum
1286 1089 1512 1136 leviorum,
1553 1090 1645 1131 imi-

139 1157 258 1199 tatio.
321 1156 521 1197 Dirarum
561 1169 663 1209 pars
693 1156 812 1209 prior
843 1156 955 1197 inter
986 1156 1182 1198 Caesaris
1226 1171 1372 1199 necem
1414 1162 1457 1200 et
1486 1158 1644 1200 bellum

142 1225 363 1266 Actiacum
408 1224 662 1278 composita,
713 1238 792 1266 nec
836 1224 1035 1276 alteram,
1088 1240 1174 1279 qua
1214 1227 1487 1268 continentur
1526 1227 1645 1269 lusus

140 1293 359 1343 amatorii,
394 1306 471 1333 cur
511 1292 693 1333 multum
735 1296 833 1346 post
877 1294 1163 1347 conscriptam
1206 1294 1357 1336 credas
1397 1299 1541 1349 potest
1582 1296 1644 1336 in-

138 1362 284 1404 veniri.
344 1364 387 1402 et
418 1366 562 1402 cetera
594 1360 782 1402 eiusdem
814 1361 903 1402 fere
940 1362 1096 1404 aetatis
1138 1377 1188 1403 ac
1220 1363 1350 1405 Dirae
1391 1366 1434 1404 et
1471 1364 1644 1417 quidem

140 1429 316 1484 Vergilii
353 1430 417 1471 vel
459 1429 712 1481 amicorum,
753 1430 943 1484 exceptis
984 1430 1197 1484 Priapeis,
1240 1431 1292 1473 de
1335 1432 1490 1485 quibus
1531 1432 1645 1473 infra

138 1499 317 1540 dicetur.

251 1568 392 1620 Atque
422 1565 504 1607 hoc
536 1566 666 1608 etiam
698 1566 888 1608 metricis
920 1566 1294 1610 observationibus
1323 1569 1642 1622 comprobatur.

138 1651 189 1677 ex
222 1634 376 1689 quibus
407 1649 503 1676 cum
534 1634 650 1676 haud
682 1649 780 1676 raro
813 1635 869 1676 sit
899 1635 1113 1676 lubricum
1146 1636 1289 1677 Latini
1331 1637 1532 1678 carminis
1572 1637 1643 1679 de—

137 1704 259 1745 finire
289 1706 489 1753 aetatem,
519 1706 664 1744 tamen
696 1718 825 1745 unum
857 1707 978 1745 extat
1009 1703 1313 1746 documentum
1343 1719 1445 1747 sane
1472 1706 1641 1747 firmum

138 1776 388 1825 certumque
419 1771 473 1813 ad
509 1771 783 1813 iudicandam
815 1786 921 1823 eam,
954 1771 1129 1813 ductum
1162 1772 1216 1814 ab
1249 1788 1270 1814 0
1301 1773 1473 1815 litterae
1503 1774 1643 1816 finalis

137 1841 397 1895 quantitate,
436 1853 520 1893 quo
551 1853 635 1881 non
667 1840 756 1882 sine
787 1854 942 1894 magno
972 1840 1216 1882 litterarum
1248 1841 1499 1883 Latinarum
1530 1857 1642 1884 com-

136 1909 262 1951 modo
286 1908 587 1950 Lachmannus
621 1912 663 1949 et
684 1908 900 1962 Hauptius
930 1909 972 1950 in
997 1908 1171 1950 Homeri
1195 1910 1336 1950 Latini
1359 1914 1402 1952 et
1423 1911 1643 1964 Calpurnii

137 1977 398 2019 carminibus
430 1980 529 2018 sunt
557 1978 633 2018 usi.
686 1977 898 2028 nimirum,
931 1977 975 2018 id
1007 1977 1120 2030 quod
1153 1978 1302 2031 quinto
1331 1978 1442 2020 libro
1466 1993 1642 2021 accura-

137 2047 223 2088 tius
252 2045 527 2100 probabitur,
558 2058 641 2086 non
674 2048 739 2086 est
769 2044 974 2087 credibile
1005 2046 1104 2087 inde
1135 2061 1161 2088 a
1192 2060 1303 2088 nono
1334 2061 1373 2088 u.
1408 2061 1440 2088 c.
1471 2048 1643 2090 saeculo

136 2115 180 2155 in
221 2113 308 2155 ullo
351 2113 463 2155 libro
504 2114 674 2167 poetico
715 2129 736 2155 0
778 2113 947 2155 finalem
991 2118 1033 2155 et
1074 2128 1203 2169 saepe
1246 2115 1427 2169 produci
1470 2120 1513 2157 et
1543 2130 1642 2157 raro

136 2186 212 2223 aut
242 2195 475 2235 numquam
510 2182 680 2236 corripi.
742 2196 877 2235 quare
908 2183 950 2223 in
983 2183 1138 2236 quibus
1168 2183 1250 2225 hoc
1290 2184 1495 2235 evenerit,
1538 2184 1642 2226 alio—

137 2251 239 2304 quin
269 2251 435 2292 incerta
465 2264 511 2291 re
543 2250 777 2304 antiquiori
808 2251 953 2304 potius
985 2265 1115 2304 quam
1136 2251 1302 2293 novello
1326 2253 1642 2306 assignabimus

139 2333 190 2360 ea
220 2318 414 2372 tempori.
474 2318 561 2359 iam
600 2318 644 2358 in
686 2318 903 2372 opusculis
934 2319 1017 2360 illis
1049 2320 1112 2360 ita
1143 2333 1211 2361 res
1241 2319 1384 2362 habet.
1447 2335 1468 2362 0
1500 2321 1642 2362 brevis

136 2401 368 2440 numquam
410 2387 640 2438 invenitur,
683 2401 704 2428 ο
744 2386 958 2441 producta
1000 2387 1087 2429 sive
1130 2388 1173 2428 in
1213 2388 1299 2429 arsi
1337 2389 1424 2430 sive
1453 2389 1497 2430 in
1529 2389 1641 2430 thesi

136 2456 296 2497 viciens
328 2458 482 2508 quater
523 2455 667 2510 [catal.
702 2460 738 2506 5,
773 2459 847 2507 34,
889 2459 926 2506 7,
957 2459 1001 2508 3,
1047 2459 1111 2507 11,
1145 2460 1189 2509 7,
1231 2460 1307 2509 48,
1341 2461 1414 2509 53,
1450 2457 1529 2498 cul.
1563 2461 1640 2509 853

137 2527 240 2576 2873
274 2527 377 2575 3753
408 2523 489 2565 Cir.
522 2526 598 2576 293
632 2526 706 2574 713
743 2527 843 2575 1503
875 2527 974 2576 167,
1008 2528 1108 2576 236,
1141 2529 1242 2577 261,
1276 2529 1375 2578 2983
1406 2529 1506 2578 3533
1540 2529 1640 2577 3573

138 2595 242 2644 3733
283 2595 385 2644 4163
425 2595 528 2644 4253
561 2595 664 2643 5173
699 2595 801 2643 5303
843 2595 991 2633 moret.
1026 2597 1101 2645 66,
1142 2594 1252 2648 111].
1319 2593 1418 2634 hinc
1459 2596 1642 2647 apparet

136 2674 220 2701 non
252 2674 344 2702 esse
376 2660 615 2714 composita
644 2660 719 2701 illa
748 2662 847 2713 post
877 2660 1044 2701 Claudii
1074 2661 1309 2703 Neronisve
1340 2665 1520 2715 tempus.
1563 2675 1642 2703 nec

138 2731 203 2769 est
233 2742 309 2769 cur
340 2729 532 2781 Augusto
562 2728 805 2770 recentiora
836 2741 927 2769 esse
956 2728 1160 2771 dicamus.

250 2796 447 2838 Ceterum
478 2797 559 2838 hoc
592 2797 686 2838 loco
718 2796 973 2838 monendum
996 2797 1198 2839 Dirarum
1230 2801 1272 2839 et
1303 2797 1462 2852 Lydiae
1494 2801 1640 2838 aucto-

136 2878 226 2905 rem
259 2878 284 2904 a
320 2879 385 2906 me
418 2865 671 2918 plerumque
703 2865 922 2906 Valerium
954 2865 1158 2907 Catonem
1190 2865 1376 2919 positum
1408 2869 1639 2916 auctorem,

137 2945 222 2973 non
253 2932 355 2986 quia
387 2932 441 2974 ab
475 2946 524 2974 eo
557 2933 848 2975 existimarem
879 2932 987 2974 haec
1019 2934 1210 2974 carmina
1240 2934 1495 2989 conscripta,
1526 2934 1640 2988 quod
