1898 3292
242 138 256 177 l
268 140 319 177 76
817 146 937 171 LIBER
956 144 1164 172 SECVNDVS.

352 250 549 291 Ceterum
582 248 752 302 egregie
783 247 949 289 fallitur
980 248 1154 289 Caesius
1187 248 1362 299 Bassus,
1405 250 1477 301 qui
1514 262 1626 289 nunc
1655 262 1744 289 cre-

238 318 371 369 ditur,
403 318 486 369 vel,
519 321 568 358 ut
598 321 714 370 puto,
746 317 1030 370 interpolator
1063 317 1171 367 01113,
1204 317 1432 358 statuendo
1466 318 1614 371 [2677]
1647 317 1744 357 ulti-

238 400 349 427 mam
380 386 538 440 prioris
578 385 837 427 hemistichii
879 384 1086 439 syllabam
1119 398 1211 426 esse
1246 398 1510 426 communem
1542 389 1745 438 recteque

236 459 352 495 stare
383 469 550 496 versum
582 455 733 495 talem:

510 534 569 568 hic
595 533 756 578 nympha
780 533 895 577 cingit
921 529 1041 567 omnis
1067 532 1290 567 Acheloium
1315 544 1449 567 senem.

240 604 411 644 minime
444 603 553 643 enim
585 603 667 643 hoc
695 606 923 643 metrumst
951 616 1002 643 ex
1035 602 1305 656 asynartetis,
1337 602 1379 642 in
1412 616 1496 655 quo
1520 602 1627 643 adeo
1650 606 1747 656 post

236 672 363 712 finem
394 672 550 726 prioris
583 671 719 725 partis
749 670 869 719 elisio
903 670 1146 711 admittitur
1178 685 1202 711 a
1234 670 1400 712 Catullo
1433 671 1545 724 [37]:

512 752 618 795 piger
641 751 697 784 his
722 751 869 784 labante
897 750 1047 793 langore
1075 750 1201 784 oculos
1229 749 1351 794 Sopor
1377 751 1508 794 operit.

353 820 646 861 Tetrametros
677 820 868 872 integros
890 818 1126 859 ionicorum
1150 832 1175 859 a
1196 818 1351 859 minori
1373 818 1487 872 apud
1512 818 1747 859 Varronem

237 889 504 943 deprendere
545 887 627 929 sibi
668 888 803 928 visum
836 887 1175 938 Lachmannum,
1217 894 1370 941 parum
1413 891 1555 928 tamen
1596 890 1644 927 ut
1680 901 1748 927 res

239 958 294 998 sit
323 961 455 1008 certa,
487 957 572 998 iam
603 956 628 997 1.
665 956 684 997 I
716 956 960 997 memoravi.

352 1028 408 1067 At
441 1028 610 1066 constat
640 1025 802 1066 ionicos
835 1027 876 1065 et
915 1024 1085 1077 quidem
1126 1039 1258 1078 puros
1301 1039 1352 1066 ac
1393 1038 1470 1078 per
1511 1024 1748 1079 synaphian

240 1095 459 1136 adhibitos
492 1094 546 1135 ab
580 1093 761 1134 Horatio
793 1093 883 1148 [IIL
920 1094 1010 1147 12],
1043 1093 1196 1134 deinde
1229 1094 1424 1147 exemplo
1456 1093 1583 1135 huius
1615 1106 1640 1133 a
1671 1093 1748 1133 Te-

240 1163 436 1203 rentiano
469 1162 733 1217 [2065-71]
766 1164 862 1215 (nec
895 1161 1004 1202 enim
1040 1161 1186 1203 obstat
1218 1162 1359 1203 hiatus
1390 1162 1433 1202 in
1455 1176 1490 1202 v.
1515 1165 1623 1203 2069
1647 1160 1748 1214 fine)

239 1235 282 1272 et
303 1232 466 1272 ini-erto
498 1244 607 1271 saec.
630 1230 691 1270 ΙΙΙ
722 1233 863 1283 poeta,
899 1244 1024 1283 quem
1057 1230 1199 1272 adfert
1230 1230 1506 1285 [2OGO—-ss4].
1558 1244 1663 1282 quos
1687 1244 1748 1271 se-

240 1304 363 1341 cutus
386 1303 451 1340 est
473 1299 714 1340 Martianus
736 1298 778 1338 in
802 1299 990 1339 carmine
1020 1299 1283 1340 tetrametris
1307 1303 1529 1340 constante
1555 1298 1625 1354 [IV
1649 1297 1750 1354 fin.],

241 1368 314 1408 sed
356 1369 466 1409 citra
507 1367 784 1422 synaphiam,
832 1368 904 1420 qui
950 1367 1123 1420 quidem
1165 1368 1295 1409 semel
1336 1368 1565 1409 molossum
1615 1366 1666 1423 [v.
1698 1366 1750 1422 3],

240 1438 370 1477 semel
403 1437 532 1477 etiam
567 1435 652 1492 [10]
688 1435 862 1477 admisit
892 1436 1150 1478 anaclasim:

514 1516 602 1549 licet
626 1527 735 1549 unam
762 1515 887 1549 decuit
912 1517 1032 1550 iussae
1054 1517 1271 1560 permittere
1298 1517 1454 1561 culpam.

514 1573 596 1607 ioca
620 1573 756 1617 passim
782 1573 1026 1607 blaterantem
1051 1573 1257 1608 Iovialv'bus
1282 1574 1348 1607 sub
1375 1575 1477 1608 orsis.

357 1642 441 1683 Sed
487 1641 542 1683 ad
589 1641 817 1682 Horatium
859 1645 906 1682 ut
944 1642 1141 1693 redeam,
1185 1646 1376 1684 notumst
1416 1643 1440 1684 l.
1470 1643 1531 1684 III
1568 1657 1600 1684 c.
1636 1646 1683 1684 12
1727 1656 1752 1683 a

242 1710 461 1751 veteribus
491 1710 744 1764 plerumque
778 1710 840 1751 ita
882 1710 1158 1764 dispositum,
1199 1715 1247 1752 ut
1287 1715 1493 1765 quattuor
1534 1715 1753 1753 constaret

241 1779 485 1833 systematis
517 1779 716 1820 binorum
748 1779 1056 1832 trimetrorum,
1090 1781 1355 1834 singulorum
1387 1784 1751 1822 tetrametrorum.

241 1847 501 1888 conferenda
533 1861 644 1901 quae
676 1847 898 1889 adnotavit
918 1848 1151 1890 Bentleius.
1213 1850 1285 1902 qui
1317 1849 1650 1903 Hephaestionis
1678 1848 1752 1889 ad-

243 1916 396 1957 ductus
428 1917 689 1957 auctoritate
721 1918 913 1969 reposuit
942 1917 1210 1959 decametros
1244 1918 1407 1959 ionicos
1429 1917 1578 1959 addita
1608 1920 1753 1958 tamen

243 1984 483 2037 elegantiae
507 1998 638 2026 causa
659 1989 758 2038 post
780 1988 982 2038 quartum
1006 1989 1048 2027 et
1070 1990 1268 2028 octavum
1290 1986 1443 2040 pedem
1467 1987 1752 2028 distinctione.

241 2056 332 2094 tum
365 2056 537 2106 reperto
569 2053 712 2094 omnia
745 2053 916 2094 Horatii
948 2055 1139 2096 carmina
1177 2055 1313 2110 lyrica
1354 2055 1408 2096 ad
1445 2059 1752 2109 quaternorum

242 2135 441 2162 versuum
482 2124 717 2176 systemata
761 2136 852 2163 esse
892 2123 1136 2165 revocanda
1167 2124 1468 2166 Lachmannus
1501 2123 1754 2178 opusculum

240 2189 438 2230 illud'in
483 2190 662 2231 eandem
707 2190 875 2244 redegit
918 2191 1111 2233 formam.
1172 2196 1302 2246 atque
1347 2192 1460 2234 hunc
1505 2192 1670 2246 pariter
1712 2195 1755 2233 et

241 2257 484 2299 Bentleium
514 2259 557 2299 in
586 2258 773 2300 editione
796 2263 946 2300 nostra
969 2274 1115 2301 sumus
1137 2262 1285 2302 secuti.
1342 2261 1588 2302 Terentiani
1611 2264 1754 2302 autem

242 2326 371 2367 ionici
402 2327 562 2380 partim
593 2327 859 2369 tetrametris
893 2331 1112 2380 constant,
1153 2329 1311 2382 partim
1357 2328 1508 2385 [20703
1543 2329 1594 2370 cf.
1625 2327 1751 2384 2064]

242 2395 462 2436 trimetris.
510 2399 555 2436 at
577 2396 779 2446 auctoris,
803 2409 929 2449 quem
953 2411 1084 2450 supra
1108 2397 1207 2449 dixi,
1238 2398 1378 2439 locum
1399 2398 1461 2438 ita
1481 2397 1755 2438 distinximus

242 2463 285 2503 in
319 2463 558 2517 appendice
587 2464 836 2505 Namatiani
870 2463 954 2520 [pg.
980 2464 1070 2521 56],
1108 2469 1157 2507 111
1188 2467 1354 2520 placuit
1385 2466 1604 2508 Bentleio:

403 2542 612 2578 Diomeden
637 2544 748 2578 modo
775 2556 948 2588 magnum
974 2544 1043 2579 dea
1067 2544 1165 2589 fecit,
1192 2545 1260 2579 dea
1288 2546 1375 2580 belli

404 2600 636 2644 dominatrix,
664 2600 831 2646 Phrygas
858 2613 982 2636 omnes
1008 2604 1049 2635 ut
1072 2602 1108 2635 in
1135 2602 1244 2636 armis
1269 2606 1470 2647 superaret.

404 2658 538 2701 patulis
565 2658 710 2702 agmina
736 2659 874 2703 campis
899 2659 1092 2693 iacuerunt
1117 2659 1202 2693 data
1226 2659 1322 2702 leto;

405 2714 527 2758 pavidi
556 2718 734 2759 tergaque
760 2715 888 2749 dantes
914 2716 1102 2759 petierunt
1129 2716 1296 2761 trepidae
1320 2716 1464 2750 moenia
1488 2715 1631 2750 Troiae.

247 2796 344 2824 nam
379 2788 508 2836 poeta
541 2783 630 2835 ille,
672 2784 866 2837 quisquis
908 2783 1007 2836 fuit,
1053 2798 1147 2826 cum
1188 2785 1306 2826 haud
1341 2785 1469 2826 dubie
1502 2783 1755 2839 synaphiam

247 2851 373 2891 vellet
416 2856 652 2903 servatam,
699 2852 774 2893 sed
816 2852 980 2893 alienus
1025 2858 1138 2894 esset
1178 2867 1203 2894 a
1245 2854 1489 2907 systematis
1530 2853 1756 2893 Horatiani
