1898 3292
701 211 820 236 mnan
841 211 997 235 snxrvs.
1519 200 1600 238 449

97 315 322 357 veniuntur
343 313 548 368 perfecta,
580 327 690 366 quac
714 316 813 353 sunt
844 315 995 362 reperi,
1023 315 1169 361 repuli,
1202 314 1335 358 retuli,
1367 315 1415 351 ut
1438 313 1601 351 certum

97 384 151 423 sit
183 383 340 424 debere
371 382 415 422 in
445 382 512 422 his
544 380 754 434 duplicari
778 394 824 431 J),
859 387 872 419 t
903 392 1122 420 consonas.
1174 378 1288 431 quod
1321 393 1416 419 cum
1446 379 1509 419 ita
1536 379 1602 428 sit,

94 464 177 492 non
209 450 423 503 intellego,
456 463 641 502 quanam
672 448 810 502 possit
838 451 953 488 stare
981 447 1166 496 ratione,
1198 446 1312 498 quod
1342 446 1604 487 Ritschelius

96 519 148 560 de
181 519 427 560 coniectura
459 517 612 558 Plauto
644 515 795 557 tribuit
826 518 1011 556 metrum
1041 515 1128 555 tale
1160 513 1284 569 [Men.
1319 514 1438 570 683]:

301 597 391 631 mihi
415 600 456 631 tu
481 600 523 630 ut
547 595 691 630 dederis
717 595 852 639 pallam
883 597 920 628 et
951 592 1118 638 spinter?
1154 604 1351 637 numquam
1381 593 1518 628 factum
1550 605 1603 628 re-

1179 661 1329 695 pel'eI'IS.

97 736 357 777 quamquam
376 722 606 775 Corippum
630 725 673 762 et
694 721 942 762 ultimorum
964 719 1133 773 imperii
1153 722 1395 772 temporum
1411 719 1604 760 homines

95 805 180 832 non
210 804 365 832 moror.
426 803 523 830 nam
567 803 669 830 sane
701 789 754 830 ab
787 788 859 829 illo
891 787 1113 829 breviatur
1142 787 1282 840 prima
1313 788 1356 828 in
1388 802 1455 837 eo,
1489 787 1602 840 quod

98 863 163 901 est
204 862 327 900 retuli
369 857 555 914 [iohann.
590 857 638 907 V,
671 861 771 909 4603
805 859 905 907 5963
938 856 1007 900 VI,
1043 858 1134 906 153,
1167 855 1289 907 alibi3
1322 856 1372 896 cf.
1401 860 1443 897 et
1475 870 1603 896 carm.

97 927 303 968 Perdicae
335 941 374 980 p.
396 926 422 967 1.
447 926 544 966 min.
578 926 625 975 V,
661 928 739 966 124
777 939 810 965 V.
845 924 956 980 2ss4].
1019 927 1148 976 atque
1178 925 1221 964 in
1252 928 1391 965 retuli!
1420 925 1603 977 primam

99 999 242 1036 aetate
288 1008 366 1036 sua
408 994 585 1048 perinde
628 997 870 1046 correptam
915 996 1044 1045 atque
1087 992 1130 1032 in
1171 996 1357 1043 reliqniis
1393 979 1441 1033 *et
1481 997 1604 1034 redet-

99 1067 226 1104 cendo
264 1066 451 1104 testatur
482 1062 728 1103 Victorinus
759 1075 827 1115 pg.
858 1065 979 1102 2480.
1024 1086 1078 1090 ——
1119 1061 1255 1113 magis
1295 1061 1447 1102 mirum
1490 1061 1605 1115 quod

99 1132 311 1173 Ausonius
341 1131 384 1171 in
417 1130 566 1172 eodem
598 1130 781 1171 disticho
812 1133 854 1170 ct
887 1130 1110 1182 antiquam
1151 1133 1193 1169 et
1223 1142 1374 1169 novam
1407 1130 1605 1182 proba-vit

97 1199 342 1254 prosodiam
377 1198 525 1255 [epigr.
559 1201 624 1249 23,
659 1197 719 1254 3]:

304 1281 342 1312 at
366 1278 428 1322 qui
453 1277 681 1320 condiderat,
705 1281 901 1321 postquam
927 1288 999 1310 non
1026 1277 1192 1321 repperit
1219 1289 1358 1320 aurum,

305 1335 444 1380 aptavit
471 1335 575 1377 collo,
603 1346 711 1378 quem
738 1334 885 1378 reperit,
914 1333 1095 1378 gladium3

103 1405 184 1446 nisi
215 1404 326 1446 forte
357 1417 562 1458 praesens
604 1407 773 1457 tempus
803 1402 938 1443 voluit
978 1416 1069 1443 esse
1110 1402 1204 1443 loco
1244 1403 1393 1444 altero.
1434 1429 1489 1433 ——
1529 1418 1607 1445 nec

100 1473 250 1514 dubito
282 1473 385 1526 quin
416 1472 547 1512 etiam
580 1475 715 1522 repuli
753 1470 976 1523 analogiae
1008 1471 1101 1512 iure
1131 1475 1221 1512 tum
1255 1471 1310 1512 sit
1341 1472 1498 1513 elatum
1530 1487 1608 1526 per

101 1544 396 1596 anapaestum,
422 1553 684 1593 quamquam
717 1539 914 1593 exempla
943 1553 1026 1580 non
1057 1543 1303 1593 suppetunt.

216 1610 413 1651 Ceterum
461 1622 555 1649 cum
597 1608 788 1649 librariis
836 1607 1056 1648 monachis
1106 1608 1225 1661 origo
1276 1608 1514 1661 productae
1564 1609 1608 1649 in

100 1678 347 1732 praeteritis
377 1677 472 1718 istis
500 1677 666 1730 primae
697 1677 802 1717 satis
841 1680 955 1717 esset
995 1675 1196 1726 obscura,
1238 1676 1491 1729 plerumque
1532 1690 1609 1730 per

100 1746 476 1799 interpolationem
508 1748 681 1786 traxere
703 1744 853 1785 vitium
884 1744 1016 1785 verba
1046 1745 1141 1785 ista.
1191 1745 1264 1795 ita,
1296 1749 1345 1786 ut
1366 1745 1446 1785 hoc
1469 1759 1608 1785 exem-

100 1814 172 1868 plo
210 1818 330 1865 utar,
373 1812 729 1854 restituendumst-
768 1816 905 1854 retuli(
946 1826 1024 1867 pro
1066 1825 1115 1853 eo
1157 1813 1271 1866 quod
1306 1814 1430 1866 vulgo
1473 1813 1610 1854 fertur

104 1886 244 1924 delulit
273 1882 391 1924 hisce
422 1881 617 1923 Aratoris
649 1881 720 1938 [IL
756 1881 904 1938 1045]:

719 1967 771 2000 fas
798 1970 854 2001 est
879 1967 988 2001 modo
1017 1966 1167 2001 credere
1194 1970 1349 2001 cunctos

310 2035 467 2068 corpora
491 2023 536 2058 de
561 2023 710 2057 tumulis
739 2025 810 2057 iam
835 2035 943 2068 posse
968 2035 1171 2068 resurgere,
1198 2027 1393 2068 postquam

309 2081 442 2115 detulit
465 2080 549 2115 inde
575 2092 680 2115 suum
707 2082 767 2125 qui
795 2081 959 2115 condidit
986 2081 1107 2115 omnia
1133 2081 1311 2115 Christus.

104 2176 202 2204 nam
232 2161 337 2203 illud
369 2160 484 2214 quod
514 2172 592 2201 nos
625 2157 925 2212 proposuimus
954 2159 996 2197 et
1019 2156 1231 2197 communi
1252 2159 1477 2209 poetarum
1500 2156 1611 2197 chri-

105 2231 343 2272 stianorum
370 2243 451 2270 usu
483 2232 525 2270 et
546 2226 735 2268 Lucretii
765 2225 964 2266 firmatur
987 2224 1181 2278 exemplo
1219 2224 1398 2265 dicentis
1431 2225 1483 2265 de
1511 2224 1612 2278 Epi-

106 2313 208 2340 curo
252 2298 394 2339 ‘tolum
424 2301 653 2338 immensum
687 2297 935 2346 peram-avit
963 2300 1093 2334 mente
1123 2296 1347 2343 animoque.
1411 2296 1518 2334 ande.
1547 2306 1612 2333 re-

101 2373 190 2420 fert
222 2369 335 2408 nobis
367 2369 506 2414 victor,
538 2367 637 2415 quid
659 2366 792 2413 possit
825 2365 940 2410 oriri,
973 2365 1072 2412 quid
1101 2368 1276 2412 nequeat
1287 2358 1314 2402 ².

221 2435 355 2476 Porro
386 2436 586 2484 reliquiae
609 2434 651 2472 et
672 2433 817 2482 religsio
840 2433 883 2471 et
903 2433 1120 2481 religiosus
1152 2430 1422 2470 retinuerunt
1442 2429 1612 2482 longam

43 2539 53 2544 -
107 2504 302 2558 primam.
363 2506 406 2544 et
444 2503 507 2543 ita
537 2503 715 2541 relicuus
747 2498 862 2552 apud
892 2498 1139 2540 Lucretium
1170 2498 1357 2552 positum
1387 2497 1613 2538 invenitur.

109 2571 225 2626 quod
265 2575 410 2612 tamen
447 2568 649 2624 dactylici
688 2567 855 2609 numeri
895 2567 1172 2616 necessitate,
1212 2580 1298 2607 non
1327 2565 1467 2607 vivido
1502 2565 1615 2618 vulgi

109 2654 191 2682 usu
222 2639 411 2681 evenisse
433 2641 482 2679 ut
503 2637 755 2687 existimem,
786 2635 869 2676 hac
891 2648 1022 2676 causa
1042 2647 1307 2689 permoveor,
1339 2633 1452 2687 quod
1475 2647 1615 2686 grain-

109 2708 257 2750 matici
287 2707 413 2749 unico
447 2719 657 2748 consensu
687 2706 887 2745 asserunt
919 2704 1100 2744 metrica
1129 2702 1303 2744 licentia
1335 2701 1542 2755 geminari
1573 2701 1615 2741 in

110 2776 203 2818 istis
233 2774 454 2817 vocabulis
488 2778 512 2822 l,
546 2777 588 2814 et
617 2773 765 2825 magis,
806 2771 921 2825 quod
960 2776 1140 2813 relicuus
1180 2770 1279 2811 inde
1320 2783 1345 2810 a
1385 2784 1415 2810 s.
1447 2783 1486 2822 p.
1519 2768 1615 2810 Chr.

111 2845 146 2896 Ι,
187 2847 417 2898 postquam
456 2841 726 2896 trisyllabum
768 2840 989 2890 factumst,
1029 2852 1260 2892 numquam
1302 2851 1386 2878 non
1427 2836 1619 2890 implevit

111 2911 377 2954 tribrachum
409 2910 476 2967 [cf.
507 2909 650 2950 Lchm.
683 2921 750 2962 pg.
786 2908 896 2964 305}
959 2921 1055 2948 nam
1090 2911 1131 2947 et
1164 2907 1311 2947 eadem
1343 2906 1419 2946 illa
1450 2918 1619 2959 semper

181 2991 214 3019 L.
232 2991 422 3023 Muelleti3
448 2991 493 3015 De
511 2998 533 3015 r.
552 2997 588 3015 m.
607 2996 634 3020 p.
653 2989 685 3015 L.
1301 2974 1344 3007 29
