1898 3292
704 251 823 275 LIBER
842 250 1015 275 TERTIVS.
1525 242 1603 281 241

104 356 203 407 apte
236 353 347 393 enim
379 352 681 394 describuntur
720 352 909 405 gravitas
949 366 1092 393 rerum
1125 351 1190 392 vel
1232 350 1464 392 difficultas
1505 366 1608 405 pon-

103 421 267 462 derosis
297 421 476 476 rythmis
509 425 550 462 et
593 421 806 475 segnibus.
869 421 1024 462 similia
1065 420 1119 461 ab
1152 419 1332 460 Horatio
1371 419 1413 460 in
1453 424 1608 473 quarto

102 489 209 543 pede
239 490 462 543 proposita
495 489 739 530 observavit
766 488 1006 530 Meinekius
1039 488 1192 543 [praef.
1215 488 1316 529 Hor.
1340 502 1379 541 p.
1403 488 1488 542 23].
1515 541 1518 544 ‚
1548 488 1610 529 ita

102 558 231 599 etiam
265 558 384 599 Maro
418 558 528 612 [aen.
560 558 634 609 III,
669 558 734 612 9]:

377 628 414 659 et
442 629 548 670 pater
572 626 755 660 Anchises
785 625 870 659 dare
898 625 979 659 fatis
1005 625 1085 659 vela
1104 625 1266 659 iubebat.

101 684 240 725 minus
272 697 400 736 grave
432 683 543 724 foret
575 687 680 735 salis
711 688 825 725 dare.
858 708 911 713 —
943 682 1202 737 praecipuus
1224 681 1456 736 spondiaco
1478 681 1609 723 verbo

101 753 143 793 in
174 752 368 811 principe
398 752 498 793 sede
533 752 781 794 collocando
803 752 1014 802 Lucanus⁷
1047 765 1183 805 eaque
1215 750 1307 792 sola
1336 764 1383 791 re
1415 749 1610 792 duriores

101 821 246 875 paullo
279 821 370 862 eius
402 821 586 872 numeri,
629 821 818 874 alioquin
855 820 1070 874 elegantia
1102 820 1215 861 omni
1247 820 1308 861 illi
1339 820 1492 862 floridi.
1555 820 1608 861 si-

101 889 213 930 milis
235 892 380 930 tamen
401 889 528 930 huius
552 890 764 930 Homerus
787 889 976 930 Latinus.
1028 889 1155 942 plura
1178 892 1321 930 autem
1345 889 1396 930 de
1420 888 1609 943 spondeo

102 958 325 1012 dactylove
364 957 405 997 in
446 958 584 1011 primo
626 962 668 999 et
710 961 865 1011 quarto
899 957 1008 1011 pede
1040 957 1241 1011 repositis
1272 958 1485 1011 prompsit
1516 958 1609 998 Bir-

101 1027 186 1067 tius
208 1027 250 1067 in
272 1026 418 1067 libello
449 1026 552 1067 mihi
585 1040 717 1080 supra
749 1026 864 1067 circa
896 1027 1040 1080 quarti
1071 1025 1193 1080 pedis
1222 1029 1390 1080 partem
1422 1027 1609 1080 priorem

102 1095 232 1136 verbo
263 1095 306 1135 in
336 1094 589 1136 trochaeum
622 1099 803 1137 exeunte
834 1095 998 1136 finitam
1031 1099 1281 1137 memorato.

214 1164 305 1204 Iam
338 1177 431 1204 cum
465 1167 645 1216 quartus
678 1164 861 1218 semipes
891 1177 987 1205 oum
1019 1164 1167 1217 quinto
1200 1177 1354 1217 puram
1386 1164 1609 1217 anapaesti

101 1232 300 1283 formam,
342 1236 387 1272 at
428 1232 601 1284 quintus
643 1245 718 1285 pes
756 1246 851 1274 cum
885 1235 1005 1273 sexto
1038 1232 1197 1286 dactyli
1229 1246 1279 1273 ac
1309 1233 1504 1273 trochaei
1537 1232 1608 1273 de-

101 1301 202 1341 beat
234 1300 408 1351 referre,
439 1300 549 1341 tales
580 1300 713 1342 ferme
745 1301 788 1341 in
819 1300 1070 1342 hexametro
1093 1300 1307 1354 legitimas
1329 1314 1611 1353 agnoscemus

101 1369 318 1410 finitorum
350 1369 547 1410 ordinum
579 1368 799 1411 modulos:

273 1448 302 1483 I.
329 1449 365 1483 in
391 1461 485 1483 nova
509 1449 581 1483 fert
606 1449 755 1482 animus
782 1452 940 1483 mutatas
966 1449 1089 1483 dicere
1116 1449 1261 1483 formas.

330 1505 476 1540 Italiam
500 1507 579 1550 fato
605 1507 783 1552 profugus
809 1506 1019 1550 Lavinaque
1047 1506 1157 1540 venit.

330 1575 430 1598 arma
456 1564 644 1607 virumque
670 1574 772 1606 ccmo,
797 1563 928 1598 Troiae
955 1564 1016 1607 qui
1041 1564 1180 1607 primus
1207 1564 1251 1597 ab
1279 1563 1362 1597 oris.

331 1621 484 1655 eveniet.
533 1630 596 1654 nec
621 1621 716 1654 enim
742 1621 942 1665 dignabere
967 1632 1102 1655 numen
1126 1620 1278 1655 honore.

331 1679 494 1722 respexit
519 1681 639 1712 tamen
665 1681 697 1711 et
722 1678 833 1722 longo
862 1681 947 1721 post
970 1681 1137 1722 tempore
1164 1678 1273 1712 venit.

330 1735 532 1778 simplicior
557 1735 640 1778 quis
666 1738 697 1768 eb
723 1737 784 1769 est.
835 1735 979 1779 qualem
1002 1746 1060 1769 me
1087 1746 1196 1779 saepe
1222 1735 1389 1769 licenter.

333 1803 352 1825 o
381 1792 549 1835 quotiens
578 1795 609 1825 et
637 1802 731 1835 quae
755 1793 860 1826 nobis
887 1791 1040 1826 Galatea
1064 1792 1232 1826 locutast.

332 1849 572 1893 expugnabis.
623 1852 655 1883 et
680 1852 731 1882 est
758 1849 818 1892 qui
843 1849 939 1884 vinci
965 1849 1082 1893 possit
1108 1860 1236 1893 eoque.

250 1905 303 1939 II.
330 1906 367 1939 in
396 1917 489 1940 nova
515 1906 586 1940 sert
611 1906 751 1940 animus
776 1909 935 1940 mutatas
963 1905 1077 1940 dicere
1104 1905 1250 1940 formas.

332 1962 481 1997 Italiam
507 1963 582 1997 fato
608 1963 785 2008 profugus
814 1963 1029 2006 Larinaque
1053 1963 1162 1998 venit.

331 2020 554 2064 inferretque
580 2020 669 2054 deos
694 2019 813 2063 Latio,
838 2031 954 2064 genus
982 2019 1078 2053 unde
1106 2019 1296 2054 Latinum.

330 2089 430 2110 arma
456 2077 646 2121 virumque
673 2089 762 2111 cano
789 2077 921 2112 Troiae
949 2077 1009 2121 qui
1029 2077 1177 2121 primus
1203 2077 1248 2111 ab
1275 2078 1358 2112 oris.

332 2145 414 2167 nam
439 2146 557 2178 neque
582 2133 735 2168 Parnasi
760 2135 863 2169 vobis
886 2135 981 2179 iuga,
1008 2145 1094 2168 nam
1121 2144 1234 2178 neque
1261 2134 1381 2169 Pindi.

332 2191 482 2226 cederet
506 2194 568 2226 aut
594 2194 724 2236 quarta
748 2191 943 2226 socialiter.
993 2191 1051 2226 hic
1079 2194 1110 2225 et
1133 2192 1175 2225 in
1200 2192 1306 2227 Acci.

327 2248 475 2283 vellicet
498 2250 689 2284 absentem
713 2247 935 2293 Demetrius,
963 2251 1029 2283 aut
1053 2248 1151 2292 quod
1174 2249 1337 2293 ineptus.

329 2306 366 2339 in
392 2318 485 2340 nova
509 2306 582 2340 fert
608 2306 749 2340 animus
774 2309 933 2340 mutatas
958 2305 1082 2340 dicere
1106 2306 1257 2348 formas.

332 2362 522 2407 Crispinus
546 2363 697 2398 minimo
724 2374 781 2398 me
807 2366 1004 2407 provocat:
1033 2363 1172 2407 accipe,
1198 2363 1233 2396 si
1256 2362 1323 2396 vis.

102 2434 147 2471 at
178 2444 262 2472 non
293 2434 393 2472 sunt
423 2432 659 2485 permissae
691 2432 856 2486 species
887 2431 993 2473 hae:

275 2509 306 2545 Ι.
336 2513 374 2545 et
398 2521 482 2545 cum
507 2510 644 2555 frigida
668 2520 764 2545 mors
790 2511 910 2545 anima
935 2510 1123 2546 seduxerit
1148 2511 1325 2546 umbram.

329 2567 388 2602 vel
413 2568 630 2602 manifestas
654 2577 710 2602 res
738 2570 867 2602 contra
895 2568 1084 2612 clarasque
1111 2570 1304 2613 repugnat.

251 2624 303 2658 ΙΙ.
331 2636 375 2659 ex
400 2624 542 2659 infinito
568 2625 640 2658 iam
669 2627 836 2670 tempore
861 2635 919 2659 res
942 2635 1127 2669 reparare.

332 2685 370 2716 et
394 2693 465 2726 quo
493 2693 657 2726 quaeque
683 2682 793 2716 modo
818 2681 949 2716 fierent
975 2693 1090 2727 opera
1116 2682 1195 2716 sine
1219 2681 1354 2716 divum.

330 2741 485 2784 propter
511 2741 715 2784 egestatem
738 2739 884 2784 linguae
910 2742 948 2774 et
972 2750 1094 2774 rerum
1120 2738 1331 2773 novitatem.

332 2795 540 2840 significant
563 2796 694 2830 initum
718 2796 909 2840 perculsae
937 2796 1050 2832 corda
1075 2799 1140 2830 tua
1164 2795 1211 2829 vi.

333 2853 664 2897 restinxitffstellas
691 2856 841 2888 exortus
868 2857 908 2888 ut
932 2854 1119 2889 aetherius
1145 2853 1208 2886 sol.

333 2909 541 2944 adiutamur
568 2910 663 2944 enim
689 2909 801 2944 dubio
826 2911 956 2955 procul
982 2914 1092 2954 atque.
1120 2910 1251 2942 alimur
1274 2918 1351 2942 nos.

332 2978 373 3000 ac
402 2978 475 3001 non
501 2969 584 3001 ante
609 2966 711 3000 malis
738 2966 944 3001 dementem
973 2970 1091 3001 actum
1119 2965 1231 3008 furiis
1258 2975 1378 3008 quam.

172 3034 203 3059 L.
222 3034 412 3067 Mueller15
437 3036 480 3061 Do
500 3044 520 3060 r.
541 3043 576 3061 m.
596 3044 623 3066 p.
645 3036 676 3061 L.
1296 3023 1338 3055 16
