<?xml version="1.0" encoding="UTF-8"?>
<!DOCTYPE html PUBLIC "-//W3C//DTD XHTML 1.0 Transitional//EN"
    "http://www.w3.org/TR/xhtml1/DTD/xhtml1-transitional.dtd">
<html xmlns="http://www.w3.org/1999/xhtml" xml:lang="en" lang="en">
 <head>
  <title>
</title>
<meta http-equiv="Content-Type" content="text/html;charset=utf-8" />
  <meta name='ocr-system' content='tesseract 3.04.00' />
  <meta name='ocr-capabilities' content='ocr_page ocr_carea ocr_par ocr_line ocrx_word'/>
</head>
<body>
  <div class='ocr_page' id='page_1' title='image "./deremetricapoeta00mluoft_0090.png"; bbox 0 0 1898 3292; ppageno 0'>
   <div class='ocr_carea' id='block_1_1' title="bbox 228 208 1130 245">
    <p class='ocr_par' dir='ltr' id='par_1_1' title="bbox 228 208 1130 245">
     <span class='ocr_line' id='line_1_1' title="bbox 228 208 1130 245; baseline -0.001 -7"><span class='ocrx_word' id='word_1_1' title='bbox 228 208 281 245; x_wconf 80' lang='lat'>70</span> <span class='ocrx_word' id='word_1_2' title='bbox 835 214 955 237; x_wconf 75' lang='lat' dir='ltr'>LIBER</span> <span class='ocrx_word' id='word_1_3' title='bbox 974 212 1130 237; x_wconf 77' lang='lat' dir='ltr'>PRrMVS.</span> 
     </span>
    </p>
   </div>
   <div class='ocr_carea' id='block_1_2' title="bbox 228 315 1743 716">
    <p class='ocr_par' dir='ltr' id='par_1_2' title="bbox 228 315 1743 716">
     <span class='ocr_line' id='line_1_2' title="bbox 229 315 1742 370; baseline -0.001 -12"><span class='ocrx_word' id='word_1_4' title='bbox 229 322 419 358; x_wconf 87' lang='lat' dir='ltr'>attamen</span> <span class='ocrx_word' id='word_1_5' title='bbox 452 321 595 370; x_wconf 83' lang='lat' dir='ltr'>potest</span> <span class='ocrx_word' id='word_1_6' title='bbox 627 316 805 357; x_wconf 85' lang='lat' dir='ltr'>tolerari</span> <span class='ocrx_word' id='word_1_7' title='bbox 837 315 942 356; x_wconf 85' lang='lat' dir='ltr'>illud</span> <span class='ocrx_word' id='word_1_8' title='bbox 973 318 1106 356; x_wconf 68' lang='lat' dir='ltr'>maria</span> <span class='ocrx_word' id='word_1_9' title='bbox 1138 319 1221 356; x_wconf 72' lang='lat' dir='ltr'>alta</span> <span class='ocrx_word' id='word_1_10' title='bbox 1254 319 1435 356; x_wconf 58' lang='lat' dir='ltr'>celicola.</span> <span class='ocrx_word' id='word_1_11' title='bbox 1498 329 1594 356; x_wconf 90' lang='lat' dir='ltr'>nam</span> <span class='ocrx_word' id='word_1_12' title='bbox 1628 330 1742 356; x_wconf 75' lang='lat' dir='ltr'>mare</span> 
     </span>
     <span class='ocr_line' id='line_1_3' title="bbox 229 383 1743 439; baseline -0.002 -12"><span class='ocrx_word' id='word_1_13' title='bbox 229 390 434 427; x_wconf 70' lang='lat' dir='ltr'><em>velivolum</em></span> <span class='ocrx_word' id='word_1_14' title='bbox 482 385 598 439; x_wconf 90' lang='lat' dir='ltr'>apud</span> <span class='ocrx_word' id='word_1_15' title='bbox 645 384 881 438; x_wconf 83' lang='lat' dir='ltr'>Vergilium</span> <span class='ocrx_word' id='word_1_16' title='bbox 931 387 1073 435; x_wconf 85' lang='lat' dir='ltr'>extat,</span> <span class='ocrx_word' id='word_1_17' title='bbox 1117 398 1254 437; x_wconf 84' lang='lat' dir='ltr'>neque</span> <span class='ocrx_word' id='word_1_18' title='bbox 1303 383 1571 437; x_wconf 86' lang='lat' dir='ltr'>duplicatum</span> <span class='ocrx_word' id='word_1_19' title='bbox 1626 384 1743 438; x_wconf 86' lang='lat' dir='ltr'>apud</span> 
     </span>
     <span class='ocr_line' id='line_1_4' title="bbox 228 452 1742 508; baseline -0.001 -12"><span class='ocrx_word' id='word_1_20' title='bbox 228 455 432 496; x_wconf 88' lang='lat' dir='ltr'>Laevium</span> <span class='ocrx_word' id='word_1_21' title='bbox 477 453 699 508; x_wconf 77' lang='lat' dir='ltr'>epitheton</span> <span class='ocrx_word' id='word_1_22' title='bbox 747 453 872 494; x_wconf 88' lang='lat' dir='ltr'>nimis</span> <span class='ocrx_word' id='word_1_23' title='bbox 924 452 1134 506; x_wconf 88' lang='lat' dir='ltr'>displicet.</span> <span class='ocrx_word' id='word_1_24' title='bbox 1210 456 1253 493; x_wconf 86' lang='lat' dir='ltr'>et</span> <span class='ocrx_word' id='word_1_25' title='bbox 1305 452 1488 493; x_wconf 84' lang='lat' dir='ltr'>fortasse</span> <span class='ocrx_word' id='word_1_26' title='bbox 1539 466 1742 494; x_wconf 85' lang='lat' dir='ltr'>numerus</span> 
     </span>
     <span class='ocr_line' id='line_1_5' title="bbox 228 520 1742 577; baseline -0.001 -12"><span class='ocrx_word' id='word_1_27' title='bbox 228 524 428 565; x_wconf 89' lang='lat' dir='ltr'>heroicus</span> <span class='ocrx_word' id='word_1_28' title='bbox 458 526 636 577; x_wconf 89' lang='lat' dir='ltr'>propter</span> <span class='ocrx_word' id='word_1_29' title='bbox 667 521 955 575; x_wconf 74' lang='lat' dir='ltr'>frequentiam</span> <span class='ocrx_word' id='word_1_30' title='bbox 989 525 1032 562; x_wconf 88' lang='lat' dir='ltr'>et</span> <span class='ocrx_word' id='word_1_31' title='bbox 1062 520 1317 562; x_wconf 78' lang='lat' dir='ltr'>facilitatem</span> <span class='ocrx_word' id='word_1_32' title='bbox 1345 535 1428 562; x_wconf 89' lang='lat' dir='ltr'>non</span> <span class='ocrx_word' id='word_1_33' title='bbox 1451 521 1604 574; x_wconf 79' lang='lat' dir='ltr'>dignus</span> <span class='ocrx_word' id='word_1_34' title='bbox 1628 522 1742 563; x_wconf 87' lang='lat' dir='ltr'>visus</span> 
     </span>
     <span class='ocr_line' id='line_1_6' title="bbox 230 590 1742 645; baseline -0.001 -11"><span class='ocrx_word' id='word_1_35' title='bbox 230 596 294 634; x_wconf 89' lang='lat' dir='ltr'>est</span> <span class='ocrx_word' id='word_1_36' title='bbox 323 592 493 643; x_wconf 89' lang='lat' dir='ltr'>Laevio,</span> <span class='ocrx_word' id='word_1_37' title='bbox 525 605 651 645; x_wconf 89' lang='lat' dir='ltr'>quem</span> <span class='ocrx_word' id='word_1_38' title='bbox 685 593 926 644; x_wconf 76' lang='lat' dir='ltr'>usurparet.</span> <span class='ocrx_word' id='word_1_39' title='bbox 984 590 1133 643; x_wconf 85' lang='lat' dir='ltr'>itaque</span> <span class='ocrx_word' id='word_1_40' title='bbox 1164 590 1307 631; x_wconf 89' lang='lat' dir='ltr'>nescio</span> <span class='ocrx_word' id='word_1_41' title='bbox 1340 604 1394 630; x_wconf 86' lang='lat' dir='ltr'>an</span> <span class='ocrx_word' id='word_1_42' title='bbox 1426 593 1468 631; x_wconf 90' lang='lat' dir='ltr'>et</span> <span class='ocrx_word' id='word_1_43' title='bbox 1498 590 1569 632; x_wconf 91' lang='lat' dir='ltr'>hic</span> <span class='ocrx_word' id='word_1_44' title='bbox 1594 604 1742 632; x_wconf 87' lang='lat' dir='ltr'>versus</span> 
     </span>
     <span class='ocr_line' id='line_1_7' title="bbox 228 659 710 716; baseline -0.002 -14"><span class='ocrx_word' id='word_1_45' title='bbox 228 661 395 703; x_wconf 88' lang='lat' dir='ltr'>lateant</span> <span class='ocrx_word' id='word_1_46' title='bbox 425 659 710 716; x_wconf 81' lang='lat' dir='ltr'>decasyllabi:</span> 
     </span>
    </p>
   </div>
   <div class='ocr_carea' id='block_1_3' title="bbox 687 738 1327 831">
    <p class='ocr_par' dir='ltr' id='par_1_3' title="bbox 687 738 1327 831">
     <span class='ocr_line' id='line_1_8' title="bbox 687 738 1327 784; baseline -0.003 -10"><span class='ocrx_word' id='word_1_47' title='bbox 687 744 727 774; x_wconf 92' lang='lat' dir='ltr'>tu</span> <span class='ocrx_word' id='word_1_48' title='bbox 753 740 815 784; x_wconf 86' lang='lat' dir='ltr'>qui</span> <span class='ocrx_word' id='word_1_49' title='bbox 840 750 1055 784; x_wconf 84' lang='lat' dir='ltr'>permensus</span> <span class='ocrx_word' id='word_1_50' title='bbox 1080 738 1187 784; x_wconf 86' lang='lat' dir='ltr'>ponti</span> <span class='ocrx_word' id='word_1_51' title='bbox 1213 739 1327 773; x_wconf 82' lang='lat' dir='ltr'>maria</span> 
     </span>
     <span class='ocr_line' id='line_1_9' title="bbox 692 797 952 831; baseline -0.004 0"><span class='ocrx_word' id='word_1_52' title='bbox 692 797 765 831; x_wconf 85' lang='lat' dir='ltr'>alta</span> <span class='ocrx_word' id='word_1_53' title='bbox 788 797 952 831; x_wconf 82' lang='lat' dir='ltr'>velivola.</span> 
     </span>
    </p>
   </div>
   <div class='ocr_carea' id='block_1_4' title="bbox 228 865 1747 2984">
    <p class='ocr_par' dir='ltr' id='par_1_4' title="bbox 228 865 1747 2217">
     <span class='ocr_line' id='line_1_10' title="bbox 346 865 1744 920; baseline -0.001 -11"><span class='ocrx_word' id='word_1_54' title='bbox 346 868 411 909; x_wconf 87' lang='lat' dir='ltr'>Ex</span> <span class='ocrx_word' id='word_1_55' title='bbox 435 866 641 909; x_wconf 84' lang='lat' dir='ltr'>Varronis</span> <span class='ocrx_word' id='word_1_56' title='bbox 671 865 795 907; x_wconf 88' lang='lat' dir='ltr'>libris</span> <span class='ocrx_word' id='word_1_57' title='bbox 829 866 1010 920; x_wconf 88' lang='lat' dir='ltr'>poeticis</span> <span class='ocrx_word' id='word_1_58' title='bbox 1033 880 1129 907; x_wconf 90' lang='lat' dir='ltr'>cum</span> <span class='ocrx_word' id='word_1_59' title='bbox 1152 865 1256 906; x_wconf 88' lang='lat' dir='ltr'>nihil</span> <span class='ocrx_word' id='word_1_60' title='bbox 1278 880 1415 919; x_wconf 87' lang='lat' dir='ltr'>paene</span> <span class='ocrx_word' id='word_1_61' title='bbox 1438 867 1494 907; x_wconf 88' lang='lat' dir='ltr'>sit</span> <span class='ocrx_word' id='word_1_62' title='bbox 1515 870 1744 917; x_wconf 86' lang='lat' dir='ltr'>servatum,</span> 
     </span>
     <span class='ocr_line' id='line_1_11' title="bbox 232 934 1744 989; baseline -0.001 -10"><span class='ocrx_word' id='word_1_63' title='bbox 232 952 281 979; x_wconf 90' lang='lat' dir='ltr'>eo</span> <span class='ocrx_word' id='word_1_64' title='bbox 324 935 570 978; x_wconf 78' lang='lat' dir='ltr'>accuratius</span> <span class='ocrx_word' id='word_1_65' title='bbox 613 934 927 988; x_wconf 83' lang='lat' dir='ltr'>anquirendum</span> <span class='ocrx_word' id='word_1_66' title='bbox 973 934 1025 975; x_wconf 90' lang='lat' dir='ltr'>de</span> <span class='ocrx_word' id='word_1_67' title='bbox 1066 934 1224 976; x_wconf 88' lang='lat' dir='ltr'>saturis</span> <span class='ocrx_word' id='word_1_68' title='bbox 1265 934 1454 976; x_wconf 85' lang='lat' dir='ltr'>eiusdem</span> <span class='ocrx_word' id='word_1_69' title='bbox 1495 935 1744 989; x_wconf 78' lang='lat' dir='ltr'>Menippeis.</span> 
     </span>
     <span class='ocr_line' id='line_1_12' title="bbox 234 1003 1745 1059; baseline -0.001 -12"><span class='ocrx_word' id='word_1_70' title='bbox 234 1006 286 1047; x_wconf 90' lang='lat' dir='ltr'>de</span> <span class='ocrx_word' id='word_1_71' title='bbox 319 1005 475 1059; x_wconf 89' lang='lat' dir='ltr'>quibus</span> <span class='ocrx_word' id='word_1_72' title='bbox 505 1004 613 1045; x_wconf 87' lang='lat' dir='ltr'>haec</span> <span class='ocrx_word' id='word_1_73' title='bbox 644 1004 809 1045; x_wconf 87' lang='lat' dir='ltr'>notavit</span> <span class='ocrx_word' id='word_1_74' title='bbox 839 1003 1008 1045; x_wconf 85' lang='lat' dir='ltr'>Probus</span> <span class='ocrx_word' id='word_1_75' title='bbox 1039 1003 1094 1045; x_wconf 89' lang='lat' dir='ltr'>ad</span> <span class='ocrx_word' id='word_1_76' title='bbox 1129 1003 1303 1057; x_wconf 82' lang='lat' dir='ltr'>Vergilii</span> <span class='ocrx_word' id='word_1_77' title='bbox 1335 1003 1437 1045; x_wconf 89' lang='lat' dir='ltr'>Buc.</span> <span class='ocrx_word' id='word_1_78' title='bbox 1463 1007 1498 1055; x_wconf 82' lang='lat' dir='ltr'>ss,</span> <span class='ocrx_word' id='word_1_79' title='bbox 1522 1007 1571 1045; x_wconf 78' lang='lat'>31</span> <span class='ocrx_word' id='word_1_80' title='bbox 1618 1006 1745 1045; x_wconf 65' lang='lat' dir='ltr'>Varro</span> 
     </span>
     <span class='ocr_line' id='line_1_13' title="bbox 237 1075 1744 1125; baseline -0.001 -10"><span class='ocrx_word' id='word_1_81' title='bbox 237 1078 496 1125; x_wconf 54' lang='lat' dir='ltr'>illem‘ppeus,</span> <span class='ocrx_word' id='word_1_82' title='bbox 540 1087 619 1114; x_wconf 78' lang='lat' dir='ltr'>non</span> <span class='ocrx_word' id='word_1_83' title='bbox 656 1087 680 1113; x_wconf 82' lang='grc' dir='ltr'><em>α</em></span> <span class='ocrx_word' id='word_1_84' title='bbox 710 1075 925 1124; x_wconf 67' lang='lat' dir='ltr'>niaqistro,</span> <span class='ocrx_word' id='word_1_85' title='bbox 968 1075 1084 1113; x_wconf 66' lang='lat' dir='ltr'>cicius</span> <span class='ocrx_word' id='word_1_86' title='bbox 1126 1080 1240 1113; x_wconf 68' lang='lat' dir='ltr'>(zelas</span> <span class='ocrx_word' id='word_1_87' title='bbox 1280 1076 1398 1124; x_wconf 30' lang='lat' dir='ltr'>lon-(se</span> <span class='ocrx_word' id='word_1_88' title='bbox 1437 1080 1744 1123; x_wconf 73' lang='lat' dir='ltr'>praecesserat,</span> 
     </span>
     <span class='ocr_line' id='line_1_14' title="bbox 232 1144 1746 1193; baseline -0.001 -9"><span class='ocrx_word' id='word_1_89' title='bbox 232 1146 480 1191; x_wconf 70' lang='lat' dir='ltr'>nominatus,</span> <span class='ocrx_word' id='word_1_90' title='bbox 521 1145 597 1183; x_wconf 80' lang='lat' dir='ltr'>sed</span> <span class='ocrx_word' id='word_1_91' title='bbox 635 1156 660 1182; x_wconf 89' lang='grc' dir='ltr'><em>α</em></span> <span class='ocrx_word' id='word_1_92' title='bbox 691 1145 884 1183; x_wconf 72' lang='lat' dir='ltr'>societate</span> <span class='ocrx_word' id='word_1_93' title='bbox 914 1144 1088 1193; x_wconf 66' lang='lat' dir='ltr'>inqenii,</span> <span class='ocrx_word' id='word_1_94' title='bbox 1132 1144 1243 1192; x_wconf 73' lang='lat' dir='ltr'>quod</span> <span class='ocrx_word' id='word_1_95' title='bbox 1272 1144 1305 1181; x_wconf 76' lang='lat' dir='ltr'>is</span> <span class='ocrx_word' id='word_1_96' title='bbox 1345 1155 1502 1192; x_wconf 74' lang='lat' dir='ltr'>quoque</span> <span class='ocrx_word' id='word_1_97' title='bbox 1536 1145 1746 1193; x_wconf 70' lang='lat' dir='ltr'>omniyeno</span> 
     </span>
     <span class='ocr_line' id='line_1_15' title="bbox 233 1209 1747 1264; baseline -0.001 -11"><span class='ocrx_word' id='word_1_98' title='bbox 233 1215 415 1253; x_wconf 74' lang='lat' dir='ltr'>ccmnine</span> <span class='ocrx_word' id='word_1_99' title='bbox 450 1218 617 1252; x_wconf 77' lang='lat' dir='ltr'>saturas</span> <span class='ocrx_word' id='word_1_100' title='bbox 648 1224 745 1251; x_wconf 77' lang='lat' dir='ltr'>suas</span> <span class='ocrx_word' id='word_1_101' title='bbox 777 1213 1042 1261; x_wconf 64' lang='lat' dir='ltr'>eapole&#39;verat,</span> <span class='ocrx_word' id='word_1_102' title='bbox 1103 1209 1170 1251; x_wconf 88' lang='lat' dir='ltr'>his</span> <span class='ocrx_word' id='word_1_103' title='bbox 1212 1209 1354 1251; x_wconf 89' lang='lat' dir='ltr'>verbis</span> <span class='ocrx_word' id='word_1_104' title='bbox 1386 1210 1501 1264; x_wconf 90' lang='lat' dir='ltr'>quod</span> <span class='ocrx_word' id='word_1_105' title='bbox 1530 1210 1747 1252; x_wconf 88' lang='lat' dir='ltr'>indicatur</span> 
     </span>
     <span class='ocr_line' id='line_1_16' title="bbox 236 1278 1746 1333; baseline -0.001 -11"><span class='ocrx_word' id='word_1_106' title='bbox 236 1281 473 1322; x_wconf 88' lang='lat' dir='ltr'>Varronem</span> <span class='ocrx_word' id='word_1_107' title='bbox 517 1278 712 1333; x_wconf 81' lang='lat' dir='ltr'>exemplo</span> <span class='ocrx_word' id='word_1_108' title='bbox 755 1278 945 1332; x_wconf 90' lang='lat' dir='ltr'>Menippi</span> <span class='ocrx_word' id='word_1_109' title='bbox 988 1278 1141 1333; x_wconf 85' lang='lat' dir='ltr'>cynici,</span> <span class='ocrx_word' id='word_1_110' title='bbox 1191 1278 1264 1332; x_wconf 91' lang='lat' dir='ltr'>qui</span> <span class='ocrx_word' id='word_1_111' title='bbox 1306 1293 1339 1320; x_wconf 89' lang='lat' dir='ltr'>c.</span> <span class='ocrx_word' id='word_1_112' title='bbox 1382 1293 1418 1320; x_wconf 92' lang='lat' dir='ltr'>a.</span> <span class='ocrx_word' id='word_1_113' title='bbox 1461 1282 1543 1321; x_wconf 80' lang='lat'>250</span> <span class='ocrx_word' id='word_1_114' title='bbox 1589 1279 1746 1331; x_wconf 88' lang='lat' dir='ltr'>floruit,</span> 
     </span>
     <span class='ocr_line' id='line_1_17' title="bbox 232 1347 1746 1404; baseline -0.002 -13"><span class='ocrx_word' id='word_1_115' title='bbox 232 1363 405 1404; x_wconf 87' lang='lat' dir='ltr'>prosam</span> <span class='ocrx_word' id='word_1_116' title='bbox 440 1348 663 1390; x_wconf 88' lang='lat' dir='ltr'>miscuisse</span> <span class='ocrx_word' id='word_1_117' title='bbox 702 1347 918 1398; x_wconf 76' lang='lat' dir='ltr'>versibus,</span> <span class='ocrx_word' id='word_1_118' title='bbox 957 1347 1001 1388; x_wconf 89' lang='lat' dir='ltr'>id</span> <span class='ocrx_word' id='word_1_119' title='bbox 1043 1347 1172 1388; x_wconf 90' lang='lat' dir='ltr'>etiam</span> <span class='ocrx_word' id='word_1_120' title='bbox 1214 1347 1461 1389; x_wconf 86' lang='lat' dir='ltr'>declaratur</span> <span class='ocrx_word' id='word_1_121' title='bbox 1494 1348 1746 1398; x_wconf 82' lang='lat' dir='ltr'>Quintiliani</span> 
     </span>
     <span class='ocr_line' id='line_1_18' title="bbox 233 1415 1745 1471; baseline -0.001 -11"><span class='ocrx_word' id='word_1_122' title='bbox 233 1418 497 1469; x_wconf 87' lang='lat' dir='ltr'>testimonio,</span> <span class='ocrx_word' id='word_1_123' title='bbox 545 1416 617 1470; x_wconf 91' lang='lat' dir='ltr'>qui</span> <span class='ocrx_word' id='word_1_124' title='bbox 649 1416 700 1468; x_wconf 90' lang='lat' dir='ltr'>X,</span> <span class='ocrx_word' id='word_1_125' title='bbox 737 1420 754 1457; x_wconf 86' lang='lat'>1</span> <span class='ocrx_word' id='word_1_126' title='bbox 791 1416 906 1471; x_wconf 70' lang='grc'>[05],</span> <span class='ocrx_word' id='word_1_127' title='bbox 947 1419 1177 1470; x_wconf 80' lang='lat' dir='ltr'>postquam</span> <span class='ocrx_word' id='word_1_128' title='bbox 1220 1415 1272 1457; x_wconf 90' lang='lat' dir='ltr'>de</span> <span class='ocrx_word' id='word_1_129' title='bbox 1306 1416 1457 1458; x_wconf 89' lang='lat' dir='ltr'>Lucilii</span> <span class='ocrx_word' id='word_1_130' title='bbox 1490 1417 1745 1471; x_wconf 86' lang='lat' dir='ltr'>Horatiique</span> 
     </span>
     <span class='ocr_line' id='line_1_19' title="bbox 235 1485 1746 1536; baseline 0 -8"><span class='ocrx_word' id='word_1_131' title='bbox 235 1491 278 1529; x_wconf 90' lang='lat' dir='ltr'>et</span> <span class='ocrx_word' id='word_1_132' title='bbox 299 1486 435 1528; x_wconf 90' lang='lat' dir='ltr'>Persii</span> <span class='ocrx_word' id='word_1_133' title='bbox 459 1486 619 1528; x_wconf 86' lang='lat' dir='ltr'>saturis</span> <span class='ocrx_word' id='word_1_134' title='bbox 641 1485 822 1536; x_wconf 87' lang='lat' dir='ltr'>rettulit,</span> <span class='ocrx_word' id='word_1_135' title='bbox 854 1485 987 1527; x_wconf 86' lang='lat' dir='ltr'>habet</span> <span class='ocrx_word' id='word_1_136' title='bbox 1016 1485 1145 1527; x_wconf 87' lang='lat' dir='ltr'>haec:</span> <span class='ocrx_word' id='word_1_137' title='bbox 1179 1490 1350 1527; x_wconf 73' lang='lat' dir='ltr'>alterum</span> <span class='ocrx_word' id='word_1_138' title='bbox 1381 1489 1484 1528; x_wconf 69' lang='lat' dir='ltr'>illud</span> <span class='ocrx_word' id='word_1_139' title='bbox 1513 1489 1632 1527; x_wconf 72' lang='lat' dir='ltr'>etiam</span> <span class='ocrx_word' id='word_1_140' title='bbox 1664 1501 1746 1528; x_wconf 81' lang='lat' dir='ltr'>am-</span> 
     </span>
     <span class='ocr_line' id='line_1_20' title="bbox 228 1554 1745 1610; baseline -0.001 -13"><span class='ocrx_word' id='word_1_141' title='bbox 228 1560 340 1607; x_wconf 75' lang='lat' dir='ltr'>plius</span> <span class='ocrx_word' id='word_1_142' title='bbox 372 1556 510 1610; x_wconf 74' lang='lat' dir='ltr'>(etiam</span> <span class='ocrx_word' id='word_1_143' title='bbox 541 1559 660 1606; x_wconf 78' lang='lat' dir='ltr'>prius</span> <span class='ocrx_word' id='word_1_144' title='bbox 693 1554 806 1608; x_wconf 89' lang='lat' dir='ltr'>cdd.)</span> <span class='ocrx_word' id='word_1_145' title='bbox 837 1561 1007 1596; x_wconf 70' lang='lat' dir='ltr'>saturae</span> <span class='ocrx_word' id='word_1_146' title='bbox 1031 1568 1175 1606; x_wconf 69' lang='lat' dir='ltr'>yenus,</span> <span class='ocrx_word' id='word_1_147' title='bbox 1207 1559 1283 1596; x_wconf 75' lang='lat' dir='ltr'>sed</span> <span class='ocrx_word' id='word_1_148' title='bbox 1311 1559 1497 1596; x_wconf 70' lang='lat' dir='ltr'>mensola</span> <span class='ocrx_word' id='word_1_149' title='bbox 1524 1559 1745 1597; x_wconf 72' lang='lat' dir='ltr'>carminum</span> 
     </span>
     <span class='ocr_line' id='line_1_21' title="bbox 235 1626 1745 1673; baseline 0 -7"><span class='ocrx_word' id='word_1_150' title='bbox 235 1629 433 1666; x_wconf 71' lang='lat' dir='ltr'>varielccle</span> <span class='ocrx_word' id='word_1_151' title='bbox 472 1628 639 1665; x_wconf 58' lang='lat' dir='ltr'>mimium</span> <span class='ocrx_word' id='word_1_152' title='bbox 684 1627 867 1665; x_wconf 77' lang='lat' dir='ltr'>condidit</span> <span class='ocrx_word' id='word_1_153' title='bbox 911 1626 1124 1665; x_wconf 68' lang='lat' dir='ltr'>Terentius</span> <span class='ocrx_word' id='word_1_154' title='bbox 1177 1626 1324 1673; x_wconf 65' lang='lat' dir='ltr'>Varro,</span> <span class='ocrx_word' id='word_1_155' title='bbox 1373 1627 1434 1665; x_wconf 73' lang='lat' dir='ltr'>cir</span> <span class='ocrx_word' id='word_1_156' title='bbox 1475 1627 1745 1666; x_wconf 74' lang='lat' dir='ltr'>Romanorum</span> 
     </span>
     <span class='ocr_line' id='line_1_22' title="bbox 235 1691 1747 1746; baseline -0.001 -11"><span class='ocrx_word' id='word_1_157' title='bbox 235 1696 547 1735; x_wconf 70' lang='lat' dir='ltr'>eruditissimus.</span> <span class='ocrx_word' id='word_1_158' title='bbox 611 1692 767 1746; x_wconf 88' lang='lat' dir='ltr'>quibus</span> <span class='ocrx_word' id='word_1_159' title='bbox 798 1691 940 1734; x_wconf 80' lang='lat' dir='ltr'>verbis</span> <span class='ocrx_word' id='word_1_160' title='bbox 974 1692 1253 1746; x_wconf 85' lang='lat' dir='ltr'>significatur,</span> <span class='ocrx_word' id='word_1_161' title='bbox 1286 1706 1381 1734; x_wconf 91' lang='lat' dir='ltr'>cum</span> <span class='ocrx_word' id='word_1_162' title='bbox 1418 1694 1550 1734; x_wconf 87' lang='lat' dir='ltr'>ceteri</span> <span class='ocrx_word' id='word_1_163' title='bbox 1583 1693 1747 1735; x_wconf 89' lang='lat' dir='ltr'>satirici</span> 
     </span>
     <span class='ocr_line' id='line_1_23' title="bbox 233 1760 1744 1816; baseline 0 -13"><span class='ocrx_word' id='word_1_164' title='bbox 233 1776 318 1804; x_wconf 91' lang='lat' dir='ltr'>uno</span> <span class='ocrx_word' id='word_1_165' title='bbox 346 1762 598 1803; x_wconf 86' lang='lat' dir='ltr'>hexametro</span> <span class='ocrx_word' id='word_1_166' title='bbox 632 1761 844 1816; x_wconf 84' lang='lat' dir='ltr'>dactylico</span> <span class='ocrx_word' id='word_1_167' title='bbox 877 1761 1066 1803; x_wconf 88' lang='lat' dir='ltr'>contenti</span> <span class='ocrx_word' id='word_1_168' title='bbox 1108 1760 1269 1803; x_wconf 87' lang='lat' dir='ltr'>fuerint</span> <span class='ocrx_word' id='word_1_169' title='bbox 1309 1762 1425 1816; x_wconf 87' lang='lat' dir='ltr'>(nam</span> <span class='ocrx_word' id='word_1_170' title='bbox 1457 1762 1609 1804; x_wconf 89' lang='lat' dir='ltr'>Lucilii</span> <span class='ocrx_word' id='word_1_171' title='bbox 1640 1762 1744 1803; x_wconf 86' lang='lat' dir='ltr'>iam-</span> 
     </span>
     <span class='ocr_line' id='line_1_24' title="bbox 233 1829 1747 1885; baseline 0 -13"><span class='ocrx_word' id='word_1_172' title='bbox 233 1831 352 1873; x_wconf 87' lang='lat' dir='ltr'>bicos</span> <span class='ocrx_word' id='word_1_173' title='bbox 394 1844 541 1872; x_wconf 91' lang='lat' dir='ltr'>versus</span> <span class='ocrx_word' id='word_1_174' title='bbox 584 1844 635 1872; x_wconf 92' lang='lat' dir='ltr'>ac</span> <span class='ocrx_word' id='word_1_175' title='bbox 674 1829 919 1872; x_wconf 89' lang='lat' dir='ltr'>trochaicos</span> <span class='ocrx_word' id='word_1_176' title='bbox 951 1843 1035 1871; x_wconf 88' lang='lat' dir='ltr'>non</span> <span class='ocrx_word' id='word_1_177' title='bbox 1067 1830 1356 1881; x_wconf 85' lang='lat' dir='ltr'>Quintilianus</span> <span class='ocrx_word' id='word_1_178' title='bbox 1387 1831 1523 1885; x_wconf 84' lang='lat' dir='ltr'>magis</span> <span class='ocrx_word' id='word_1_179' title='bbox 1557 1831 1747 1885; x_wconf 83' lang='lat' dir='ltr'>respexit</span> 
     </span>
     <span class='ocr_line' id='line_1_25' title="bbox 235 1898 1746 1954; baseline 0.001 -13"><span class='ocrx_word' id='word_1_180' title='bbox 235 1914 364 1954; x_wconf 91' lang='lat' dir='ltr'>quam</span> <span class='ocrx_word' id='word_1_181' title='bbox 391 1899 564 1941; x_wconf 88' lang='lat' dir='ltr'>Persius</span> <span class='ocrx_word' id='word_1_182' title='bbox 605 1902 648 1941; x_wconf 91' lang='lat' dir='ltr'>et</span> <span class='ocrx_word' id='word_1_183' title='bbox 678 1898 892 1940; x_wconf 87' lang='lat' dir='ltr'>Iuvenalis</span> <span class='ocrx_word' id='word_1_184' title='bbox 934 1913 985 1940; x_wconf 87' lang='lat' dir='ltr'>ac</span> <span class='ocrx_word' id='word_1_185' title='bbox 1025 1898 1260 1954; x_wconf 83' lang='lat' dir='ltr'>plerique),</span> <span class='ocrx_word' id='word_1_186' title='bbox 1302 1899 1345 1940; x_wconf 89' lang='lat' dir='ltr'>in</span> <span class='ocrx_word' id='word_1_187' title='bbox 1379 1899 1584 1941; x_wconf 84' lang='lat' dir='ltr'>Varronis</span> <span class='ocrx_word' id='word_1_188' title='bbox 1624 1899 1746 1942; x_wconf 87' lang='lat' dir='ltr'>libris</span> 
     </span>
     <span class='ocr_line' id='line_1_26' title="bbox 234 1967 1747 2019; baseline 0.001 -10"><span class='ocrx_word' id='word_1_189' title='bbox 234 1982 318 2010; x_wconf 91' lang='lat' dir='ltr'>non</span> <span class='ocrx_word' id='word_1_190' title='bbox 350 1968 477 2010; x_wconf 89' lang='lat' dir='ltr'>modo</span> <span class='ocrx_word' id='word_1_191' title='bbox 509 1967 645 2009; x_wconf 89' lang='lat' dir='ltr'>multa</span> <span class='ocrx_word' id='word_1_192' title='bbox 675 1967 857 2009; x_wconf 84' lang='lat' dir='ltr'>inveniri</span> <span class='ocrx_word' id='word_1_193' title='bbox 887 1970 1043 2019; x_wconf 86' lang='lat' dir='ltr'>metra,</span> <span class='ocrx_word' id='word_1_194' title='bbox 1083 1967 1159 2009; x_wconf 90' lang='lat' dir='ltr'>sed</span> <span class='ocrx_word' id='word_1_195' title='bbox 1198 1968 1347 2010; x_wconf 89' lang='lat' dir='ltr'>eadem</span> <span class='ocrx_word' id='word_1_196' title='bbox 1387 1968 1521 2010; x_wconf 82' lang='lat' dir='ltr'>mixta</span> <span class='ocrx_word' id='word_1_197' title='bbox 1553 1970 1747 2011; x_wconf 88' lang='lat' dir='ltr'>oratione</span> 
     </span>
     <span class='ocr_line' id='line_1_27' title="bbox 234 2036 1747 2092; baseline 0 -13"><span class='ocrx_word' id='word_1_198' title='bbox 234 2037 437 2092; x_wconf 88' lang='lat' dir='ltr'>pedestri.</span> <span class='ocrx_word' id='word_1_199' title='bbox 499 2036 601 2078; x_wconf 92' lang='lat' dir='ltr'>illud</span> <span class='ocrx_word' id='word_1_200' title='bbox 636 2040 809 2087; x_wconf 68' lang='lat' dir='ltr'>ammius</span> <span class='ocrx_word' id='word_1_201' title='bbox 840 2039 984 2078; x_wconf 87' lang='lat' dir='ltr'>autem</span> <span class='ocrx_word' id='word_1_202' title='bbox 1018 2037 1226 2079; x_wconf 87' lang='lat' dir='ltr'>materiae</span> <span class='ocrx_word' id='word_1_203' title='bbox 1257 2037 1472 2091; x_wconf 84' lang='lat' dir='ltr'>significat</span> <span class='ocrx_word' id='word_1_204' title='bbox 1502 2037 1747 2079; x_wconf 88' lang='lat' dir='ltr'>ubertatem</span> 
     </span>
     <span class='ocr_line' id='line_1_28' title="bbox 233 2104 1746 2160; baseline 0.001 -13"><span class='ocrx_word' id='word_1_205' title='bbox 233 2106 587 2160; x_wconf 77' lang='lat' dir='ltr'>varietatemque,</span> <span class='ocrx_word' id='word_1_206' title='bbox 618 2109 797 2160; x_wconf 88' lang='lat' dir='ltr'>propter</span> <span class='ocrx_word' id='word_1_207' title='bbox 828 2119 957 2159; x_wconf 87' lang='lat' dir='ltr'>quam</span> <span class='ocrx_word' id='word_1_208' title='bbox 989 2104 1240 2160; x_wconf 83' lang='lat' dir='ltr'>adiungitur</span> <span class='ocrx_word' id='word_1_209' title='bbox 1265 2106 1309 2147; x_wconf 89' lang='lat' dir='ltr'>in</span> <span class='ocrx_word' id='word_1_210' title='bbox 1342 2106 1621 2160; x_wconf 87' lang='lat' dir='ltr'>sequentibus</span> <span class='ocrx_word' id='word_1_211' title='bbox 1652 2106 1746 2148; x_wconf 88' lang='lat' dir='ltr'>laus</span> 
     </span>
     <span class='ocr_line' id='line_1_29' title="bbox 234 2174 711 2217; baseline -0.002 -1"><span class='ocrx_word' id='word_1_212' title='bbox 234 2175 457 2217; x_wconf 89' lang='lat' dir='ltr'>doctrinae</span> <span class='ocrx_word' id='word_1_213' title='bbox 492 2174 711 2216; x_wconf 87' lang='lat' dir='ltr'>Varronis.</span> 
     </span>
    </p>

    <p class='ocr_par' dir='ltr' id='par_1_5' title="bbox 233 2242 1745 2436">
     <span class='ocr_line' id='line_1_30' title="bbox 349 2242 1745 2286; baseline 0 -1"><span class='ocrx_word' id='word_1_214' title='bbox 349 2243 549 2285; x_wconf 91' lang='lat' dir='ltr'>Ceterum</span> <span class='ocrx_word' id='word_1_215' title='bbox 593 2244 628 2285; x_wconf 92' lang='lat' dir='ltr'>si</span> <span class='ocrx_word' id='word_1_216' title='bbox 671 2243 777 2284; x_wconf 89' lang='lat' dir='ltr'>nihil</span> <span class='ocrx_word' id='word_1_217' title='bbox 824 2246 939 2285; x_wconf 87' lang='lat' dir='ltr'>esset</span> <span class='ocrx_word' id='word_1_218' title='bbox 978 2242 1188 2285; x_wconf 85' lang='lat' dir='ltr'>traditum</span> <span class='ocrx_word' id='word_1_219' title='bbox 1227 2243 1279 2285; x_wconf 90' lang='lat' dir='ltr'>de</span> <span class='ocrx_word' id='word_1_220' title='bbox 1320 2243 1459 2285; x_wconf 86' lang='lat' dir='ltr'>forma</span> <span class='ocrx_word' id='word_1_221' title='bbox 1499 2247 1745 2286; x_wconf 86' lang='lat' dir='ltr'>saturarum</span> 
     </span>
     <span class='ocr_line' id='line_1_31' title="bbox 233 2312 1745 2367; baseline 0.001 -14"><span class='ocrx_word' id='word_1_222' title='bbox 233 2312 579 2367; x_wconf 88' lang='lat' dir='ltr'>Menippearum,</span> <span class='ocrx_word' id='word_1_223' title='bbox 617 2315 763 2354; x_wconf 88' lang='lat' dir='ltr'>tamen</span> <span class='ocrx_word' id='word_1_224' title='bbox 804 2325 889 2353; x_wconf 90' lang='lat' dir='ltr'>non</span> <span class='ocrx_word' id='word_1_225' title='bbox 927 2312 1067 2354; x_wconf 88' lang='lat' dir='ltr'>minus</span> <span class='ocrx_word' id='word_1_226' title='bbox 1097 2319 1210 2354; x_wconf 90' lang='lat' dir='ltr'>esset</span> <span class='ocrx_word' id='word_1_227' title='bbox 1242 2316 1407 2354; x_wconf 88' lang='lat' dir='ltr'>certum</span> <span class='ocrx_word' id='word_1_228' title='bbox 1441 2313 1577 2355; x_wconf 88' lang='lat' dir='ltr'>multa</span> <span class='ocrx_word' id='word_1_229' title='bbox 1609 2314 1651 2355; x_wconf 88' lang='lat' dir='ltr'>in</span> <span class='ocrx_word' id='word_1_230' title='bbox 1685 2314 1745 2355; x_wconf 89' lang='lat' dir='ltr'>eis</span> 
     </span>
     <span class='ocr_line' id='line_1_32' title="bbox 234 2380 1353 2436; baseline -0.001 -13"><span class='ocrx_word' id='word_1_231' title='bbox 234 2385 433 2423; x_wconf 86' lang='lat' dir='ltr'>constare</span> <span class='ocrx_word' id='word_1_232' title='bbox 464 2394 596 2436; x_wconf 88' lang='lat' dir='ltr'>prosa</span> <span class='ocrx_word' id='word_1_233' title='bbox 627 2384 670 2422; x_wconf 91' lang='lat' dir='ltr'>et</span> <span class='ocrx_word' id='word_1_234' title='bbox 702 2381 756 2422; x_wconf 88' lang='lat' dir='ltr'>ab</span> <span class='ocrx_word' id='word_1_235' title='bbox 789 2381 903 2423; x_wconf 91' lang='lat' dir='ltr'>omni</span> <span class='ocrx_word' id='word_1_236' title='bbox 935 2380 1172 2423; x_wconf 89' lang='lat' dir='ltr'>abhorrere</span> <span class='ocrx_word' id='word_1_237' title='bbox 1203 2385 1353 2423; x_wconf 88' lang='lat' dir='ltr'>metro.</span> 
     </span>
    </p>

    <p class='ocr_par' dir='ltr' id='par_1_6' title="bbox 233 2449 1746 2848">
     <span class='ocr_line' id='line_1_33' title="bbox 350 2449 1746 2504; baseline 0.001 -13"><span class='ocrx_word' id='word_1_238' title='bbox 350 2451 470 2501; x_wconf 90' lang='lat' dir='ltr'>Quae</span> <span class='ocrx_word' id='word_1_239' title='bbox 500 2464 597 2491; x_wconf 90' lang='lat' dir='ltr'>cum</span> <span class='ocrx_word' id='word_1_240' title='bbox 628 2449 690 2491; x_wconf 86' lang='lat' dir='ltr'>ita</span> <span class='ocrx_word' id='word_1_241' title='bbox 722 2450 818 2501; x_wconf 90' lang='lat' dir='ltr'>sint,</span> <span class='ocrx_word' id='word_1_242' title='bbox 850 2450 1014 2492; x_wconf 88' lang='lat' dir='ltr'>frustra</span> <span class='ocrx_word' id='word_1_243' title='bbox 1045 2450 1127 2492; x_wconf 88' lang='lat' dir='ltr'>fuit</span> <span class='ocrx_word' id='word_1_244' title='bbox 1149 2450 1383 2504; x_wconf 87' lang='lat' dir='ltr'>Roeperus,</span> <span class='ocrx_word' id='word_1_245' title='bbox 1417 2465 1510 2492; x_wconf 89' lang='lat' dir='ltr'>cum</span> <span class='ocrx_word' id='word_1_246' title='bbox 1535 2454 1746 2493; x_wconf 90' lang='lat' dir='ltr'>statueret</span> 
     </span>
     <span class='ocr_line' id='line_1_34' title="bbox 234 2519 1746 2573; baseline 0.001 -13"><span class='ocrx_word' id='word_1_247' title='bbox 234 2533 380 2561; x_wconf 86' lang='lat' dir='ltr'>omnes</span> <span class='ocrx_word' id='word_1_248' title='bbox 413 2532 562 2560; x_wconf 85' lang='lat' dir='ltr'>earum</span> <span class='ocrx_word' id='word_1_249' title='bbox 593 2519 800 2573; x_wconf 90' lang='lat' dir='ltr'>reliquias</span> <span class='ocrx_word' id='word_1_250' title='bbox 832 2519 1029 2561; x_wconf 84' lang='lat' dir='ltr'>versibus</span> <span class='ocrx_word' id='word_1_251' title='bbox 1068 2519 1297 2571; x_wconf 90' lang='lat' dir='ltr'>contineri,</span> <span class='ocrx_word' id='word_1_252' title='bbox 1340 2533 1446 2573; x_wconf 92' lang='lat' dir='ltr'>quos</span> <span class='ocrx_word' id='word_1_253' title='bbox 1475 2524 1523 2561; x_wconf 95' lang='lat' dir='ltr'>ut</span> <span class='ocrx_word' id='word_1_254' title='bbox 1555 2519 1746 2562; x_wconf 86' lang='lat' dir='ltr'>efficeret</span> 
     </span>
     <span class='ocr_line' id='line_1_35' title="bbox 233 2587 1744 2643; baseline 0 -13"><span class='ocrx_word' id='word_1_255' title='bbox 233 2589 421 2630; x_wconf 86' lang='lat' dir='ltr'>maxima</span> <span class='ocrx_word' id='word_1_256' title='bbox 442 2602 546 2630; x_wconf 91' lang='lat' dir='ltr'>usus</span> <span class='ocrx_word' id='word_1_257' title='bbox 569 2591 634 2629; x_wconf 91' lang='lat' dir='ltr'>est</span> <span class='ocrx_word' id='word_1_258' title='bbox 656 2588 841 2629; x_wconf 87' lang='lat' dir='ltr'>audacia</span> <span class='ocrx_word' id='word_1_259' title='bbox 861 2588 905 2629; x_wconf 90' lang='lat' dir='ltr'>in</span> <span class='ocrx_word' id='word_1_260' title='bbox 925 2587 1215 2639; x_wconf 86' lang='lat' dir='ltr'>immutandis,</span> <span class='ocrx_word' id='word_1_261' title='bbox 1247 2589 1510 2640; x_wconf 89' lang='lat' dir='ltr'>traiciendis,</span> <span class='ocrx_word' id='word_1_262' title='bbox 1543 2590 1744 2643; x_wconf 88' lang='lat' dir='ltr'>supplen-</span> 
     </span>
     <span class='ocr_line' id='line_1_36' title="bbox 234 2656 1744 2710; baseline 0.001 -13"><span class='ocrx_word' id='word_1_263' title='bbox 234 2657 299 2698; x_wconf 91' lang='lat' dir='ltr'>dis</span> <span class='ocrx_word' id='word_1_264' title='bbox 331 2656 492 2709; x_wconf 87' lang='lat' dir='ltr'>verbis,</span> <span class='ocrx_word' id='word_1_265' title='bbox 532 2656 696 2698; x_wconf 88' lang='lat' dir='ltr'>nullum</span> <span class='ocrx_word' id='word_1_266' title='bbox 728 2656 836 2697; x_wconf 91' lang='lat' dir='ltr'>adeo</span> <span class='ocrx_word' id='word_1_267' title='bbox 868 2657 1070 2698; x_wconf 87' lang='lat' dir='ltr'>vitiorum</span> <span class='ocrx_word' id='word_1_268' title='bbox 1098 2670 1230 2710; x_wconf 84' lang='lat' dir='ltr'>genus</span> <span class='ocrx_word' id='word_1_269' title='bbox 1259 2661 1379 2699; x_wconf 87' lang='lat' dir='ltr'>ratus</span> <span class='ocrx_word' id='word_1_270' title='bbox 1411 2671 1437 2699; x_wconf 86' lang='lat' dir='ltr'>a</span> <span class='ocrx_word' id='word_1_271' title='bbox 1464 2657 1590 2699; x_wconf 91' lang='lat' dir='ltr'>Nonii</span> <span class='ocrx_word' id='word_1_272' title='bbox 1621 2657 1744 2700; x_wconf 87' lang='lat' dir='ltr'>libris</span> 
     </span>
     <span class='ocr_line' id='line_1_37' title="bbox 233 2725 1743 2779; baseline 0.001 -13"><span class='ocrx_word' id='word_1_273' title='bbox 233 2726 350 2779; x_wconf 88' lang='lat' dir='ltr'>(nam</span> <span class='ocrx_word' id='word_1_274' title='bbox 395 2739 473 2779; x_wconf 89' lang='lat' dir='ltr'>per</span> <span class='ocrx_word' id='word_1_275' title='bbox 517 2725 632 2766; x_wconf 89' lang='lat' dir='ltr'>hunc</span> <span class='ocrx_word' id='word_1_276' title='bbox 680 2725 949 2779; x_wconf 87' lang='lat' dir='ltr'>potissimum</span> <span class='ocrx_word' id='word_1_277' title='bbox 994 2729 1210 2767; x_wconf 88' lang='lat' dir='ltr'>servatum</span> <span class='ocrx_word' id='word_1_278' title='bbox 1255 2726 1465 2779; x_wconf 88' lang='lat' dir='ltr'>quidquid</span> <span class='ocrx_word' id='word_1_279' title='bbox 1510 2729 1646 2768; x_wconf 86' lang='lat' dir='ltr'>restat</span> <span class='ocrx_word' id='word_1_280' title='bbox 1692 2741 1743 2768; x_wconf 89' lang='lat' dir='ltr'>ex</span> 
     </span>
     <span class='ocr_line' id='line_1_38' title="bbox 234 2793 1035 2848; baseline -0.001 -13"><span class='ocrx_word' id='word_1_281' title='bbox 234 2794 392 2835; x_wconf 89' lang='lat' dir='ltr'>saturis</span> <span class='ocrx_word' id='word_1_282' title='bbox 424 2793 681 2848; x_wconf 82' lang='lat' dir='ltr'>Menippeis)</span> <span class='ocrx_word' id='word_1_283' title='bbox 713 2807 806 2834; x_wconf 87' lang='lat' dir='ltr'>esse</span> <span class='ocrx_word' id='word_1_284' title='bbox 837 2793 1035 2834; x_wconf 88' lang='lat' dir='ltr'>alienum.</span> 
     </span>
    </p>

    <p class='ocr_par' dir='ltr' id='par_1_7' title="bbox 235 2861 1742 2984">
     <span class='ocr_line' id='line_1_39' title="bbox 349 2861 1742 2915; baseline 0 -11"><span class='ocrx_word' id='word_1_285' title='bbox 349 2862 508 2904; x_wconf 89' lang='lat' dir='ltr'>Verum</span> <span class='ocrx_word' id='word_1_286' title='bbox 531 2862 660 2903; x_wconf 90' lang='lat' dir='ltr'>etiam</span> <span class='ocrx_word' id='word_1_287' title='bbox 684 2861 822 2915; x_wconf 86' lang='lat' dir='ltr'>magis</span> <span class='ocrx_word' id='word_1_288' title='bbox 844 2862 1058 2903; x_wconf 88' lang='lat' dir='ltr'>sententia</span> <span class='ocrx_word' id='word_1_289' title='bbox 1079 2861 1232 2904; x_wconf 87' lang='lat' dir='ltr'>fefellit</span> <span class='ocrx_word' id='word_1_290' title='bbox 1248 2863 1471 2913; x_wconf 81' lang='lat' dir='ltr'>Kochium,</span> <span class='ocrx_word' id='word_1_291' title='bbox 1491 2863 1742 2914; x_wconf 80' lang='lat' dir='ltr'>Vahlenum,</span> 
     </span>
     <span class='ocr_line' id='line_1_40' title="bbox 235 2930 1741 2984; baseline 0 -12"><span class='ocrx_word' id='word_1_292' title='bbox 235 2930 437 2982; x_wconf 88' lang='lat' dir='ltr'>Riesium,</span> <span class='ocrx_word' id='word_1_293' title='bbox 470 2931 544 2984; x_wconf 84' lang='lat' dir='ltr'>qui</span> <span class='ocrx_word' id='word_1_294' title='bbox 574 2931 636 2972; x_wconf 88' lang='lat' dir='ltr'>ita</span> <span class='ocrx_word' id='word_1_295' title='bbox 667 2931 823 2972; x_wconf 82' lang='lat' dir='ltr'>mixtos</span> <span class='ocrx_word' id='word_1_296' title='bbox 855 2944 950 2971; x_wconf 88' lang='lat' dir='ltr'>cum</span> <span class='ocrx_word' id='word_1_297' title='bbox 982 2944 1113 2984; x_wconf 86' lang='lat' dir='ltr'>prosa</span> <span class='ocrx_word' id='word_1_298' title='bbox 1143 2930 1274 2972; x_wconf 90' lang='lat' dir='ltr'>fuisse</span> <span class='ocrx_word' id='word_1_299' title='bbox 1306 2945 1453 2973; x_wconf 84' lang='lat' dir='ltr'>versus</span> <span class='ocrx_word' id='word_1_300' title='bbox 1486 2935 1741 2982; x_wconf 74' lang='lat' dir='ltr'>statuerunt,</span> 
     </span>
    </p>
   </div>
  </div>
 </body>
</html>
