1898 3292
755 188 1030 214 PRoflomnVM.
1594 179 1610 218 1
1621 180 1642 217 3

138 290 296 331 flexere
328 289 383 330 ad
416 289 649 344 deteriora)
688 304 765 331 sua
796 291 960 344 pariter
990 289 1132 331 indole
1164 294 1207 330 et
1235 290 1511 343 collegiorum
1543 304 1642 344 poe-

137 359 320 400 ticorum
352 358 619 409 adiumento,
658 372 757 399 mox
798 359 839 399 in
874 358 1119 399 barbariem
1151 361 1344 399 vertente
1376 372 1532 412 genere
1565 359 1642 400 hu-

137 441 263 468 mano
311 426 619 480 exemplarium
671 427 962 480 antiquiorum
1012 426 1252 467 imitatione
1303 440 1352 467 eo
1396 427 1640 480 pervenisse

138 495 345 547 existimo,
386 498 435 536 ut
465 498 605 546 tanta,
646 498 853 549 quantam
884 495 926 536 in
959 495 1131 549 scriptis
1169 508 1315 536 eorum
1349 495 1553 547 videmus,
1582 496 1644 537 rei

136 564 339 605 metricae
370 566 595 605 uterentur
626 567 668 605 et
695 563 899 605 libertate
932 567 975 605 et
1006 564 1231 617 elegantia.
1286 564 1406 605 ouius
1428 564 1490 605 rei
1512 578 1642 605 unum

136 646 291 686 ponam
324 632 577 686 exemplum.

252 701 510 755 Saepissime
562 715 586 741 a
636 701 826 742 metricis
878 702 1058 742 vetustis
1115 701 1329 755 epiploces
1381 705 1644 742 memoratur

136 769 381 821 ludibrium,
415 783 498 823 quo
532 769 718 811 admisso
751 773 890 811 metra
911 770 1036 823 longe
1057 769 1247 824 plurima
1270 784 1294 810 a
1317 770 1446 811 certis
1470 770 1644 824 quibus-

136 838 233 879 dam
277 838 443 889 formis,
486 839 671 879 maxime
711 838 1074 879 nobilissimorum
1116 852 1332 887 versuum,
1374 839 1413 879 h.
1447 853 1479 879 e.
1512 839 1644 880 hexa-

135 907 261 948 metri
292 907 491 961 dactylici
535 910 577 948 et
608 907 792 948 trimetri
824 906 1010 957 iambici,
1044 906 1325 948 deduxerunt.
1387 907 1513 949 huius
1546 907 1642 948 doc·

135 976 275 1017 trinae
306 976 470 1029 primus
504 989 555 1017 ex
578 976 884 1029 grammaticis,
917 975 969 1017 de
992 975 1148 1029 quibus
1170 975 1254 1016 iam
1279 979 1460 1027 constat,
1493 980 1645 1018 auctor

136 1044 279 1085 extitit
310 1044 448 1086 Varro
488 1044 530 1085 in
571 1044 692 1085 libris
736 1044 788 1086 de
828 1058 1024 1085 sermone
1056 1044 1222 1086 Latino.
1285 1058 1310 1085 a
1351 1045 1472 1086 cuius
1502 1044 1644 1086 indole

138 1113 192 1154 ad
240 1113 519 1166 geometriam
569 1113 972 1166 arithmeticamque
1019 1113 1221 1167 proniore
1262 1127 1523 1167 quamquam
1561 1128 1645 1155 non

135 1181 343 1222 abhorret
372 1185 462 1222 tam
493 1182 707 1223 curiosum
738 1182 970 1232 inventum,
1002 1186 1147 1223 tamen
1178 1183 1221 1223 id
1253 1182 1307 1223 ab
1342 1182 1644 1223 Alexandrinis

133 1250 316 1304 petitum
346 1263 492 1292 omnes
523 1251 656 1292 habet
686 1264 885 1292 numeros
918 1250 1255 1305 probabilitatis.
1306 1252 1542 1292 Varronem
1581 1265 1643 1292 se-

134 1322 258 1360 cutus
298 1332 408 1360 saec.
451 1334 491 1373 p.
523 1319 618 1361 Chr.
660 1320 798 1373 primo
845 1319 1021 1361 Caesius
1062 1320 1242 1371 Bassus,
1289 1320 1402 1361 hunc
1443 1320 1644 1374 deinceps

133 1387 295 1441 posteri
325 1387 532 1441 plerique.

248 1456 337 1497 Iam
365 1456 419 1497 ad
452 1456 696 1510 opinionem
728 1457 859 1498 talem
891 1456 1195 1498 stabiliendam
1238 1461 1343 1510 quot
1384 1457 1642 1511 quantisque

136 1525 317 1578 argutiis
349 1525 609 1579 ineptiisque
641 1526 684 1566 in
715 1526 893 1579 singulis
925 1526 1190 1579 explicandis
1213 1527 1362 1567 metris
1385 1540 1491 1580 opus
1514 1526 1645 1567 fuerit

133 1607 256 1634 nemo
288 1607 372 1635 non
400 1593 528 1635 videt.
590 1607 641 1634 ac
671 1597 816 1635 tamen
845 1598 1000 1648 poetae
1033 1594 1201 1636 classici
1239 1595 1305 1636 his
1337 1595 1402 1636 vel
1434 1594 1645 1636 similibus

133 1662 202 1702 vix
233 1676 437 1715 umquam
469 1661 638 1716 decepti
669 1666 768 1704 sunt
795 1663 1065 1717 praestigiis,
1108 1663 1183 1704 sed
1224 1677 1391 1704 summa
1432 1678 1527 1704 cum
1560 1663 1643 1704 616-

134 1731 281 1784 gantia
313 1734 356 1772 et
383 1731 634 1785 integritate
677 1745 775 1773 suos
817 1732 999 1786 quisque
1042 1732 1306 1774 adornavere
1348 1746 1508 1774 versus.
1569 1732 1642 1774 ad-

133 1813 268 1853 eoque
313 1803 456 1841 aetate
498 1800 650 1841 ultima
689 1801 762 1854 qui
798 1800 936 1852 fuere,
971 1800 1233 1842 Claudianus
1272 1804 1314 1842 et
1347 1801 1642 1851 Namatianus,

133 1882 228 1910 cum
273 1869 436 1911 solidae
478 1869 520 1909 in
553 1870 835 1922 grammatica
870 1869 1025 1910 Latina
1058 1869 1280 1910 doctrinae
1312 1870 1381 1911 vix
1413 1870 1525 1911 ullus
1556 1871 1642 1911 iam

133 1941 247 1979 esset
275 1937 408 1990 locus,
440 1937 542 1991 quid
572 1937 735 1979 habent
766 1938 880 1991 quod
911 1938 965 1979 ab
998 1938 1171 1991 optimis
1201 1938 1450 1979 auctoribus
1482 1939 1537 1980 sit
1567 1939 1643 1979 ali-

132 2007 291 2047 enum?
343 2006 446 2059 quid
484 2006 596 2059 quod
629 2006 836 2048 Boethius
868 2020 1015 2048 everso
1044 2007 1128 2048 iam
1161 2007 1342 2060 imperio
1374 2008 1566 2048 Romano
1602 2011 1644 2048 et

131 2074 332 2116 barbaris
365 2074 658 2129 optinentibus
691 2075 862 2116 Italiam
896 2076 1102 2129 pleraque
1144 2079 1234 2116 tam
1279 2076 1445 2117 curiose
1482 2080 1642 2130 tempe-

131 2143 245 2184 ravit
274 2143 317 2184 in
348 2157 394 2185 re
427 2144 606 2185 metrica
637 2144 781 2198 (modo
811 2144 1017 2186 dimetros
1041 2144 1340 2198 anapaesticos
1363 2148 1406 2186 et
1427 2145 1512 2186 alia
1538 2159 1644 2199 pau-

133 2212 304 2253 cissima
336 2213 595 2266 exceperis),
627 2216 675 2254 ut
706 2227 854 2254 versus
890 2214 979 2255 eius
1012 2227 1095 2255 non
1126 2213 1265 2254 minus
1298 2213 1480 2254 Neronis
1514 2227 1642 2267 quam

131 2280 386 2322 Theodorici
418 2280 687 2335 temporibus
718 2282 858 2335 possis
899 2282 1151 2335 assignare?
1213 2281 1287 2323 sed
1330 2281 1381 2323 de
1423 2282 1490 2322 his
1531 2281 1644 2323 infra

130 2348 326 2402 pluribus
358 2349 537 2391 dicetur.
598 2363 711 2391 nunc
743 2354 887 2391 autem
917 2350 972 2392 ad
1002 2350 1221 2404 inceptum
1253 2350 1394 2392 redeo.

245 2416 424 2458 Praeter
453 2417 666 2472 epiploces
698 2418 927 2460 artificium
954 2419 1138 2461 maxime
1161 2419 1441 2461 memoranda
1462 2421 1641 2472 propter

131 2485 457 2538 perversitatem
489 2500 600 2539 quae
632 2486 684 2528 de
716 2487 928 2540 ambiguis
961 2488 1061 2539 sive,
1093 2491 1141 2529 ut
1172 2487 1310 2529 solent
1331 2501 1498 2538 vocare,
1529 2501 1640 2528 com-

131 2553 330 2595 munibus
362 2554 538 2608 syllabis
576 2555 795 2608 protulere
837 2556 1107 2609 grammatici
1138 2556 1292 2597 Latini.
1353 2570 1452 2597 nam
1491 2569 1642 2597 novem

131 2620 219 2662 fere
251 2621 386 2663 modis
430 2623 541 2664 effici
585 2627 852 2675 statuerunt,
897 2624 1047 2666 eadem
1090 2628 1136 2666 ut
1176 2624 1336 2666 vocalis
1376 2627 1419 2665 et
1461 2623 1643 2677 produci

130 2694 277 2743 posset
307 2694 351 2732 et
382 2692 557 2745 corripi,
602 2706 708 2745 quos
739 2693 842 2744 iam,
888 2693 998 2734 sicut
1031 2693 1112 2747 ipsi
1146 2695 1403 2743 memorant,
1435 2692 1518 2733 hoc
1548 2693 1641 2733 loco

131 2771 338 2811 promam.

245 2826 412 2868 Primus
445 2831 521 2879 est,
555 2828 589 2870 si
619 2832 717 2882 post
745 2828 914 2870 brevem
950 2829 1159 2884 syllabam
1191 2829 1234 2869 in
1272 2829 1421 2870 eadem
1454 2828 1641 2870 dictione

132 2898 335 2935 secuntur
365 2900 379 2936 τ’
410 2896 475 2937 vel
507 2911 549 2948 u,
595 2910 705 2949 quae
748 2897 782 2938 si
825 2898 864 2938 in
905 2911 1134 2939 consonam
1168 2897 1348 2948 abeunt,
1388 2897 1641 2951 producitur

131 2962 217 3013 illa,
248 2963 381 3004 veluti
417 2961 662 3015 ‘parietibus
694 2972 844 3007 textum
877 2969 1010 3006 caecis
1041 2963 1138 3006 ‘iter’
1179 2968 1255 3006 aut
1284 2964 1439 3016 ‘yenua
1470 2968 1641 3007 labant&
