1898 3292
725 226 842 250 mnan
863 226 1018 250 snxrvs.
1541 216 1621 252 465

121 341 209 378 que,
243 340 338 367 cum
368 327 473 367 locis
504 327 699 380 plurimis
730 330 955 380 poetarum
989 325 1306 366 demonstretur
1339 325 1546 366 coaluisse
1579 325 1622 365 in

118 410 247 437 unum
280 409 375 436 cum
406 399 528 448 parte
559 395 857 448 praecedente,
890 393 1123 447 aliquando
1154 393 1316 446 proprii
1341 393 1457 433 verbi
1486 393 1623 433 instar

119 467 161 504 et
191 476 267 516 per
302 477 346 504 se
379 467 644 504 constantem
677 463 788 516 poni.
851 476 977 515 quam
1001 463 1056 502 ad
1088 476 1177 502 rem
1209 461 1475 514 probandam
1508 460 1623 513 quod

118 530 246 571 affert
286 530 501 572 interdum
544 530 722 571 eandem
762 531 804 571 in
846 530 1096 571 hexametro
1136 529 1391 576 imitatione,
1434 532 1481 569 ut
1518 528 1622 569 vidi-

118 613 224 649 mus,
257 598 521 640 Graecorum
553 599 821 652 productam,
857 598 1119 640 contrarium
1151 598 1292 651 potius
1324 610 1374 637 ea
1404 610 1449 637 re
1481 596 1623 637 adseri

119 667 333 715 existimo,
375 680 470 707 cum
511 681 743 720 numquam
786 667 1010 719 quisquam
1052 667 1094 706 in
1126 668 1263 706 metro
1294 664 1447 705 Latino
1478 678 1623 706 mono-

119 734 330 789 syllabum
375 735 640 787 produxerit.
711 739 936 788 praeterea
993 734 1107 788 quod
1158 733 1271 773 idem
1323 732 1623 774 observatione

119 803 398 844 subtilissima
438 803 704 844 demonstrat
749 807 947 844 auctores
992 806 1087 855 post
1116 804 1354 854 Augustum
1386 801 1623 850 nonnullos,

120 884 215 912 cum
247 871 354 912 alias
387 884 554 924 semper
586 885 810 921 caesurae,
840 885 968 924 quam
1004 875 1143 925 putat,
1174 869 1292 910 tertii
1323 869 1517 909 trochaei
1549 869 1623 908 ad-

119 940 336 980 iunxerint
373 939 714 980 semiternariam
753 953 804 979 ac
845 938 1259 992 semiseptenariam,
1299 937 1471 983 laedere
1512 937 1624 977 hanc

118 1007 323 1060 regulam,
354 1007 623 1060 paucissimis
656 1007 827 1060 quidem
860 1007 1077 1060 exemplis,
1106 1007 1168 1047 ita
1190 1006 1291 1054 fere,
1320 1009 1369 1046 ut
1390 1005 1622 1046 secundum

119 1076 271 1129 pedem
304 1089 398 1116 cum
431 1075 635 1117 trochaeo
667 1076 784 1116 tertii
815 1089 899 1116 uno
922 1075 1052 1116 verbo
1084 1075 1342 1123 contineant,
1378 1075 1497 1115 cuius
1528 1074 1624 1114 finis

120 1148 233 1185 esset
262 1157 350 1194 que,
381 1143 425 1184 id
458 1144 599 1196 potius
631 1144 729 1184 inde
752 1143 921 1184 videtur
947 1143 1240 1197 repetendum,
1272 1142 1386 1195 quod
1417 1141 1533 1182 haud
1564 1141 1626 1181 ita

118 1212 279 1253 multae
311 1215 460 1252 extant
488 1211 530 1252 in
559 1211 714 1252 Latina
743 1212 890 1264 lingua
921 1211 1103 1261 formae,
1135 1224 1264 1264 quae,
1296 1214 1344 1251 ut
1378 1213 1624 1260 omnipoten-

120 1283 182 1328 tis,
216 1283 420 1328 incurata,
464 1279 528 1320 vel
570 1279 771 1321 adonium
813 1294 1037 1321 numerum
1070 1279 1134 1320 vel
1172 1279 1392 1332 epitritum
1424 1281 1624 1330 quartum

120 1351 323 1401 aequent,
359 1347 577 1400 quodque,
610 1352 658 1389 ut
687 1347 712 1388 l.
744 1349 805 1389 III
834 1349 1092 1402 expositum,
1130 1347 1204 1388 ubi
1235 1347 1287 1388 de
1318 1347 1435 1387 exitu
1468 1345 1624 1398 ageba-

120 1419 191 1457 tur
235 1415 495 1466 hexametri,
547 1416 653 1457 talia
701 1430 857 1457 sonora
902 1417 1038 1467 magis
1084 1429 1186 1457 voce
1237 1429 1365 1468 quam
1413 1414 1627 1455 sententia

120 1485 268 1537 gravia
309 1488 408 1525 sunt
446 1484 696 1537 plerumque
736 1488 779 1525 et
820 1485 874 1525 ob
915 1484 958 1526 id
999 1485 1138 1537 ipsum
1177 1484 1315 1537 poetis
1359 1483 1511 1532 invisa,
1554 1483 1626 1534 qui

120 1553 228 1594 adeo
261 1552 483 1607 disyllabis
513 1552 654 1593 verbis
686 1555 751 1594 vel
785 1553 1019 1607 trisyllabis
1049 1553 1092 1593 in
1125 1565 1306 1593 caesura
1344 1551 1494 1604 positis
1540 1551 1625 1602 ple-

119 1635 299 1673 rumque
340 1624 487 1662 amant
525 1621 684 1662 addere
726 1636 821 1671 que,
868 1635 951 1674 quo
994 1621 1269 1670 vocabulum,
1314 1620 1381 1660 cui
1422 1618 1626 1671 iungitur,

120 1689 302 1730 circuitu
333 1689 504 1742 quidem
536 1693 764 1742 augeatur,
797 1689 871 1731 sed
903 1703 1010 1730 novo
1041 1689 1168 1730 simul
1200 1692 1243 1729 et
1274 1702 1298 1729 a
1329 1688 1472 1741 priore
1503 1690 1626 1740 parte

120 1757 287 1798 diverso
318 1771 445 1798 sensu
475 1757 633 1798 addito.

233 1825 385 1878 Itaque
418 1826 547 1867 etiam
577 1826 716 1867 minus
748 1826 831 1867 erit
866 1827 1020 1867 mirum
1052 1840 1127 1867 cur
1158 1824 1336 1866 eandem
1370 1824 1625 1877 particulam

120 1897 208 1935 tam
239 1907 368 1948 saepe
408 1894 550 1935 verbis
592 1894 883 1949 tetrasyllabis
923 1895 1161 1936 adhaerere
1201 1893 1425 1934 voluerint.
1486 1906 1626 1945 neque

119 1965 264 2003 tamen
295 1961 451 2004 diversi
482 1976 585 2003 usus
617 1962 814 2016 exempla
846 1962 960 2016 apud
991 1966 1142 2016 poetas
1164 1963 1329 2003 desunt.
1381 1961 1514 2002 veluti
1535 1960 1626 2012 ipse

121 2030 334 2081 Manilius,
367 2031 486 2071 cuius
515 2035 670 2084 quarto
702 2031 744 2071 in
775 2030 885 2072 libro
919 2044 1086 2084 semper
1118 2045 1195 2081 que
1224 2030 1323 2083 poni
1355 2030 1398 2070 in
1420 2028 1626 2070 trochaeo

119 2099 262 2150 tertio,
294 2099 368 2141 ubi
396 2098 720 2140 trithemimeris
753 2099 875 2150 desit,
912 2100 1037 2140 docet
1059 2099 1257 2149 Meierus,
1289 2099 1332 2139 in
1353 2099 1492 2151 primo
1514 2097 1626 2138 hunc

120 2167 253 2209 habet
286 2181 454 2209 versum
487 2168 627 2222 [513]:

303 2241 449 2275 saecula
474 2241 707 2276 dinumerare
733 2242 846 2286 piget,
874 2243 1116 2286 quotiensque
1143 2253 1348 2283 recurrens,

120 2304 164 2345 in
195 2304 381 2346 secundo
416 2304 524 2346 adeo
555 2305 685 2346 talem
718 2305 861 2360 [221]:

303 2381 388 2412 sunt
413 2379 544 2421 quibus
570 2388 644 2412 esse
670 2379 805 2412 dimna
831 2379 964 2423 placet,
991 2390 1083 2423 quae
1109 2379 1271 2413 mascula
1295 2380 1462 2421 surgunt.

122 2445 252 2494 atque
277 2441 387 2482 tales
419 2442 548 2482 etiam
571 2441 673 2482 alibi
705 2441 820 2495 apud
850 2442 1006 2483 multos
1037 2442 1312 2483 inveniuntur
1342 2454 1500 2481 versus.
1547 2440 1622 2479 ita-

123 2523 205 2562 que
243 2509 517 2551 observatum
549 2524 574 2551 a
604 2509 765 2551 Meiero
797 2511 877 2551 etsi
912 2510 1060 2551 utilcst
1093 2511 1265 2563 cognitu
1306 2522 1444 2561 neque
1485 2511 1628 2561 potest

122 2579 270 2631 negari
302 2591 509 2632 persaepe
540 2579 583 2618 in
612 2578 816 2620 trochaeo
847 2580 976 2620 tertio
1008 2579 1186 2620 inveniri
1220 2592 1314 2628 que.
1348 2576 1519 2630 quando
1552 2575 1627 2616 ab·

123 2650 188 2687 est
218 2660 244 2687 a
274 2660 400 2687 versu
439 2646 778 2698 trithemimeris,
818 2651 963 2688 tamen
1003 2661 1176 2689 causam
1219 2647 1345 2688 huius
1388 2646 1450 2686 rei
1486 2645 1627 2694 aliam,

123 2718 254 2767 atque
284 2714 347 2754 illi
376 2714 551 2768 placuit,
587 2729 678 2757 esse
709 2716 932 2757 contendo.

239 2782 323 2824 Sed
353 2783 648 2824 encliticarum
678 2798 800 2825 usum
841 2789 964 2825 extra
998 2784 1310 2837 inseparabiles
1355 2796 1450 2832 que,
1484 2795 1546 2829 ve,
1578 2794 1628 2821 ηε

122 2851 359 2904 particulas
391 2855 658 2893 constantem
690 2858 737 2893 ut·
772 2853 1015 2906 expediam,
1055 2853 1160 2893 satis
1196 2854 1403 2892 certumst
1432 2851 1473 2890 in
1506 2849 1627 2890 libris

124 2919 431 2973 dactylicorum
464 2925 642 2974 propter
670 2920 955 2973 frequentiam
988 2935 1088 2961 usus
1121 2921 1234 2960 coire
1266 2921 1307 2959 in
1339 2933 1468 2958 unum
1501 2932 1627 2958 vocu-

191 2999 223 3025 L.
243 2999 433 3030 iuuenum
463 3001 506 3024 De
526 3008 547 3025 r.
567 3008 604 3026 m.
624 3008 652 3030 p.
670 3000 702 3024 L.
1310 2988 1354 3020 30
