1898 3292
253 238 333 275 324
841 248 960 272 LIBER
979 247 1167 278 QVARTVS.

251 348 360 389 dura
391 352 433 389 et
459 348 605 389 mollia
632 348 756 390 nimis
786 349 1006 391 dissoluta.
1040 376 1094 379 ψ
1128 351 1212 391 iam
1244 350 1350 392 illud
1383 354 1530 401 quoad,
1562 353 1609 391 ut
1641 364 1757 392 scae-

250 417 347 467 nici,
380 417 723 471 monosyllabum
757 424 995 471 posuerunt
1025 419 1250 460 Lucretius
1285 418 1348 475 [V,
1382 422 1510 470 12113
1546 421 1647 460 1431
1676 418 1757 475 al.]‚

250 485 456 526 Horatius
486 484 530 541 [s.
553 486 606 535 ΙΙ,
630 489 666 536 3,
690 485 771 542 91]‚
805 487 1017 528 Ausonius
1053 486 1183 543 [idyll.
1210 490 1272 537 10,
1297 487 1406 542 372].
1454 501 1582 541 saepe
1614 491 1755 528 autem

250 567 326 606 pro
359 567 408 594 eo
441 554 483 594 in
505 554 627 594 libris
649 555 864 595 invenitur
897 559 1016 605 quod,
1049 556 1179 596 veluti
1203 556 1324 596 Lucr.
1348 556 1399 605 ΙΙ,
1426 559 1528 607 850;
1563 556 1608 603 V,
1636 559 1755 597 1031.

248 621 290 662 id
322 621 535 674 producta
567 621 873 663 efferendumst
904 637 936 664 0.
990 624 1098 676 fugit
1129 637 1197 664 res
1229 623 1379 664 doctos
1410 624 1451 664 in
1474 625 1568 664 loco
1592 625 1757 664 Afranii

247 690 470 730 notissimo
501 689 705 746 [Macrob.
738 691 807 735 VI,
843 694 877 741 1,
910 690 975 747 4]:

660 758 787 796 fateor.v
815 760 954 802 sumpsi
980 771 1051 793 non
1080 761 1124 794 ab
1152 760 1212 793 illo
1238 760 1359 802 modo,

522 815 585 849 sed
612 818 652 849 ut
681 816 833 859 quisque
860 816 998 859 habuit,
1026 818 1240 851 conveniret
1266 817 1364 861 1111011
1394 817 1492 859 1111111,

521 871 619 915 11111111
644 883 701 906 1110
730 884 802 905 11011
831 884 937 916 posse
964 873 1093 907 melius
1120 873 1240 907 facere
1268 874 1418 916 credidi,

522 930 632 962 etiam
659 942 679 962 a
706 929 851 963 Latino.

246 992 320 1033 ubi
362 997 470 1043 quod
511 992 694 1033 alterum
735 996 895 1045 aequat
941 1001 1153 1043 maleum.
1227 1007 1277 1034 ac
1318 993 1514 1034 similiter
1555 999 1757 1036 colescere

247 1061 404 1102 dicitur
444 1074 522 1114 pro
569 1065 812 1102 coalescere.
858 1087 901 1090 ψ
951 1066 996 1102 at
1034 1062 1251 1115 particula
1293 1070 1418 1112 prout
1462 1063 1757 1117 monosyllaba

246 1143 328 1169 non
371 1130 586 1170 invenitur
622 1129 704 1170 nisi
747 1144 831 1170 uno
872 1145 998 1171 versu
1039 1130 1208 1171 Horatii
1251 1129 1296 1186 [s.
1329 1131 1385 1181 ΙΙ,
1422 1135 1457 1180 6,
1493 1132 1584 1186 07];
1633 1140 1757 1182 prout

246 1201 393 1248 cuique
425 1200 586 1239 libiclost
618 1201 661 1238 et
691 1198 734 1238 in
766 1198 945 1239 Mosella
978 1199 1098 1253 [372]
1134 1200 1331 1250 Ausonii,
1367 1213 1493 1252 quem
1524 1200 1755 1253 plurimum

245 1266 376 1307 fuisse
408 1266 451 1306 in
484 1265 666 1307 Horatio
697 1266 905 1307 imitando
938 1281 1083 1308 omnes
1115 1268 1274 1308 sciunt:

436 1334 534 1368 mille
561 1335 631 1377 alii,
658 1338 769 1379 prout
796 1346 977 1378 quemque
1004 1347 1088 1369 suus
1114 1336 1229 1380 magis
1255 1336 1416 1380 impetus
1442 1339 1558 1380 urget.

245 1391 352 1432 alias
382 1404 434 1432 110
467 1391 581 1445 apud
612 1392 830 1433 scaenicos
864 1392 1035 1445 quidem
1069 1396 1199 1443 extat,
1231 1397 1279 1434 ut
1299 1393 1514 1446 interdum
1538 1393 1755 1434 adsentiar

244 1459 456 1510 Βο1111010,
490 1473 515 1500 a
546 1474 630 1513 quo
663 1461 897 1514 repositum
929 1474 1029 1509 cum,
1063 1469 1116 1510 m,
1148 1461 1191 1501 id
1225 1461 1339 1514 quod
1368 1461 1526 1515 legitur
1557 1462 1598 1502 in
1630 1461 1754 1502 bonis

242 1528 363 1569 libris
395 1528 671 1581 quibusdam,
705 1530 833 1570 etiam
867 1529 910 1569 in
943 1529 1154 1571 Gothano.

359 1596 558 1637 Ceterum
587 1597 697 1638 sicut
728 1611 879 1639 revera
910 1598 953 1638 in
977 1598 1036 1639 eis
1061 1612 1170 1651 quae
1194 1602 1291 1639 sunt
1324 1602 1484 1646 deinde,
1514 1602 1690 1650 proinde
1712 1603 1752 1639 et

243 1665 454 1706 similibus
484 1666 721 1718 optinuisse
753 1670 897 1707 statuo
930 1667 1225 1720 synhaeresin,
1259 1667 1320 1707 ita
1352 1666 1421 1707 illa
1457 1671 1752 1718 circunmqere,

243 1737 568 1781 circutum-rare,
616 1738 858 1783 circanam,
911 1739 1104 1784 introire,
1161 1749 1269 1788 nego
1318 1749 1522 1788 umquam
1572 1736 1750 1776 inveniri

243 1802 404 1842 coactis
433 1801 627 1856 syllabis,
662 1816 772 1855 quae
807 1803 840 1843 si
873 1804 1044 1857 quando
1076 1805 1217 1857 posita
1249 1808 1347 1845 sunt
1378 1803 1656 1845 delitescente
1688 1817 1751 1844 se-

242 1870 401 1920 cunda,
446 1873 495 1911 ut
536 1872 636 1911 Aen.
675 1871 731 1921 ΙΙ,
772 1875 871 1921 599,
918 1872 1225 1925 disiungendae
1270 1877 1428 1926 partes.
1501 1873 1595 1926 quis
1640 1872 1750 1913 enim

241 1938 388 1979 credet
419 1942 618 1979 auctores
650 1939 878 1980 durissima
910 1941 1089 1994 synizesi
1116 1942 1259 1994 potius
1282 1955 1409 1995 quam
1434 1941 1608 1982 elisione
1631 1940 1750 1981 facil-

239 2007 342 2047 lima
382 2011 424 2047 et
467 2007 594 2060 vulgo
633 2008 795 2048 usitata
837 2009 963 2049 tmesi
1006 2009 1206 2050 maluisse
1251 2011 1346 2051 uti‘?
1408 2013 1558 2050 contra
1601 2008 1750 2050 eadem

239 2075 371 2116 verba
404 2075 519 2116 haud
559 2089 659 2117 raro
703 2076 889 2117 diductis
929 2078 1204 2119 inveniuntur
1234 2078 1454 2119 vocalibus
1496 2078 1578 2127 sic,
1620 2080 1668 2118 ut
1710 2078 1750 2116 111

239 2147 389 2184 circum
423 2145 649 2186 omittatur
677 2159 723 2185 m.
776 2149 817 2186 01
838 2146 899 2185 ita
931 2152 1177 2187 relroaclzcm
1208 2146 1328 2188 brevi
1360 2160 1380 2187 ο
1415 2146 1523 2187 dixit
1545 2145 1749 2186 Paulinus

239 2212 371 2266 [XIX
405 2213 516 2267 538]
579 2227 689 2266 quae
724 2227 819 2254 cum
858 2214 920 2254 ita
962 2213 1070 2263 sint,
1114 2214 1388 2256 vehementer
1420 2214 1578 2255 haereo
1610 2214 1653 2254 in
1685 2228 1747 2259 eo,

239 2278 570 2333 quod'Orellius
613 2282 765 2335 nequis
807 2281 1008 2323 haereret
1046 2283 1304 2336 praetulisse
1345 2297 1436 2324 sese
1477 2283 1538 2323 ait
1570 2286 1749 2324 clrcue're

237 2348 279 2388 in
319 2348 402 2389 hoc
442 2349 630 2390 Phaedri
671 2350 868 2391 trimetro
908 2349 991 2406 [1V,
1025 2354 1090 2401 23,
1121 2350 1161 2406 4]
1206 2350 1406 2392 ‘circuire
1451 2355 1582 2401 eoepit
1630 2353 1748 2391 urbes

238 2420 359 2458 Asiae
387 2415 578 2466 nobiles’,
613 2431 707 2459 cum
730 2419 773 2459 in
797 2419 1018 2460 codicibus
1041 2420 1096 2460 sit
1118 2419 1338 2461 verissime
1369 2423 1600 2467 circumire,
1634 2419 1746 2472 quod

237 2484 466 2538 discerptis
497 2486 833 2539 reponendumst
863 2487 1073 2540 partibus.

350 2553 434 2593 Sed
477 2554 593 2606 quod
631 2555 768 2608 magis
809 2556 1031 2609 magisque
1071 2560 1318 2597 senescente
1359 2556 1507 2609 lingua
1545 2555 1746 2609 synizesis

236 2635 359 2662 usum
390 2622 660 2663 imminutum
692 2622 829 2675 docui,
860 2623 904 2664 id
926 2623 1042 2677 vulgi
1065 2638 1183 2665 more
1210 2625 1399 2665 evenisse
1430 2624 1628 2664 firmatur
1654 2637 1745 2664 car-

233 2689 419 2730 minibus
444 2689 680 2744 rythmicis.
716 2690 846 2732 veluti
868 2691 1092 2733 disiunctis
1114 2691 1334 2733 vocalibus
1358 2696 1435 2741 cui,
1458 2696 1564 2743 dein,
1587 2695 1746 2733 anteire

233 2757 367 2798 habes
398 2758 460 2799 ita
492 2757 612 2814 [Dan.
636 2758 666 2809 Ι,
690 2762 755 2809 80,
781 2763 826 2811 7;
857 2764 922 2810 91,
954 2763 1024 2811 17;
1061 2764 1152 2811 101,
1180 2761 1250 2815 11]
1294 2759 1381 2801 ‘cm'
1409 2768 1502 2802 tuae
1535 2757 1742 2811 imaqini’,

226 2824 337 2866 ‘dein
362 2830 419 2867 ad
447 2833 606 2878 systum
630 2825 909 2877 properans',
955 2827 1131 2880 ‘flamma
1163 2832 1269 2881 c'yne's
1292 2832 1459 2870 anteibit
1480 2831 1575 2869 iusti
1596 2832 1742 2868 vultum

233 2892 420 2935 indivis-³.
483 2894 587 2935 alibi
617 2899 762 2936 tamen
793 2899 979 2946 cuiquam
1014 2896 1269 2951 disyllabum
1303 2897 1428 2951 [Dan.
1457 2898 1486 2940 Ι.
1524 2901 1615 2947 102,
1647 2897 1742 2951 40]:

463 2969 551 3002 licet
579 2970 748 3012 cuiquam
774 2970 820 3003 sit
852 2970 1036 3005 diversum
1062 2983 1129 3015 pro
1155 2971 1281 3006 labore
1307 2972 1486 3005 meritum.
