1898 3292
744 283 1021 308 PROHOERHVM.
1583 278 1601 314 1
1613 278 1629 314 1

127 383 241 425 idem
271 385 314 424 in
346 385 532 438 epistula
562 385 617 425 ad
648 385 825 427 Pisones
857 386 999 441 [259]:

1262 455 1360 489 Enni

401 511 438 544 in
464 522 632 544 scaenam
659 511 789 545 missos
818 522 901 545 cum
929 523 1062 556 magno
1089 512 1253 556 pondere
1281 524 1406 546 versus

401 570 465 602 aut
490 579 625 612 operae
652 568 783 603 celeris
808 569 959 603 nimium
986 581 1147 613 curaque
1173 570 1331 603 carentis

402 627 466 659 aut
490 625 680 670 ignoratae
705 626 841 670 premit
865 626 954 661 artis
980 626 1133 661 crimine
1159 626 1269 671 turpi.

128 697 171 735 et
199 693 313 735 infra
344 694 487 749 [382]:

402 762 464 806 qui
489 762 609 796 nescit
634 774 760 798 versus
785 766 908 798 tamen
933 764 1045 799 audet
1069 764 1234 809 fingere?

127 820 188 860 sic
219 819 395 861 Ovidius
422 819 466 860 in
500 819 696 873 epistulis
728 834 780 862 ex
810 821 946 863 Ponto
979 822 1067 876 [IV,
1102 825 1166 873 12,
1199 822 1266 876 5]:

400 888 461 922 lex
488 888 592 932 pedis
619 888 741 923 officio
767 890 986 934 fortunaque
1012 889 1169 923 nominis
1197 890 1330 934 obstat,

403 956 546 989 quaque
570 957 673 980 meos
698 945 807 980 adeas
834 950 889 981 est
908 947 966 981 via
991 947 1090 980 nulla
1114 947 1253 981 modos.

128 1002 340 1044 Martialis
369 1002 413 1043 in
445 1002 768 1056 epigrammatis
799 1004 890 1059 [1X‚
921 1008 984 1055 ll,
1022 1004 1111 1059 10]:

400 1082 535 1106 nomen
560 1071 683 1106 nobile
711 1072 820 1106 molle
846 1072 1045 1107 delicatum

402 1139 509 1163 versu
536 1128 659 1163 dicere
687 1140 758 1163 non
786 1129 867 1164 rudi
894 1130 1074 1165 volebam.

401 1185 466 1220 sed
491 1188 531 1220 tu
556 1185 695 1230 syllaba
720 1190 920 1221 contumax
945 1199 1139 1233 repugnas.

126 1258 255 1298 porro
288 1245 350 1285 ita
383 1243 667 1285 Terentianus
701 1244 872 1299 [2402]:

400 1312 664 1357 paenultimam
688 1312 752 1347 sed
777 1324 843 1357 pro
870 1313 971 1348 brevi
996 1313 1112 1348 trahit
1136 1313 1294 1357 longam,

401 1369 564 1404 novitate
591 1369 724 1404 ductus
748 1381 821 1404 non
847 1373 888 1405 ut
912 1371 1048 1405 inscius
1073 1371 1175 1415 legis.

124 1427 238 1469 idem
269 1427 379 1469 alibi
404 1426 575 1482 [1368]:

400 1495 550 1529 tertium
575 1494 743 1530 detrecto
772 1507 914 1530 nomen.
958 1496 1040 1541 lege
1066 1508 1149 1530 nam
1173 1497 1282 1531 metri
1306 1500 1421 1532 vetor.

126 1553 408 1595 Namatianus
441 1553 490 1608 [I,
521 1552 645 1607 419]:

400 1623 568 1666 optarem
596 1632 724 1655 verum
749 1622 945 1666 complecti
972 1623 1132 1657 carmine
1157 1634 1302 1657 nomen.

399 1679 464 1714 sed
489 1678 667 1723 quosdam
692 1678 829 1722 refugit
856 1680 983 1724 regula
1008 1680 1099 1714 dura
1127 1680 1251 1725 pedes.

125 1752 204 1779 nec
233 1737 359 1779 aliter
389 1736 442 1778 de
472 1735 622 1777 eadem
650 1749 697 1777 re
728 1736 986 1779 Prudentius
1022 1738 1134 1792 [peri
1164 1738 1301 1792 steph.
1335 1742 1371 1789 4,
1399 1739 1519 1793 161]:

400 1806 575 1849 quattuor
600 1804 770 1848 posthinc
797 1808 966 1849 superest
989 1806 1151 1840 virorum

400 1873 536 1897 nomen
562 1861 690 1896 extolli
714 1865 892 1897 renuente
918 1866 1049 1907 metro,

401 1932 491 1965 quos
518 1919 737 1954 Saturninos
762 1924 943 1955 memorat
966 1924 1119 1955 vocatos

399 1977 522 2022 prisca
549 1980 720 2011 vetustas.

400 2035 571 2069 carminis
595 2035 697 2079 leges
721 2046 824 2069 amor
848 2047 1044 2070 aureorum

399 2092 588 2126 nominum
614 2092 717 2136 parvi
742 2091 841 2127 facit.

124 2150 187 2191 ita
217 2150 366 2192 Victor
395 2149 666 2203 praefatione
699 2149 891 2190 Alethias
922 2150 1065 2206 [119]:

400 2217 531 2262 quodsi
558 2218 641 2262 lege
667 2218 777 2253 metri
803 2219 998 2263 quicquam
1025 2220 1237 2264 peccaverit
1261 2220 1362 2263 ordo,

399 2275 565 2319 peccarit
589 2286 709 2310 sermo
734 2275 946 2320 inproprius
972 2288 1171 2322 sensusque
1196 2277 1381 2320 vacillans,

398 2332 537 2366 inculto
565 2332 729 2376 (incauto
755 2334 801 2376 v.)
828 2334 963 2378 passim
990 2334 1102 2369 liceat
1126 2334 1325 2369 decurrere
1349 2346 1467 2377 versu,

400 2400 468 2423 nec
494 2389 580 2424 fidei
605 2389 692 2424 hinc
716 2390 830 2424 ullum
856 2392 987 2426 subeat
1011 2403 1183 2426 mensura
1212 2392 1403 2436 periclum.

125 2450 168 2489 et
199 2447 409 2500 Corippus
437 2446 481 2487 in
509 2446 779 2500 praefatione
810 2448 1071 2491 Iohannidos
1104 2449 1219 2504 [33]:

399 2526 490 2558 quos
517 2515 687 2549 doctrina
711 2519 833 2561 negat,
861 2517 1005 2552 confert
1027 2518 1184 2552 victoria
1207 2529 1344 2552 versus.

123 2572 236 2614 idem
266 2571 412 2626 paullo
443 2585 574 2626 supra
604 2573 676 2627 [27
709 2574 812 2628 sq.]:

397 2640 551 2674 forsitan
578 2643 614 2675 et
639 2641 755 2676 fracto
784 2645 943 2686 ponetur
968 2643 1108 2687 syllaba
1132 2655 1249 2678 versu.

399 2697 587 2732 confiteor.
624 2697 768 2733 Musast
794 2700 932 2734 rustica
956 2712 1113 2745 namque
1139 2712 1230 2735 mea.

238 2778 379 2830 Atque
422 2776 522 2818 hinc
562 2782 647 2829 est,
689 2779 804 2832 quod
847 2780 1097 2834 saepissime
1138 2780 1203 2822 vel
1241 2781 1345 2834 ipsis
1385 2782 1524 2833 poetis
1565 2781 1631 2821 vel

124 2845 312 2886 numeris
335 2859 482 2886 eorum
505 2846 696 2888 additam
718 2847 900 2901 legimus
933 2849 1073 2891 cultus
1106 2849 1413 2903 doctrinaeque
1445 2849 1629 2900 laudem,

125 2927 235 2966 quae
265 2927 348 2954 non
380 2913 464 2955 alio
493 2915 636 2968 potius
666 2929 794 2969 quam
835 2916 890 2958 ad
930 2917 1068 2968 illam,
1110 2917 1162 2959 de
1205 2931 1291 2977 qua
1332 2918 1438 2970 dixi,
1482 2932 1629 2967 versus

122 2981 266 3036 legum
295 2983 495 3036 peritiam
525 2983 725 3041 pertinet.
