1898 3292
779 183 895 208 LIBER
917 183 1095 214 Qle‘rvs.
1603 180 1685 217 403

179 296 289 336 quae
322 287 477 324 cuncta
504 287 679 337 praeter
706 285 846 326 locum
869 286 1043 326 tertium
1066 287 1131 327 vel
1165 287 1326 330 eadem.
1356 302 1441 341 qua
1464 289 1685 331 Luciliana

178 365 309 405 supra
341 352 571 405 adscripta,
601 357 861 394 excusantur
882 367 1031 394 norma
1055 354 1119 395 vel
1143 355 1330 396 admisso
1353 357 1562 399 similibus
1586 372 1684 399 con-

177 419 417 461 dicionibus
446 420 580 462 hiatu.
624 435 905 474 quamquam,
937 426 985 463 ut
1014 437 1105 464 mos
1137 427 1202 464 est
1230 425 1368 476 poetis
1391 424 1566 476 Latinis,
1600 440 1683 467 non

176 501 262 528 11113
291 488 498 541 pleraque
530 489 817 530 defenduntur
848 490 982 531 venia.
1037 492 1196 545 quippe
1227 493 1410 545 primum
1441 494 1681 547 exemplum

177 559 219 596 et
250 556 444 609 quintum
477 558 660 610 repetito
692 557 819 599 simili
841 558 907 598 vel
938 559 1032 612 pari
1054 560 1275 611 vocabulo,
1307 560 1332 601 i.
1356 574 1388 601 e.
1422 564 1514 604 tibi:
1543 567 1681 609 onmis,

176 624 262 665 sive
295 625 486 666 oratoria
516 626 821 675 concitatione,
867 630 1069 679 quartum
1107 628 1339 680 antitheto,
1381 634 1547 671 sextum
1581 645 1681 672 enu-

175 693 414 734 meratione
445 694 658 734 nominum
692 695 984 746 emolliuntur,
1026 700 1073 737 ut
1114 697 1309 738 omittam
1340 698 1383 738 in
1414 698 1553 741 tribus
1583 714 1680 753 pro-

174 751 277 801 111101
300 761 471 802 finalem
502 762 728 803 verborum
759 763 983 804 tribracho
1015 765 1324 806 conclusorum.

290 830 447 871 Verum
492 830 585 871 istis
632 831 705 883 qui
753 832 1003 872 sustinuerit
1049 833 1270 874 Ritschelii
1320 848 1371 875 ac
1417 835 1681 877 Fleckeiseni

175 897 457 952 comprobare
489 899 662 952 placita,
695 899 856 949 credat,
890 900 924 940 si
947 900 1011 941 dis
1042 901 1196 953 placet,
1229 902 1341 943 idem
1364 903 1552 956 Vergilio
1575 904 1679 945 illud

171 971 317 1019 {sraela
349 971 391 1008 et
422 967 662 1008 encliticam
696 981 772 1017 que
802 967 930 1021 longa
960 970 1231 1022 pronuntiari
1260 969 1377 1011 finali
1399 971 1465 1012 vel
1489 972 1679 1025 ignorari

177 1040 365 1078 Pleiadas
397 1035 512 1089 apud
535 1035 724 1076 Graecos
746 1035 918 1077 brevem
940 1037 1101 1079 habere
1124 1038 1330 1080 ultimam.
1380 1044 1517 1081 restat
1549 1056 1677 1082 unum

170 1105 275 1146 illud
318 1104 455 1156 ‘lerqa
481 1108 708 1155 s'alz'qamus
737 1108 855 1145 hasta
878 1119 952 1146 nec
973 1110 1095 1147 larda
1115 1115 1302 1148 seneclus
1325 1111 1506 1149 debilitat
1531 1108 1676 1151 τίνετ’.

170 1174 211 1214 111
245 1187 328 1227 quo
360 1187 516 1225 neque,
548 1172 661 1225 quod
694 1176 862 1214 vetusto
892 1178 1084 1227 tempore
1116 1180 1469 1227 asseveratumst,
1501 1182 1678 1231 propter

171 1256 352 1295 sequens
395 1245 420 1282 Ιι
462 1240 715 1294 producitur
755 1240 895 1283 finalis
936 1257 1043 1285 mus,
1092 1247 1134 1283 et
1179 1244 1312 1285 multo
1355 1245 1515 1293 minus,
1563 1247 1676 1299 quod

170 1314 329 1361 nostro,
361 1313 539 1363 propter
569 1309 811 1350 naturalem
843 1311 1149 1363 quantitatem,
1191 1312 1265 1353 sed
1295 1313 1408 1366 quod
1439 1314 1676 1367 penthemi-

169 1379 276 1420 meri
307 1392 408 1419 usus
441 1381 506 1418 est
526 1377 750 1430 Vergilius.
803 1379 957 1419 etenim
982 1393 1242 1433 quamquam
1264 1381 1495 1422 interstitio
1528 1396 1676 1424 sensus

170 1448 285 1489 facto
317 1447 359 1487 in
391 1449 548 1499 quarta
579 1447 665 1487 arsi
701 1445 1083 1499 hephthemimeris
1124 1448 1213 1489 fere
1256 1450 1421 1503 optinet
1459 1450 1502 1490 in
1545 1450 1675 1492 hexa-

169 1519 326 1566 metro,
368 1518 514 1556 tamen
544 1514 662 1565 licet,
706 1514 780 1556 ubi
807 1515 978 1566 libebit,
1018 1517 1267 1558 incisionem
1310 1518 1447 1571 quinti
1480 1519 1676 1561 adhiberi

169 1583 398 1637 semipedis
427 1587 606 1636 propter
637 1583 845 1636 insignem
876 1583 1003 1625 huius
1034 1585 1316 1627 nobilitatem.
1368 1587 1480 1628 unde
1511 1592 1554 1629 et
1586 1589 1675 1629 Ma-

167 1652 294 1694 nilius
325 1651 475 1693 eadem
508 1651 756 1692 condicione
786 1665 871 1693 non
902 1657 1096 1706 quartae,
1128 1653 1202 1694 sed
1234 1655 1533 1707 praecedentis
1567 1658 1675 1697 arsis

168 1721 361 1762 extendit
391 1720 563 1761 brevem
595 1719 657 1760 ita
690 1718 757 1775 [IL
789 1720 911 1777 494]:

443 1800 585 1833 Cancer
612 1803 650 1833 01
675 1799 827 1834 adverso
855 1800 1095 1844 Capricorum
1122 1801 1291 1836 conditus
1318 1806 1416 1836 astro

440 1857 597 1891 vertitur
621 1857 657 1890 in
683 1860 800 1891 semet
825 1857 950 1900 oculis,
977 1858 1013 1891 in
1039 1862 1165 1892 mutua
1191 1859 1347 1893 tendunt

441 1914 599 1948 auribus.

168 1992 320 2030 contra
352 1992 614 2042 corruptum,
647 1987 761 2041 quod
791 1988 949 2042 legitur
979 1988 1115 2030 altero
1147 1990 1240 2031 loco
1273 1990 1339 2046 [IL
1373 1990 1492 2047 371]:

441 2072 668 2101 transversos
694 2068 806 2112 igitur
831 2068 975 2112 fugiunt
999 2069 1195 2103 subeuntia
1218 2070 1324 2113 visus,

441 2125 539 2168 quod
566 2125 670 2158 nimis
696 2125 851 2158 inclinat
876 2136 965 2159 acne
991 2126 1157 2169 limisque
1184 2127 1372 2169 videntur-3

166 2199 240 2241 ubi
263 2199 335 2241 alii
358 2199 453 2251 alia,
476 2199 695 2241 Bentleius
716 2199 842 2240 illud:
876 2204 985 2250 quod
1004 2203 1120 2241 nimis
1141 2205 1340 2243 inclinant
1362 2205 1499 2243 aciem.
1544 2216 1671 2255 porro

167 2269 227 2309 sic
261 2268 471 2309 Homerus
498 2268 677 2309 Latinus
709 2267 844 2324 [966]:

440 2359 507 2382 nec
534 2347 685 2382 sufferre
711 2348 808 2381 valet
833 2348 928 2381 ultra
953 2351 1164 2393 sortemque
1191 2360 1398 2393 supremam

437 2404 582 2438 horruit
605 2405 803 2439 instantem
829 2404 980 2439 defessis
1004 2406 1141 2440 viribus
1165 2405 1321 2440 Hector.

165 2483 210 2520 at
249 2479 432 2532 pessime
471 2478 621 2530 habet,
663 2479 777 2532 quod
818 2479 1120 2521 Fleckeisenus
1166 2480 1429 2534 obsequente
1467 2481 1672 2533 Ladvigio

166 2547 319 2588 tribuit
349 2547 516 2589 Maroni
547 2548 653 2588 talia
687 2546 793 2603 [aen.
826 2549 872 2599 V,
907 2552 1008 2600 1673
1041 2548 1163 2605 480]:

439 2637 523 2660 cum
549 2627 709 2661 clamore
735 2626 831 2672 Gyas
857 2629 1064 2663 revocabat.
1115 2639 1202 2662 0000
1232 2628 1454 2662 Cloanthum

438 2684 599 2727 respicit.

437 2740 571 2773 arduus
596 2740 819 2784 effractoque
845 2742 958 2775 inlisit
987 2753 1068 2775 ossa
1094 2743 1259 2776 cerebro.

165 2809 237 2862 qui
269 2823 344 2850 cur
376 2809 500 2850 unius
532 2809 690 2850 codicis
713 2810 892 2850 Romani
924 2811 1169 2852 testimonio
1192 2810 1493 2864 posthabuerit
1516 2811 1670 2852 ceteris

164 2877 285 2918 libris
318 2878 487 2918 firmata
535 2876 590 2917 ‘et
614 2876 745 2926 ecce',
792 2877 849 2918 ‘ln
875 2877 1007 2927 oss-(1³,
1041 2878 1238 2931 equidem
1261 2879 1433 2918 minime
1455 2879 1669 2932 intellego,

1327 2946 1396 2979 26*
