1898 3292
244 194 289 233 51
300 193 322 231 6
830 200 950 226 LIBER
969 200 1169 226 SEPTIMVS.

241 305 477 346 carminum
510 303 690 345 multum
729 303 955 344 adhiberet
996 303 1275 351 deminutiva,
1315 303 1357 343 in
1394 303 1538 356 lyricis
1581 306 1751 356 praeter

240 387 303 424 ea,
336 386 447 426 quae
478 372 533 413 ab
567 372 802 425 antiquatis
832 371 962 412 ducta
992 375 1134 412 essent
1157 371 1388 421 vocabulis,
1424 375 1471 411 ut
1504 374 1606 424 puta
1640 378 1750 411 calu-

240 447 314 491 lch,
351 446 506 492 puella,
539 454 623 481 non
654 440 877 494 usurpavit
909 440 987 480 nisi
1028 439 1134 480 illud
1177 444 1343 481 vetulus,
1385 439 1499 492 quod
1541 453 1635 480 cum
1676 453 1752 493 per

242 509 501 551 anomaliam
535 511 649 550 esset
684 508 933 557 formatum,
967 508 1034 548 vix
1065 508 1282 561 pertinere
1314 508 1532 548 videretur
1562 507 1616 548 ad
1647 507 1752 548 illud

242 592 374 632 genus
398 578 701 627 derivatorum,
736 591 785 618 ac
807 591 935 631 porro
960 580 1209 627 particulam
1234 590 1328 617 011111
1352 580 1559 627 parmula.
1610 580 1651 617 et
1672 576 1754 617 1100

241 647 411 701 quidem
445 647 633 700 positum
666 646 720 687 ab
753 660 802 687 eo
833 646 926 687 loco
959 645 1180 686 notissimo
1214 645 1290 699 [IL
1325 648 1361 691 7,
1394 645 1459 699 9]:

606 730 730 761 tecum
756 726 948 770 Philippos
975 729 1012 759 et
1038 725 1195 759 celerem
1222 726 1345 769 fugam

609 783 705 817 sensi
731 783 861 817 relicta
887 794 959 816 11011
985 783 1079 816 bene
1109 782 1285 826 parmula.

243 866 368 906 quem
407 852 441 893 si
485 852 731 893 accuratius
780 851 925 892 rimati
971 855 1112 892 essent
1156 850 1326 891 Horatii
1368 851 1645 904 interpretes,
1687 851 1755 891 vix

243 921 474 963 movissent
517 920 680 962 caelum
722 934 773 961 ac
814 923 995 970 terram,
1042 933 1125 973 quo
1169 924 1367 976 arcerent
1408 919 1462 960 ab
1507 933 1555 960 00
1598 918 1756 960 abiecti

244 991 404 1031 crimen
437 989 568 1041 scuti,
612 988 726 1042 quod
768 989 908 1042 ipsum
948 988 1063 1029 haud
1104 988 1165 1029 ita
1207 988 1396 1041 graviter
1438 987 1588 1029 tulisse
1630 987 1756 1028 docet

243 1073 377 1113 prope
410 1058 560 1099 unicus
593 1057 851 1099 substantivi
884 1057 1092 1098 deminuti
1123 1058 1164 1098 111
1191 1056 1335 1112 lyricis
1368 1071 1481 1098 usus.

358 1127 591 1168 Praeterea
624 1126 859 1177 abstracta,
893 1140 1004 1179 quae
1033 1130 1253 1176 vocantur,
1283 1127 1326 1166 in
1359 1129 1412 1174 ia,
1442 1130 1492 1172 2'0,
1525 1129 1615 1167 ilas,
1647 1129 1756 1169 mdo,

244 1211 309 1245 ecs,
358 1196 579 1245 exeuntia,
623 1209 803 1249 quorum
845 1195 994 1249 ingens
1034 1195 1115 1236 fuit
1154 1209 1255 1236 usus
1297 1194 1410 1248 apud
1443 1195 1661 1247 antiquos,
1702 1193 1756 1234 ab

244 1265 427 1318 Augusti
461 1267 603 1305 aetate
636 1264 771 1317 magis
806 1264 1030 1317 magisque
1061 1263 1254 1304 imminui
1287 1267 1441 1317 coepta
1473 1267 1582 1305 sunt.
1644 1262 1757 1315 quod

243 1333 382 1374 minus
414 1332 671 1374 necessitate
710 1333 911 1373 carminis
943 1346 1070 1386 quam
1103 1332 1249 1373 iudicii
1284 1332 1499 1386 elegantia
1534 1332 1758 1386 optinuere

245 1401 460 1456 dactylici,
484 1415 579 1442 cum
603 1401 922 1443 abstractorum
946 1401 1190 1455 frequentia
1212 1400 1562 1455 philosophorum
1587 1400 1757 1454 quidem

245 1470 535 1511 moliminibus
569 1470 810 1520 conveniat,
854 1469 928 1511 sed
968 1470 1140 1511 minime
1180 1469 1302 1511 libris
1333 1470 1524 1523 poeticis.
1587 1483 1685 1511 nam
1717 1473 1759 1509 et

246 1539 409 1581 Seneca
441 1539 632 1592 tragicus
662 1552 760 1581 raro
794 1539 931 1580 utitur
954 1539 1174 1581 vocabulis
1205 1539 1376 1580 talibus.
1425 1542 1576 1580 contra
1605 1541 1758 1579 auctae

246 1611 346 1649 sunt
375 1607 491 1649 haud
515 1607 643 1649 dubie
667 1607 866 1662 dactylici
888 1608 1014 1649 metri
1037 1623 1116 1649 usu
1146 1608 1351 1649 flexiones
1384 1621 1469 1648 men
1503 1610 1545 1648 et
1575 1614 1757 1648 mentum.

245 1702 301 1706 —-
342 1679 488 1718 tamen
531 1676 755 1717 christiani
797 1675 1030 1718 identidem
1074 1677 1461 1718 vetustissimorum
1503 1676 1673 1730 placitis
1715 1689 1760 1716 se

246 1744 638 1787 accommodarunt.
668 1770 723 1775 —
754 1749 983 1799 praeterea
1004 1745 1312 1787 adiectivorum
1334 1746 1377 1786 in
1409 1753 1513 1794 atus,
1545 1748 1636 1794 itus,
1671 1751 1760 1785 zalus

245 1814 484 1855 finientium
527 1813 581 1855 ab
623 1827 734 1855 anno
777 1829 816 1855 u.
850 1828 882 1855 0.
915 1813 1020 1856 DCC
1052 1828 1255 1856 numerus
1287 1815 1429 1869 coepit
1462 1813 1673 1864 imminui,
1715 1817 1761 1854 111

247 1886 470 1924 manerent
498 1883 769 1936 potissimum
791 1882 920 1924 haec:
951 1890 1132 1932 aeratus,
1157 1890 1342 1927 (curatus,
1367 1888 1572 1935 ferream,
1597 1887 1760 1933 laquea-

247 1959 324 2001 tus,
347 1954 520 2000 aza-itus,
554 1958 751 1993 versutus.
805 1965 914 2005 quae
938 1951 1079 1993 aliena
1101 1952 1376 2006 reperiuntur
1397 1951 1606 2005 exempla,
1629 1951 1761 2005 epicis

247 2019 432 2060 maxime
475 2033 709 2073 provenere
749 2019 884 2062 libris.
947 2024 1136 2062 ceterum
1178 2020 1307 2061 etiam
1340 2034 1450 2074 quae
1483 2024 1569 2061 icus
1601 2019 1762 2060 habent

249 2088 386 2142 magis
418 2088 643 2142 magisque
678 2093 776 2130 sunt
808 2089 1073 2130 circumcisa.
1125 2092 1352 2143 praeterea
1373 2089 1471 2130 inde
1502 2088 1556 2129 ab
1580 2088 1761 2141 Augusti

249 2160 393 2198 aetate
438 2157 544 2198 satis
572 2157 662 2198 visa
705 2161 803 2199 sunt
842 2158 1015 2211 ingrata
1055 2157 1267 2199 adiectiva
1305 2159 1348 2198 in
1389 2161 1493 2207 talis,
1533 2160 1634 2206 silis,
1668 2161 1761 2205 tilis,

250 2228 339 2266 bilis
370 2225 564 2281 finientia
585 2226 681 2279 plus
706 2240 834 2279 quam
856 2226 1151 2281 tetrasyllaba,
1175 2230 1221 2268 111
1243 2227 1286 2267 111
1308 2227 1551 2268 Pacuviano
1585 2224 1761 2267 ‘aerum-

250 2298 312 2334 nis
346 2307 416 2334 cor
448 2297 705 2343 luctificabile
738 2292 871 2346 [αἰψ’
909 2308 991 2336 11011
1028 2296 1166 2337 minus
1200 2299 1344 2349 putem
1374 2295 1640 2349 displicuisse
1662 2294 1762 2335 Per-

251 2362 313 2403 sio
346 2365 603 2411 luctificabile
624 2376 753 2416 quam
794 2360 1021 2404 ‘aerummis
1046 2367 1157 2414 fulta
1175 2363 1196 2405 ³.
1242 2368 1431 2405 ceterum
1456 2363 1563 2404 11300
1585 2363 1762 2404 liberius

250 2430 463 2471 translata
483 2444 534 2471 ex
557 2431 736 2484 tragico,
760 2435 807 2473 ut
834 2446 960 2484 quem
984 2433 1230 2474 accusativo
1257 2432 1423 2474 Graeco
1444 2446 1567 2473 usum
1590 2432 1762 2472 minime

252 2499 307 2540 sit
338 2498 575 2552 probabile.
626 2499 710 2541 huc
733 2500 994 2553 pertinentia
1027 2500 1239 2554 quaedam
1272 2501 1416 2542 notavi
1448 2500 1518 2542 lib.
1544 2502 1561 2541 I
1593 2500 1648 2541 ad
1671 2513 1762 2541 ver-

252 2581 345 2608 sum
386 2567 506 2608 illum
551 2566 650 2608 ‘tum
686 2582 796 2618 prae
833 2583 876 2609 se
909 2576 1083 2619 portant
1122 2572 1405 2610 (mensle'be'lem
1439 2565 1656 2609 semilam'.
1719 2571 1763 2608 at

252 2650 304 2677 ex
336 2635 550 2677 adverbiis
583 2636 870 2689 antiquissimi
914 2663 965 2667 —
1006 2637 1159 2679 horum
1191 2638 1361 2680 nomine
1394 2636 1653 2691 comprendo
1685 2638 1762 2677 Ca-

251 2704 358 2745 tullo
387 2704 551 2759 priores
593 2729 647 2734 —
689 2718 784 2746 cum
825 2719 980 2758 magno
1021 2706 1256 2747 adhibuere
1297 2720 1455 2757 amore,
1497 2719 1607 2759 quae
1638 2705 1680 2745 in
1712 2708 1761 2745 im

252 2773 319 2813 vel
351 2776 430 2813 ilus
452 2777 620 2814 exeunt.
671 2776 901 2827 praeterea
924 2773 1035 2814 idem
1059 2774 1311 2827 plerumque
1333 2788 1410 2828 per
1435 2774 1762 2828 metaplasnmm

254 2855 279 2881 3
310 2841 554 2882 nominibus
586 2841 799 2882 secuudac
832 2841 1135 2883 descendentia
1166 2843 1250 2893 illo,
1295 2843 1408 2896 quod
1450 2846 1516 2883 est
1545 2846 1636 2888 iter,
1677 2846 1762 2882 ter-

255 2909 484 2950 minavere.
547 2923 571 2949 a
603 2910 760 2963 quibus
791 2910 962 2965 placitis
993 2911 1116 2952 valde
1150 2911 1269 2952 fuere
1302 2912 1457 2952 diversi
1490 2911 1762 2965 posteriores,
