<?xml version="1.0" encoding="UTF-8"?>
<!DOCTYPE html PUBLIC "-//W3C//DTD XHTML 1.0 Transitional//EN"
    "http://www.w3.org/TR/xhtml1/DTD/xhtml1-transitional.dtd">
<html xmlns="http://www.w3.org/1999/xhtml" xml:lang="en" lang="en">
 <head>
  <title>
</title>
<meta http-equiv="Content-Type" content="text/html;charset=utf-8" />
  <meta name='ocr-system' content='tesseract 3.04.00' />
  <meta name='ocr-capabilities' content='ocr_page ocr_carea ocr_par ocr_line ocrx_word'/>
</head>
<body>
  <div class='ocr_page' id='page_1' title='image "./deremetricapoeta00mluoft_0047.png"; bbox 0 0 1898 3292; ppageno 0'>
   <div class='ocr_carea' id='block_1_1' title="bbox 764 232 1654 269">
    <p class='ocr_par' dir='ltr' id='par_1_1' title="bbox 764 232 1654 269">
     <span class='ocr_line' id='line_1_1' title="bbox 764 232 1654 269; baseline -0.001 -5"><span class='ocrx_word' id='word_1_1' title='bbox 764 240 1041 265; x_wconf 76' lang='lat' dir='ltr'>PROHOEMIVM.</span> <span class='ocrx_word' id='word_1_2' title='bbox 1603 232 1626 269; x_wconf 81' lang='lat'><strong>2</strong></span> <span class='ocrx_word' id='word_1_3' title='bbox 1633 232 1654 268; x_wconf 90' lang='lat'><strong>7</strong></span> 
     </span>
    </p>
   </div>
   <div class='ocr_carea' id='block_1_2' title="bbox 151 342 1656 728">
    <p class='ocr_par' dir='ltr' id='par_1_2' title="bbox 151 342 1656 602">
     <span class='ocr_line' id='line_1_2' title="bbox 153 342 1656 395; baseline -0.001 -11"><span class='ocrx_word' id='word_1_4' title='bbox 153 343 308 384; x_wconf 87' lang='lat' dir='ltr'>sedem.</span> <span class='ocrx_word' id='word_1_5' title='bbox 370 342 443 383; x_wconf 90' lang='lat' dir='ltr'>sed</span> <span class='ocrx_word' id='word_1_6' title='bbox 486 343 595 383; x_wconf 91' lang='lat' dir='ltr'>enim</span> <span class='ocrx_word' id='word_1_7' title='bbox 640 342 853 383; x_wconf 74' lang='lat' dir='ltr'>distichon</span> <span class='ocrx_word' id='word_1_8' title='bbox 885 342 990 383; x_wconf 87' lang='lat' dir='ltr'>illud</span> <span class='ocrx_word' id='word_1_9' title='bbox 1024 356 1162 395; x_wconf 86' lang='lat' dir='ltr'>neque</span> <span class='ocrx_word' id='word_1_10' title='bbox 1192 342 1456 394; x_wconf 90' lang='lat' dir='ltr'>indignumst</span> <span class='ocrx_word' id='word_1_11' title='bbox 1486 342 1656 382; x_wconf 82' lang='lat' dir='ltr'>Nasone</span> 
     </span>
     <span class='ocr_line' id='line_1_3' title="bbox 152 409 1655 464; baseline -0.001 -12"><span class='ocrx_word' id='word_1_12' title='bbox 152 415 195 453; x_wconf 89' lang='lat' dir='ltr'>et</span> <span class='ocrx_word' id='word_1_13' title='bbox 223 426 276 452; x_wconf 91' lang='lat' dir='ltr'>ne</span> <span class='ocrx_word' id='word_1_14' title='bbox 306 414 450 464; x_wconf 88' lang='lat' dir='ltr'>potest</span> <span class='ocrx_word' id='word_1_15' title='bbox 482 410 653 464; x_wconf 89' lang='lat' dir='ltr'>quidem</span> <span class='ocrx_word' id='word_1_16' title='bbox 681 410 734 452; x_wconf 86' lang='lat' dir='ltr'>ab</span> <span class='ocrx_word' id='word_1_17' title='bbox 780 424 828 451; x_wconf 92' lang='lat' dir='ltr'>eo</span> <span class='ocrx_word' id='word_1_18' title='bbox 865 422 957 451; x_wconf 89' lang='lat' dir='ltr'>esse</span> <span class='ocrx_word' id='word_1_19' title='bbox 999 410 1202 458; x_wconf 83' lang='lat' dir='ltr'>alienum,</span> <span class='ocrx_word' id='word_1_20' title='bbox 1244 424 1270 450; x_wconf 88' lang='lat' dir='ltr'>a</span> <span class='ocrx_word' id='word_1_21' title='bbox 1309 423 1393 462; x_wconf 80' lang='lat' dir='ltr'>quo</span> <span class='ocrx_word' id='word_1_22' title='bbox 1424 409 1655 450; x_wconf 82' lang='lat' dir='ltr'>Metamor-</span> 
     </span>
     <span class='ocr_line' id='line_1_4' title="bbox 151 477 1655 533; baseline -0.001 -13"><span class='ocrx_word' id='word_1_23' title='bbox 151 479 341 533; x_wconf 92' lang='lat' dir='ltr'>phoseon</span> <span class='ocrx_word' id='word_1_24' title='bbox 386 479 484 520; x_wconf 88' lang='lat' dir='ltr'>VIII</span> <span class='ocrx_word' id='word_1_25' title='bbox 526 493 620 521; x_wconf 89' lang='lat' dir='ltr'>cum</span> <span class='ocrx_word' id='word_1_26' title='bbox 660 482 752 520; x_wconf 86' lang='lat' dir='ltr'>tota</span> <span class='ocrx_word' id='word_1_27' title='bbox 794 478 975 519; x_wconf 81' lang='lat' dir='ltr'>Daedali</span> <span class='ocrx_word' id='word_1_28' title='bbox 1014 478 1216 529; x_wconf 82' lang='lat' dir='ltr'>historia,</span> <span class='ocrx_word' id='word_1_29' title='bbox 1270 477 1312 519; x_wconf 91' lang='lat' dir='ltr'>in</span> <span class='ocrx_word' id='word_1_30' title='bbox 1359 492 1444 531; x_wconf 87' lang='lat' dir='ltr'>qua</span> <span class='ocrx_word' id='word_1_31' title='bbox 1486 477 1655 531; x_wconf 85' lang='lat' dir='ltr'>legitur,</span> 
     </span>
     <span class='ocr_line' id='line_1_5' title="bbox 151 546 813 602; baseline -0.003 -13"><span class='ocrx_word' id='word_1_32' title='bbox 151 548 424 602; x_wconf 89' lang='lat' dir='ltr'>repetitumst</span> <span class='ocrx_word' id='word_1_33' title='bbox 453 547 515 588; x_wconf 88' lang='lat' dir='ltr'>ita</span> <span class='ocrx_word' id='word_1_34' title='bbox 546 548 647 601; x_wconf 83' lang='lat'>[217</span> <span class='ocrx_word' id='word_1_35' title='bbox 680 546 813 601; x_wconf 87' lang='lat' dir='ltr'>sqq.]:</span> 
     </span>
    </p>

    <p class='ocr_par' dir='ltr' id='par_1_3' title="bbox 424 625 1438 671">
     <span class='ocr_line' id='line_1_6' title="bbox 424 625 1438 671; baseline -0.002 -10"><span class='ocrx_word' id='word_1_36' title='bbox 424 627 490 661; x_wconf 88' lang='lat' dir='ltr'>hos</span> <span class='ocrx_word' id='word_1_37' title='bbox 516 627 645 671; x_wconf 86' lang='lat' dir='ltr'>aliquis</span> <span class='ocrx_word' id='word_1_38' title='bbox 670 627 828 661; x_wconf 85' lang='lat' dir='ltr'>tremula</span> <span class='ocrx_word' id='word_1_39' title='bbox 853 627 941 661; x_wconf 84' lang='lat' dir='ltr'>dum</span> <span class='ocrx_word' id='word_1_40' title='bbox 967 630 1093 671; x_wconf 84' lang='lat' dir='ltr'>captat</span> <span class='ocrx_word' id='word_1_41' title='bbox 1117 626 1294 661; x_wconf 84' lang='lat' dir='ltr'>arundine</span> <span class='ocrx_word' id='word_1_42' title='bbox 1319 625 1438 670; x_wconf 80' lang='lat' dir='ltr'>pisces</span> 
     </span>
    </p>

    <p class='ocr_par' dir='ltr' id='par_1_4' title="bbox 425 683 1280 728">
     <span class='ocr_line' id='line_1_7' title="bbox 425 683 1280 728; baseline -0.002 -9"><span class='ocrx_word' id='word_1_43' title='bbox 425 688 488 719; x_wconf 85' lang='lat' dir='ltr'>aut</span> <span class='ocrx_word' id='word_1_44' title='bbox 514 687 640 728; x_wconf 84' lang='lat' dir='ltr'>pastor</span> <span class='ocrx_word' id='word_1_45' title='bbox 665 684 797 719; x_wconf 85' lang='lat' dir='ltr'>baculo</span> <span class='ocrx_word' id='word_1_46' title='bbox 823 684 960 718; x_wconf 84' lang='lat' dir='ltr'>stivave</span> <span class='ocrx_word' id='word_1_47' title='bbox 986 683 1131 718; x_wconf 85' lang='lat' dir='ltr'>innixus</span> <span class='ocrx_word' id='word_1_48' title='bbox 1157 686 1280 717; x_wconf 84' lang='lat' dir='ltr'>arator</span> 
     </span>
    </p>
   </div>
   <div class='ocr_carea' id='block_1_3' title="bbox 423 741 1511 833">
    <p class='ocr_par' dir='ltr' id='par_1_5' title="bbox 423 741 1511 833">
     <span class='ocr_line' id='line_1_8' title="bbox 423 741 1511 786; baseline -0.002 -11"><span class='ocrx_word' id='word_1_49' title='bbox 423 741 516 776; x_wconf 86' lang='lat' dir='ltr'>vidit</span> <span class='ocrx_word' id='word_1_50' title='bbox 540 745 577 775; x_wconf 88' lang='lat' dir='ltr'>et</span> <span class='ocrx_word' id='word_1_51' title='bbox 608 741 810 785; x_wconf 71' lang='lat' dir='ltr'>obstupuit,</span> <span class='ocrx_word' id='word_1_52' title='bbox 837 742 970 786; x_wconf 82' lang='lat' dir='ltr'>quique</span> <span class='ocrx_word' id='word_1_53' title='bbox 998 741 1147 775; x_wconf 86' lang='lat' dir='ltr'>aethera</span> <span class='ocrx_word' id='word_1_54' title='bbox 1173 751 1324 784; x_wconf 86' lang='lat' dir='ltr'>carpere</span> <span class='ocrx_word' id='word_1_55' title='bbox 1350 743 1511 785; x_wconf 80' lang='lat' dir='ltr'>possent,</span> 
     </span>
     <span class='ocr_line' id='line_1_9' title="bbox 424 797 810 833; baseline -0.003 0"><span class='ocrx_word' id='word_1_56' title='bbox 424 798 583 833; x_wconf 85' lang='lat' dir='ltr'>credidit</span> <span class='ocrx_word' id='word_1_57' title='bbox 607 809 685 832; x_wconf 87' lang='lat' dir='ltr'>esse</span> <span class='ocrx_word' id='word_1_58' title='bbox 711 797 810 832; x_wconf 87' lang='lat' dir='ltr'>deos.</span> 
     </span>
    </p>
   </div>
   <div class='ocr_carea' id='block_1_4' title="bbox 150 865 1658 1263">
    <p class='ocr_par' dir='ltr' id='par_1_6' title="bbox 150 865 1658 1263">
     <span class='ocr_line' id='line_1_10' title="bbox 151 865 1655 921; baseline -0.002 -13"><span class='ocrx_word' id='word_1_59' title='bbox 151 882 262 921; x_wconf 89' lang='lat' dir='ltr'>quae</span> <span class='ocrx_word' id='word_1_60' title='bbox 293 866 411 908; x_wconf 87' lang='lat' dir='ltr'>vides</span> <span class='ocrx_word' id='word_1_61' title='bbox 442 866 657 908; x_wconf 88' lang='lat' dir='ltr'>Nasonem</span> <span class='ocrx_word' id='word_1_62' title='bbox 698 869 872 920; x_wconf 87' lang='lat' dir='ltr'>arrepto</span> <span class='ocrx_word' id='word_1_63' title='bbox 911 880 963 907; x_wconf 87' lang='lat' dir='ltr'>ex</span> <span class='ocrx_word' id='word_1_64' title='bbox 997 868 1098 907; x_wconf 90' lang='lat' dir='ltr'>Arte</span> <span class='ocrx_word' id='word_1_65' title='bbox 1137 880 1221 906; x_wconf 91' lang='lat' dir='ltr'>uno</span> <span class='ocrx_word' id='word_1_66' title='bbox 1252 865 1505 906; x_wconf 81' lang='lat' dir='ltr'>hexametro</span> <span class='ocrx_word' id='word_1_67' title='bbox 1544 880 1655 906; x_wconf 90' lang='lat' dir='ltr'>com-</span> 
     </span>
     <span class='ocr_line' id='line_1_11' title="bbox 150 933 1658 988; baseline -0.001 -12"><span class='ocrx_word' id='word_1_68' title='bbox 150 935 347 977; x_wconf 88' lang='lat' dir='ltr'>modasse</span> <span class='ocrx_word' id='word_1_69' title='bbox 386 935 509 985; x_wconf 80' lang='lat' dir='ltr'>talia,</span> <span class='ocrx_word' id='word_1_70' title='bbox 550 938 598 976; x_wconf 91' lang='lat' dir='ltr'>ut</span> <span class='ocrx_word' id='word_1_71' title='bbox 637 934 822 976; x_wconf 88' lang='lat' dir='ltr'>iucunde</span> <span class='ocrx_word' id='word_1_72' title='bbox 852 938 999 988; x_wconf 90' lang='lat' dir='ltr'>posset</span> <span class='ocrx_word' id='word_1_73' title='bbox 1028 934 1185 988; x_wconf 88' lang='lat' dir='ltr'>prioris</span> <span class='ocrx_word' id='word_1_74' title='bbox 1219 933 1420 974; x_wconf 78' lang='lat' dir='ltr'>carminis</span> <span class='ocrx_word' id='word_1_75' title='bbox 1453 934 1658 975; x_wconf 85' lang='lat' dir='ltr'>memoria</span> 
     </span>
     <span class='ocr_line' id='line_1_12' title="bbox 150 1001 1656 1056; baseline -0.002 -11"><span class='ocrx_word' id='word_1_76' title='bbox 150 1004 328 1045; x_wconf 87' lang='lat' dir='ltr'>urbanis</span> <span class='ocrx_word' id='word_1_77' title='bbox 359 1003 539 1045; x_wconf 85' lang='lat' dir='ltr'>excitari</span> <span class='ocrx_word' id='word_1_78' title='bbox 570 1003 817 1044; x_wconf 89' lang='lat' dir='ltr'>lectoribus.</span> <span class='ocrx_word' id='word_1_79' title='bbox 870 1017 981 1056; x_wconf 88' lang='lat' dir='ltr'>quae</span> <span class='ocrx_word' id='word_1_80' title='bbox 1014 1003 1183 1044; x_wconf 90' lang='lat' dir='ltr'>omnino</span> <span class='ocrx_word' id='word_1_81' title='bbox 1206 1001 1389 1043; x_wconf 82' lang='lat' dir='ltr'>facetiae</span> <span class='ocrx_word' id='word_1_82' title='bbox 1411 1002 1465 1043; x_wconf 89' lang='lat' dir='ltr'>ad</span> <span class='ocrx_word' id='word_1_83' title='bbox 1487 1002 1656 1043; x_wconf 90' lang='lat' dir='ltr'>irritum</span> 
     </span>
     <span class='ocr_line' id='line_1_13' title="bbox 151 1070 1656 1126; baseline -0.002 -13"><span class='ocrx_word' id='word_1_84' title='bbox 151 1072 344 1114; x_wconf 88' lang='lat' dir='ltr'>recident</span> <span class='ocrx_word' id='word_1_85' title='bbox 374 1086 522 1113; x_wconf 89' lang='lat' dir='ltr'>versus</span> <span class='ocrx_word' id='word_1_86' title='bbox 554 1085 685 1125; x_wconf 86' lang='lat' dir='ltr'>supra</span> <span class='ocrx_word' id='word_1_87' title='bbox 717 1085 769 1112; x_wconf 83' lang='lat' dir='ltr'>ex</span> <span class='ocrx_word' id='word_1_88' title='bbox 801 1075 894 1112; x_wconf 89' lang='lat' dir='ltr'>arte</span> <span class='ocrx_word' id='word_1_89' title='bbox 924 1071 1117 1126; x_wconf 86' lang='lat' dir='ltr'>prolatos</span> <span class='ocrx_word' id='word_1_90' title='bbox 1139 1070 1500 1124; x_wconf 87' lang='lat' dir='ltr'>suspectantibus.</span> <span class='ocrx_word' id='word_1_91' title='bbox 1553 1070 1656 1124; x_wconf 85' lang='lat' dir='ltr'>quid</span> 
     </span>
     <span class='ocr_line' id='line_1_14' title="bbox 151 1138 1656 1194; baseline -0.001 -12"><span class='ocrx_word' id='word_1_92' title='bbox 151 1140 265 1194; x_wconf 88' lang='lat' dir='ltr'>quod</span> <span class='ocrx_word' id='word_1_93' title='bbox 296 1144 448 1182; x_wconf 85' lang='lat' dir='ltr'>auctor</span> <span class='ocrx_word' id='word_1_94' title='bbox 480 1140 803 1193; x_wconf 84' lang='lat' dir='ltr'>epigrammatis</span> <span class='ocrx_word' id='word_1_95' title='bbox 835 1140 1071 1194; x_wconf 87' lang='lat' dir='ltr'>pervetusti</span> <span class='ocrx_word' id='word_1_96' title='bbox 1104 1139 1156 1180; x_wconf 89' lang='lat' dir='ltr'>de</span> <span class='ocrx_word' id='word_1_97' title='bbox 1188 1139 1349 1180; x_wconf 87' lang='lat' dir='ltr'>Catone</span> <span class='ocrx_word' id='word_1_98' title='bbox 1381 1138 1559 1193; x_wconf 89' lang='lat' dir='ltr'>[anthol.</span> <span class='ocrx_word' id='word_1_99' title='bbox 1582 1138 1656 1180; x_wconf 71' lang='lat' dir='ltr'>lat</span> 
     </span>
     <span class='ocr_line' id='line_1_15' title="bbox 151 1208 1267 1263; baseline -0.002 -12"><span class='ocrx_word' id='word_1_100' title='bbox 151 1213 230 1252; x_wconf 83' lang='lat'>399</span> <span class='ocrx_word' id='word_1_101' title='bbox 261 1209 324 1250; x_wconf 89' lang='lat' dir='ltr'>ed.</span> <span class='ocrx_word' id='word_1_102' title='bbox 356 1209 489 1263; x_wconf 89' lang='lat' dir='ltr'>Ries.]</span> <span class='ocrx_word' id='word_1_103' title='bbox 518 1209 711 1250; x_wconf 88' lang='lat' dir='ltr'>imitatus</span> <span class='ocrx_word' id='word_1_104' title='bbox 742 1212 807 1250; x_wconf 87' lang='lat' dir='ltr'>est</span> <span class='ocrx_word' id='word_1_105' title='bbox 835 1212 1153 1263; x_wconf 86' lang='lat' dir='ltr'>pentametrum</span> <span class='ocrx_word' id='word_1_106' title='bbox 1184 1208 1267 1248; x_wconf 87' lang='lat' dir='ltr'>ita:</span> 
     </span>
    </p>
   </div>
   <div class='ocr_carea' id='block_1_5' title="bbox 422 1288 1285 1390">
    <p class='ocr_par' dir='ltr' id='par_1_7' title="bbox 422 1288 1285 1390">
     <span class='ocr_line' id='line_1_16' title="bbox 422 1288 1285 1333; baseline -0.001 -11"><span class='ocrx_word' id='word_1_107' title='bbox 422 1289 520 1322; x_wconf 87' lang='lat' dir='ltr'>iussa</span> <span class='ocrx_word' id='word_1_108' title='bbox 544 1300 671 1323; x_wconf 83' lang='lat' dir='ltr'>manus</span> <span class='ocrx_word' id='word_1_109' title='bbox 697 1289 790 1322; x_wconf 87' lang='lat' dir='ltr'>sacri</span> <span class='ocrx_word' id='word_1_110' title='bbox 816 1292 946 1333; x_wconf 89' lang='lat' dir='ltr'>pectus</span> <span class='ocrx_word' id='word_1_111' title='bbox 972 1289 1108 1322; x_wconf 81' lang='lat' dir='ltr'>violare</span> <span class='ocrx_word' id='word_1_112' title='bbox 1135 1288 1285 1322; x_wconf 84' lang='lat' dir='ltr'>Catonis</span> 
     </span>
     <span class='ocr_line' id='line_1_17' title="bbox 424 1345 1243 1390; baseline -0.001 -11"><span class='ocrx_word' id='word_1_113' title='bbox 424 1346 543 1380; x_wconf 84' lang='lat' dir='ltr'>haesit</span> <span class='ocrx_word' id='word_1_114' title='bbox 568 1348 605 1380; x_wconf 87' lang='lat' dir='ltr'>et</span> <span class='ocrx_word' id='word_1_115' title='bbox 632 1346 821 1390; x_wconf 85' lang='lat' dir='ltr'>inceptum</span> <span class='ocrx_word' id='word_1_116' title='bbox 846 1346 944 1380; x_wconf 87' lang='lat' dir='ltr'>victa</span> <span class='ocrx_word' id='word_1_117' title='bbox 968 1345 1116 1389; x_wconf 88' lang='lat' dir='ltr'>reliquit</span> <span class='ocrx_word' id='word_1_118' title='bbox 1141 1356 1243 1389; x_wconf 89' lang='lat' dir='ltr'>opus.</span> 
     </span>
    </p>
   </div>
   <div class='ocr_carea' id='block_1_6' title="bbox 148 1413 1456 1584">
    <p class='ocr_par' dir='ltr' id='par_1_8' title="bbox 148 1413 1456 1584">
     <span class='ocr_line' id='line_1_18' title="bbox 148 1413 896 1455; baseline 0 0"><span class='ocrx_word' id='word_1_119' title='bbox 148 1413 222 1455; x_wconf 90' lang='lat' dir='ltr'>ubi</span> <span class='ocrx_word' id='word_1_120' title='bbox 254 1414 405 1455; x_wconf 88' lang='lat' dir='ltr'>ultima</span> <span class='ocrx_word' id='word_1_121' title='bbox 436 1413 497 1454; x_wconf 89' lang='lat' dir='ltr'>sic</span> <span class='ocrx_word' id='word_1_122' title='bbox 528 1413 896 1455; x_wconf 87' lang='lat' dir='ltr'>reconcinnanda:</span> 
     </span>
     <span class='ocr_line' id='line_1_19' title="bbox 427 1481 1456 1526; baseline -0.001 -11"><span class='ocrx_word' id='word_1_123' title='bbox 427 1481 590 1525; x_wconf 82' lang='lat' dir='ltr'>dextera,</span> <span class='ocrx_word' id='word_1_124' title='bbox 616 1493 661 1516; x_wconf 89' lang='lat' dir='ltr'>ne</span> <span class='ocrx_word' id='word_1_125' title='bbox 687 1481 825 1516; x_wconf 84' lang='lat' dir='ltr'>dubita.</span> <span class='ocrx_word' id='word_1_126' title='bbox 862 1482 1031 1516; x_wconf 85' lang='lat' dir='ltr'>durumst</span> <span class='ocrx_word' id='word_1_127' title='bbox 1055 1481 1237 1526; x_wconf 83' lang='lat' dir='ltr'>iugulasse</span> <span class='ocrx_word' id='word_1_128' title='bbox 1267 1481 1456 1515; x_wconf 85' lang='lat' dir='ltr'>Catonem.</span> 
     </span>
     <span class='ocr_line' id='line_1_20' title="bbox 424 1538 1290 1584; baseline -0.001 -11"><span class='ocrx_word' id='word_1_129' title='bbox 424 1539 488 1573; x_wconf 87' lang='lat' dir='ltr'>sed</span> <span class='ocrx_word' id='word_1_130' title='bbox 514 1539 565 1573; x_wconf 91' lang='lat' dir='ltr'>sic</span> <span class='ocrx_word' id='word_1_131' title='bbox 591 1539 685 1574; x_wconf 90' lang='lat' dir='ltr'>liber</span> <span class='ocrx_word' id='word_1_132' title='bbox 711 1539 790 1573; x_wconf 91' lang='lat' dir='ltr'>erit.</span> <span class='ocrx_word' id='word_1_133' title='bbox 817 1539 889 1573; x_wconf 86' lang='lat' dir='ltr'>iam</span> <span class='ocrx_word' id='word_1_134' title='bbox 916 1542 1005 1584; x_wconf 87' lang='lat' dir='ltr'>puto</span> <span class='ocrx_word' id='word_1_135' title='bbox 1034 1551 1106 1573; x_wconf 89' lang='lat' dir='ltr'>non</span> <span class='ocrx_word' id='word_1_136' title='bbox 1133 1538 1290 1573; x_wconf 86' lang='lat' dir='ltr'>dubitas.</span> 
     </span>
    </p>
   </div>
   <div class='ocr_carea' id='block_1_7' title="bbox 147 1594 1658 2131">
    <p class='ocr_par' dir='ltr' id='par_1_9' title="bbox 147 1594 1658 2131">
     <span class='ocr_line' id='line_1_21' title="bbox 148 1594 1656 1650; baseline -0.001 -13"><span class='ocrx_word' id='word_1_137' title='bbox 148 1597 281 1650; x_wconf 89' lang='lat' dir='ltr'>igitur</span> <span class='ocrx_word' id='word_1_138' title='bbox 303 1599 519 1638; x_wconf 88' lang='lat' dir='ltr'>statuetur</span> <span class='ocrx_word' id='word_1_139' title='bbox 539 1596 635 1637; x_wconf 92' lang='lat' dir='ltr'>ideo</span> <span class='ocrx_word' id='word_1_140' title='bbox 658 1596 881 1638; x_wconf 88' lang='lat' dir='ltr'>turbatum</span> <span class='ocrx_word' id='word_1_141' title='bbox 902 1597 946 1637; x_wconf 92' lang='lat' dir='ltr'>in</span> <span class='ocrx_word' id='word_1_142' title='bbox 968 1596 1114 1638; x_wconf 88' lang='lat' dir='ltr'>codice</span> <span class='ocrx_word' id='word_1_143' title='bbox 1137 1596 1283 1649; x_wconf 86' lang='lat' dir='ltr'>Regio,</span> <span class='ocrx_word' id='word_1_144' title='bbox 1306 1595 1421 1649; x_wconf 87' lang='lat' dir='ltr'>quod</span> <span class='ocrx_word' id='word_1_145' title='bbox 1443 1594 1656 1636; x_wconf 81' lang='lat' dir='ltr'>distichon</span> 
     </span>
     <span class='ocr_line' id='line_1_22' title="bbox 148 1663 1656 1716; baseline -0.001 -10"><span class='ocrx_word' id='word_1_146' title='bbox 148 1665 272 1716; x_wconf 86' lang='lat' dir='ltr'>illud,</span> <span class='ocrx_word' id='word_1_147' title='bbox 304 1679 400 1706; x_wconf 91' lang='lat' dir='ltr'>cum</span> <span class='ocrx_word' id='word_1_148' title='bbox 432 1678 534 1706; x_wconf 88' lang='lat' dir='ltr'>casu</span> <span class='ocrx_word' id='word_1_149' title='bbox 567 1664 797 1706; x_wconf 82' lang='lat' dir='ltr'>excidisset</span> <span class='ocrx_word' id='word_1_150' title='bbox 825 1679 876 1706; x_wconf 83' lang='lat' dir='ltr'>ex</span> <span class='ocrx_word' id='word_1_151' title='bbox 906 1665 1054 1706; x_wconf 83' lang='lat' dir='ltr'>ordine</span> <span class='ocrx_word' id='word_1_152' title='bbox 1086 1664 1326 1714; x_wconf 86' lang='lat' dir='ltr'>verborum,</span> <span class='ocrx_word' id='word_1_153' title='bbox 1353 1664 1439 1704; x_wconf 84' lang='lat' dir='ltr'>iam</span> <span class='ocrx_word' id='word_1_154' title='bbox 1470 1663 1513 1704; x_wconf 90' lang='lat' dir='ltr'>in</span> <span class='ocrx_word' id='word_1_155' title='bbox 1545 1677 1656 1704; x_wconf 88' lang='lat' dir='ltr'>mar-</span> 
     </span>
     <span class='ocr_line' id='line_1_23' title="bbox 150 1732 1657 1787; baseline -0.001 -13"><span class='ocrx_word' id='word_1_156' title='bbox 150 1733 290 1787; x_wconf 86' lang='lat' dir='ltr'>ginem</span> <span class='ocrx_word' id='word_1_157' title='bbox 340 1732 535 1774; x_wconf 89' lang='lat' dir='ltr'>additum</span> <span class='ocrx_word' id='word_1_158' title='bbox 585 1733 680 1775; x_wconf 92' lang='grc'>1000</span> <span class='ocrx_word' id='word_1_159' title='bbox 731 1732 870 1774; x_wconf 89' lang='lat' dir='ltr'>alieno</span> <span class='ocrx_word' id='word_1_160' title='bbox 920 1747 998 1787; x_wconf 88' lang='lat' dir='ltr'>per</span> <span class='ocrx_word' id='word_1_161' title='bbox 1048 1732 1363 1786; x_wconf 84' lang='lat' dir='ltr'>neglegentiam</span> <span class='ocrx_word' id='word_1_162' title='bbox 1414 1732 1527 1782; x_wconf 79' lang='lat' dir='ltr'>eius,</span> <span class='ocrx_word' id='word_1_163' title='bbox 1583 1732 1657 1784; x_wconf 87' lang='lat' dir='ltr'>qui</span> 
     </span>
     <span class='ocr_line' id='line_1_24' title="bbox 147 1800 1657 1856; baseline -0.002 -13"><span class='ocrx_word' id='word_1_164' title='bbox 147 1801 312 1851; x_wconf 88' lang='lat' dir='ltr'>librum</span> <span class='ocrx_word' id='word_1_165' title='bbox 336 1801 617 1856; x_wconf 72' lang='lat' dir='ltr'>archetypum</span> <span class='ocrx_word' id='word_1_166' title='bbox 650 1801 855 1853; x_wconf 83' lang='lat' dir='ltr'>correxit,</span> <span class='ocrx_word' id='word_1_167' title='bbox 899 1816 925 1843; x_wconf 92' lang='lat' dir='ltr'>a</span> <span class='ocrx_word' id='word_1_168' title='bbox 966 1801 1067 1843; x_wconf 87' lang='lat' dir='ltr'>sede</span> <span class='ocrx_word' id='word_1_169' title='bbox 1096 1801 1274 1856; x_wconf 85' lang='lat' dir='ltr'>propria</span> <span class='ocrx_word' id='word_1_170' title='bbox 1314 1800 1534 1842; x_wconf 86' lang='lat' dir='ltr'>aberravit</span> <span class='ocrx_word' id='word_1_171' title='bbox 1572 1813 1657 1841; x_wconf 88' lang='lat' dir='ltr'>una</span> 
     </span>
     <span class='ocr_line' id='line_1_25' title="bbox 148 1868 1657 1924; baseline -0.002 -13"><span class='ocrx_word' id='word_1_172' title='bbox 148 1870 333 1924; x_wconf 88' lang='lat' dir='ltr'>paginae</span> <span class='ocrx_word' id='word_1_173' title='bbox 375 1873 522 1924; x_wconf 89' lang='lat' dir='ltr'>parte,</span> <span class='ocrx_word' id='word_1_174' title='bbox 563 1870 645 1912; x_wconf 90' lang='lat' dir='ltr'>hoc</span> <span class='ocrx_word' id='word_1_175' title='bbox 686 1874 750 1912; x_wconf 89' lang='lat' dir='ltr'>est</span> <span class='ocrx_word' id='word_1_176' title='bbox 792 1870 986 1912; x_wconf 87' lang='lat' dir='ltr'>versibus</span> <span class='ocrx_word' id='word_1_177' title='bbox 1026 1870 1179 1912; x_wconf 85' lang='lat' dir='ltr'>XXVI.</span> <span class='ocrx_word' id='word_1_178' title='bbox 1247 1883 1357 1923; x_wconf 87' lang='lat' dir='ltr'>quae</span> <span class='ocrx_word' id='word_1_179' title='bbox 1403 1868 1470 1909; x_wconf 91' lang='lat' dir='ltr'>vel</span> <span class='ocrx_word' id='word_1_180' title='bbox 1516 1882 1566 1909; x_wconf 89' lang='lat' dir='ltr'>ea</span> <span class='ocrx_word' id='word_1_181' title='bbox 1610 1882 1657 1909; x_wconf 88' lang='lat' dir='ltr'>re</span> 
     </span>
     <span class='ocr_line' id='line_1_26' title="bbox 148 1936 1657 1992; baseline -0.001 -13"><span class='ocrx_word' id='word_1_182' title='bbox 148 1937 348 1980; x_wconf 90' lang='lat' dir='ltr'>firmatur</span> <span class='ocrx_word' id='word_1_183' title='bbox 370 1939 570 1992; x_wconf 85' lang='lat' dir='ltr'>suspicio,</span> <span class='ocrx_word' id='word_1_184' title='bbox 603 1938 717 1992; x_wconf 89' lang='lat' dir='ltr'>quod</span> <span class='ocrx_word' id='word_1_185' title='bbox 741 1938 932 1981; x_wconf 88' lang='lat' dir='ltr'>eiusdem</span> <span class='ocrx_word' id='word_1_186' title='bbox 954 1938 1069 1980; x_wconf 89' lang='lat' dir='ltr'>illius</span> <span class='ocrx_word' id='word_1_187' title='bbox 1091 1941 1362 1992; x_wconf 85' lang='lat' dir='ltr'>pentameter</span> <span class='ocrx_word' id='word_1_188' title='bbox 1382 1936 1657 1991; x_wconf 87' lang='lat' dir='ltr'>praepositus</span> 
     </span>
     <span class='ocr_line' id='line_1_27' title="bbox 148 2004 1658 2060; baseline -0.002 -12"><span class='ocrx_word' id='word_1_189' title='bbox 148 2007 306 2060; x_wconf 90' lang='lat' dir='ltr'>legitur</span> <span class='ocrx_word' id='word_1_190' title='bbox 349 2006 614 2048; x_wconf 84' lang='lat' dir='ltr'>hexametro.</span> <span class='ocrx_word' id='word_1_191' title='bbox 682 2007 866 2049; x_wconf 89' lang='lat' dir='ltr'>alterum</span> <span class='ocrx_word' id='word_1_192' title='bbox 912 2011 1056 2049; x_wconf 88' lang='lat' dir='ltr'>autem</span> <span class='ocrx_word' id='word_1_193' title='bbox 1103 2005 1345 2060; x_wconf 84' lang='lat' dir='ltr'>exemplum</span> <span class='ocrx_word' id='word_1_194' title='bbox 1390 2019 1474 2047; x_wconf 90' lang='lat' dir='ltr'>non</span> <span class='ocrx_word' id='word_1_195' title='bbox 1518 2004 1658 2045; x_wconf 90' lang='lat' dir='ltr'>minus</span> 
     </span>
     <span class='ocr_line' id='line_1_28' title="bbox 150 2074 1658 2131; baseline -0.002 -15"><span class='ocrx_word' id='word_1_196' title='bbox 150 2078 347 2129; x_wconf 90' lang='lat' dir='ltr'>apertum</span> <span class='ocrx_word' id='word_1_197' title='bbox 393 2079 563 2129; x_wconf 89' lang='lat' dir='ltr'>prostat</span> <span class='ocrx_word' id='word_1_198' title='bbox 607 2076 650 2116; x_wconf 91' lang='lat' dir='ltr'>in</span> <span class='ocrx_word' id='word_1_199' title='bbox 697 2076 883 2130; x_wconf 87' lang='lat' dir='ltr'>epistula</span> <span class='ocrx_word' id='word_1_200' title='bbox 928 2076 1275 2131; x_wconf 85' lang='lat' dir='ltr'>Hypermestrae.</span> <span class='ocrx_word' id='word_1_201' title='bbox 1343 2074 1463 2115; x_wconf 86' lang='lat' dir='ltr'>cuius</span> <span class='ocrx_word' id='word_1_202' title='bbox 1510 2086 1658 2114; x_wconf 89' lang='lat' dir='ltr'>versus</span> 
     </span>
    </p>
   </div>
   <div class='ocr_carea' id='block_1_8' title="bbox 152 2140 1657 2315">
    <p class='ocr_par' dir='ltr' id='par_1_10' title="bbox 152 2140 1657 2315">
     <span class='ocr_line' id='line_1_29' title="bbox 152 2140 1657 2198; baseline -0.003 -12"><span class='ocrx_word' id='word_1_203' title='bbox 152 2145 442 2198; x_wconf 85' lang='lat' dir='ltr'>sexagesimus</span> <span class='ocrx_word' id='word_1_204' title='bbox 482 2144 645 2198; x_wconf 88' lang='lat' dir='ltr'>primus</span> <span class='ocrx_word' id='word_1_205' title='bbox 687 2148 730 2186; x_wconf 93' lang='lat' dir='ltr'>et</span> <span class='ocrx_word' id='word_1_206' title='bbox 770 2144 982 2186; x_wconf 84' lang='lat' dir='ltr'>secundus</span> <span class='ocrx_word' id='word_1_207' title='bbox 1015 2159 1110 2186; x_wconf 91' lang='lat' dir='ltr'>cum</span> <span class='ocrx_word' id='word_1_208' title='bbox 1142 2144 1269 2196; x_wconf 90' lang='lat' dir='ltr'>vulgo</span> <span class='ocrx_word' id='word_1_209' title='bbox 1302 2142 1497 2184; x_wconf 84' lang='lat' dir='ltr'>ferantur</span> <span class='ocrx_word' id='word_1_210' title='bbox 1527 2140 1657 2183; x_wconf 86' lang='lat' dir='ltr'>tales:</span> 
     </span>
     <span class='ocr_line' id='line_1_30' title="bbox 424 2210 1373 2257; baseline -0.001 -11"><span class='ocrx_word' id='word_1_211' title='bbox 424 2215 487 2246; x_wconf 80' lang='lat' dir='ltr'>aut</span> <span class='ocrx_word' id='word_1_212' title='bbox 511 2224 679 2246; x_wconf 87' lang='lat' dir='ltr'>meruere</span> <span class='ocrx_word' id='word_1_213' title='bbox 706 2224 835 2247; x_wconf 88' lang='lat' dir='ltr'>necem</span> <span class='ocrx_word' id='word_1_214' title='bbox 860 2213 1040 2257; x_wconf 87' lang='lat' dir='ltr'>patruelia</span> <span class='ocrx_word' id='word_1_215' title='bbox 1066 2224 1179 2257; x_wconf 85' lang='lat' dir='ltr'>regna</span> <span class='ocrx_word' id='word_1_216' title='bbox 1202 2210 1373 2253; x_wconf 83' lang='lat' dir='ltr'>tenendo,</span> 
     </span>
     <span class='ocr_line' id='line_1_31' title="bbox 425 2269 1337 2315; baseline 0.001 -12"><span class='ocrx_word' id='word_1_217' title='bbox 425 2281 517 2314; x_wconf 84' lang='lat' dir='ltr'>quae</span> <span class='ocrx_word' id='word_1_218' title='bbox 543 2272 666 2304; x_wconf 87' lang='lat' dir='ltr'>tamen</span> <span class='ocrx_word' id='word_1_219' title='bbox 692 2270 852 2304; x_wconf 87' lang='lat' dir='ltr'>externis</span> <span class='ocrx_word' id='word_1_220' title='bbox 878 2270 998 2303; x_wconf 86' lang='lat' dir='ltr'>danda</span> <span class='ocrx_word' id='word_1_221' title='bbox 1022 2269 1144 2304; x_wconf 88' lang='lat' dir='ltr'>forent</span> <span class='ocrx_word' id='word_1_222' title='bbox 1168 2270 1337 2315; x_wconf 75' lang='lat' dir='ltr'>generis?</span> 
     </span>
    </p>
   </div>
   <div class='ocr_carea' id='block_1_9' title="bbox 149 2326 1658 2999">
    <p class='ocr_par' dir='ltr' id='par_1_11' title="bbox 149 2326 1658 2999">
     <span class='ocr_line' id='line_1_32' title="bbox 151 2326 1658 2383; baseline 0.002 -15"><span class='ocrx_word' id='word_1_223' title='bbox 151 2326 367 2381; x_wconf 89' lang='lat' dir='ltr'>posterior</span> <span class='ocrx_word' id='word_1_224' title='bbox 395 2340 447 2368; x_wconf 86' lang='lat' dir='ltr'>ex</span> <span class='ocrx_word' id='word_1_225' title='bbox 476 2326 542 2368; x_wconf 89' lang='lat' dir='ltr'>his</span> <span class='ocrx_word' id='word_1_226' title='bbox 575 2327 755 2368; x_wconf 89' lang='lat' dir='ltr'>Puteani</span> <span class='ocrx_word' id='word_1_227' title='bbox 792 2327 903 2368; x_wconf 88' lang='lat' dir='ltr'>libro</span> <span class='ocrx_word' id='word_1_228' title='bbox 935 2340 961 2368; x_wconf 84' lang='lat' dir='ltr'>a</span> <span class='ocrx_word' id='word_1_229' title='bbox 991 2341 1121 2368; x_wconf 87' lang='lat' dir='ltr'>manu</span> <span class='ocrx_word' id='word_1_230' title='bbox 1152 2329 1342 2370; x_wconf 86' lang='lat' dir='ltr'>secunda</span> <span class='ocrx_word' id='word_1_231' title='bbox 1373 2330 1560 2383; x_wconf 85' lang='lat' dir='ltr'>scriptus</span> <span class='ocrx_word' id='word_1_232' title='bbox 1593 2332 1658 2370; x_wconf 90' lang='lat' dir='ltr'>est</span> 
     </span>
     <span class='ocr_line' id='line_1_33' title="bbox 149 2395 1657 2449; baseline 0 -13"><span class='ocrx_word' id='word_1_233' title='bbox 149 2396 193 2436; x_wconf 89' lang='lat' dir='ltr'>in</span> <span class='ocrx_word' id='word_1_234' title='bbox 221 2408 375 2436; x_wconf 86' lang='lat' dir='ltr'>rasura</span> <span class='ocrx_word' id='word_1_235' title='bbox 407 2395 597 2446; x_wconf 85' lang='lat' dir='ltr'>alterius,</span> <span class='ocrx_word' id='word_1_236' title='bbox 627 2409 753 2449; x_wconf 90' lang='lat' dir='ltr'>quem</span> <span class='ocrx_word' id='word_1_237' title='bbox 784 2395 915 2437; x_wconf 89' lang='lat' dir='ltr'>fuisse</span> <span class='ocrx_word' id='word_1_238' title='bbox 937 2395 1127 2437; x_wconf 89' lang='lat' dir='ltr'>eiusdem</span> <span class='ocrx_word' id='word_1_239' title='bbox 1153 2398 1354 2440; x_wconf 89' lang='lat' dir='ltr'>carminis</span> <span class='ocrx_word' id='word_1_240' title='bbox 1386 2398 1519 2440; x_wconf 90' lang='lat' dir='ltr'>CXIV</span> <span class='ocrx_word' id='word_1_241' title='bbox 1549 2396 1657 2438; x_wconf 78' lang='lat' dir='ltr'>‘cum</span> 
     </span>
     <span class='ocr_line' id='line_1_34' title="bbox 149 2462 1657 2520; baseline 0 -15"><span class='ocrx_word' id='word_1_242' title='bbox 149 2477 247 2505; x_wconf 75' lang='lat' dir='ltr'>sene</span> <span class='ocrx_word' id='word_1_243' title='bbox 276 2477 348 2504; x_wconf 79' lang='lat' dir='ltr'>nos</span> <span class='ocrx_word' id='word_1_244' title='bbox 379 2466 490 2514; x_wconf 69' lang='lat' dir='ltr'>inopi</span> <span class='ocrx_word' id='word_1_245' title='bbox 521 2466 641 2505; x_wconf 81' lang='lat' dir='ltr'>turba</span> <span class='ocrx_word' id='word_1_246' title='bbox 672 2478 870 2515; x_wconf 70' lang='lat' dir='ltr'>vayamur</span> <span class='ocrx_word' id='word_1_247' title='bbox 900 2462 1035 2515; x_wconf 73' lang='lat' dir='ltr'>inops&#39;</span> <span class='ocrx_word' id='word_1_248' title='bbox 1074 2464 1170 2506; x_wconf 88' lang='lat' dir='ltr'>ideo</span> <span class='ocrx_word' id='word_1_249' title='bbox 1201 2465 1250 2506; x_wconf 91' lang='lat' dir='ltr'>fit</span> <span class='ocrx_word' id='word_1_250' title='bbox 1271 2466 1510 2520; x_wconf 74' lang='lat' dir='ltr'>probabile,</span> <span class='ocrx_word' id='word_1_251' title='bbox 1542 2464 1657 2519; x_wconf 88' lang='lat' dir='ltr'>quod</span> 
     </span>
     <span class='ocr_line' id='line_1_35' title="bbox 151 2531 1657 2587; baseline 0.001 -15"><span class='ocrx_word' id='word_1_252' title='bbox 151 2531 221 2572; x_wconf 91' lang='lat' dir='ltr'>hic</span> <span class='ocrx_word' id='word_1_253' title='bbox 262 2531 354 2585; x_wconf 90' lang='lat' dir='ltr'>ipse</span> <span class='ocrx_word' id='word_1_254' title='bbox 391 2531 435 2572; x_wconf 91' lang='lat' dir='ltr'>in</span> <span class='ocrx_word' id='word_1_255' title='bbox 475 2531 587 2573; x_wconf 91' lang='lat' dir='ltr'>libro</span> <span class='ocrx_word' id='word_1_256' title='bbox 621 2531 958 2587; x_wconf 85' lang='lat' dir='ltr'>Guelferbytano</span> <span class='ocrx_word' id='word_1_257' title='bbox 999 2533 1112 2574; x_wconf 85' lang='lat' dir='ltr'>inter</span> <span class='ocrx_word' id='word_1_258' title='bbox 1151 2548 1298 2576; x_wconf 89' lang='lat' dir='ltr'>versus</span> <span class='ocrx_word' id='word_1_259' title='bbox 1338 2534 1436 2576; x_wconf 93' lang='lat' dir='ltr'>LXI</span> <span class='ocrx_word' id='word_1_260' title='bbox 1468 2537 1510 2576; x_wconf 92' lang='lat' dir='ltr'>et</span> <span class='ocrx_word' id='word_1_261' title='bbox 1539 2533 1657 2574; x_wconf 88' lang='lat' dir='ltr'>LXII</span> 
     </span>
     <span class='ocr_line' id='line_1_36' title="bbox 151 2599 1656 2653; baseline 0.001 -13"><span class='ocrx_word' id='word_1_262' title='bbox 151 2602 218 2641; x_wconf 89' lang='lat' dir='ltr'>est</span> <span class='ocrx_word' id='word_1_263' title='bbox 238 2599 464 2653; x_wconf 89' lang='lat' dir='ltr'>repositus.</span> <span class='ocrx_word' id='word_1_264' title='bbox 512 2613 650 2653; x_wconf 88' lang='lat' dir='ltr'>neque</span> <span class='ocrx_word' id='word_1_265' title='bbox 676 2600 782 2642; x_wconf 86' lang='lat' dir='ltr'>illud</span> <span class='ocrx_word' id='word_1_266' title='bbox 805 2614 908 2642; x_wconf 89' lang='lat' dir='ltr'>casu</span> <span class='ocrx_word' id='word_1_267' title='bbox 928 2601 1103 2652; x_wconf 85' lang='lat' dir='ltr'>factum,</span> <span class='ocrx_word' id='word_1_268' title='bbox 1134 2605 1182 2643; x_wconf 86' lang='lat' dir='ltr'>ut</span> <span class='ocrx_word' id='word_1_269' title='bbox 1202 2602 1245 2643; x_wconf 89' lang='lat' dir='ltr'>in</span> <span class='ocrx_word' id='word_1_270' title='bbox 1267 2602 1416 2644; x_wconf 87' lang='lat' dir='ltr'>eodem</span> <span class='ocrx_word' id='word_1_271' title='bbox 1438 2603 1656 2643; x_wconf 88' lang='lat' dir='ltr'>Puteaneo</span> 
     </span>
     <span class='ocr_line' id='line_1_37' title="bbox 150 2667 1657 2725; baseline 0.003 -17"><span class='ocrx_word' id='word_1_272' title='bbox 150 2682 212 2708; x_wconf 89' lang='lat' dir='ltr'>vv.</span> <span class='ocrx_word' id='word_1_273' title='bbox 246 2667 381 2709; x_wconf 83' lang='lat' dir='ltr'>CXIII</span> <span class='ocrx_word' id='word_1_274' title='bbox 411 2671 454 2709; x_wconf 91' lang='lat' dir='ltr'>et</span> <span class='ocrx_word' id='word_1_275' title='bbox 485 2668 616 2709; x_wconf 83' lang='lat' dir='ltr'>CXIV</span> <span class='ocrx_word' id='word_1_276' title='bbox 646 2672 745 2722; x_wconf 86' lang='lat' dir='ltr'>post</span> <span class='ocrx_word' id='word_1_277' title='bbox 775 2668 891 2710; x_wconf 90' lang='lat' dir='ltr'>CXII</span> <span class='ocrx_word' id='word_1_278' title='bbox 919 2669 963 2710; x_wconf 88' lang='lat' dir='ltr'>in</span> <span class='ocrx_word' id='word_1_279' title='bbox 994 2670 1187 2723; x_wconf 88' lang='lat' dir='ltr'>margine</span> <span class='ocrx_word' id='word_1_280' title='bbox 1217 2671 1302 2712; x_wconf 90' lang='lat' dir='ltr'>sint</span> <span class='ocrx_word' id='word_1_281' title='bbox 1332 2670 1489 2712; x_wconf 88' lang='lat' dir='ltr'>adiecti</span> <span class='ocrx_word' id='word_1_282' title='bbox 1520 2670 1591 2725; x_wconf 90' lang='lat' dir='ltr'>[cf.</span> <span class='ocrx_word' id='word_1_283' title='bbox 1614 2673 1657 2711; x_wconf 92' lang='lat' dir='ltr'>et</span> 
     </span>
     <span class='ocr_line' id='line_1_38' title="bbox 152 2735 1657 2792; baseline 0.003 -16"><span class='ocrx_word' id='word_1_284' title='bbox 152 2735 430 2777; x_wconf 82' lang='lat' dir='ltr'>Sedelmaieri</span> <span class='ocrx_word' id='word_1_285' title='bbox 464 2749 614 2777; x_wconf 89' lang='lat' dir='ltr'>comm.</span> <span class='ocrx_word' id='word_1_286' title='bbox 639 2736 694 2777; x_wconf 89' lang='lat' dir='ltr'>ad</span> <span class='ocrx_word' id='word_1_287' title='bbox 720 2737 831 2790; x_wconf 67' lang='lat'>113}</span> <span class='ocrx_word' id='word_1_288' title='bbox 882 2751 993 2790; x_wconf 88' lang='lat' dir='ltr'>quae</span> <span class='ocrx_word' id='word_1_289' title='bbox 1021 2739 1395 2780; x_wconf 87' lang='lat' dir='ltr'>considerantibus</span> <span class='ocrx_word' id='word_1_290' title='bbox 1424 2739 1493 2779; x_wconf 86' lang='lat' dir='ltr'>vix</span> <span class='ocrx_word' id='word_1_291' title='bbox 1514 2742 1657 2792; x_wconf 89' lang='lat' dir='ltr'>potest</span> 
     </span>
     <span class='ocr_line' id='line_1_39' title="bbox 152 2803 1655 2860; baseline 0.003 -16"><span class='ocrx_word' id='word_1_292' title='bbox 152 2803 253 2856; x_wconf 87' lang='lat' dir='ltr'>quin</span> <span class='ocrx_word' id='word_1_293' title='bbox 277 2806 495 2845; x_wconf 87' lang='lat' dir='ltr'>statuatur</span> <span class='ocrx_word' id='word_1_294' title='bbox 523 2804 735 2846; x_wconf 88' lang='lat' dir='ltr'>distichon</span> <span class='ocrx_word' id='word_1_295' title='bbox 768 2804 861 2856; x_wconf 82' lang='lat' dir='ltr'>hoc,</span> <span class='ocrx_word' id='word_1_296' title='bbox 893 2805 936 2846; x_wconf 89' lang='lat' dir='ltr'>in</span> <span class='ocrx_word' id='word_1_297' title='bbox 968 2806 1202 2860; x_wconf 85' lang='lat' dir='ltr'>archetypo</span> <span class='ocrx_word' id='word_1_298' title='bbox 1234 2821 1329 2847; x_wconf 91' lang='lat' dir='ltr'>cum</span> <span class='ocrx_word' id='word_1_299' title='bbox 1350 2807 1443 2848; x_wconf 91' lang='lat' dir='ltr'>loco</span> <span class='ocrx_word' id='word_1_300' title='bbox 1465 2807 1655 2860; x_wconf 85' lang='lat' dir='ltr'>legitimo</span> 
     </span>
     <span class='ocr_line' id='line_1_40' title="bbox 152 2871 1654 2929; baseline 0.003 -18"><span class='ocrx_word' id='word_1_301' title='bbox 152 2871 399 2922; x_wconf 82' lang='lat' dir='ltr'>excidisset,</span> <span class='ocrx_word' id='word_1_302' title='bbox 432 2872 527 2913; x_wconf 87' lang='lat' dir='ltr'>dein</span> <span class='ocrx_word' id='word_1_303' title='bbox 562 2872 615 2913; x_wconf 91' lang='lat' dir='ltr'>LI</span> <span class='ocrx_word' id='word_1_304' title='bbox 647 2872 852 2923; x_wconf 85' lang='lat' dir='ltr'>versibus,</span> <span class='ocrx_word' id='word_1_305' title='bbox 882 2873 963 2914; x_wconf 89' lang='lat' dir='ltr'>hoc</span> <span class='ocrx_word' id='word_1_306' title='bbox 998 2877 1063 2915; x_wconf 89' lang='lat' dir='ltr'>est</span> <span class='ocrx_word' id='word_1_307' title='bbox 1093 2875 1218 2915; x_wconf 85' lang='lat' dir='ltr'>unius</span> <span class='ocrx_word' id='word_1_308' title='bbox 1251 2874 1340 2915; x_wconf 84' lang='lat' dir='ltr'>folii</span> <span class='ocrx_word' id='word_1_309' title='bbox 1372 2875 1523 2929; x_wconf 81' lang='lat' dir='ltr'>spatio⁷</span> <span class='ocrx_word' id='word_1_310' title='bbox 1555 2878 1654 2916; x_wconf 89' lang='lat' dir='ltr'>ante</span> 
     </span>
     <span class='ocr_line' id='line_1_41' title="bbox 152 2940 1654 2999; baseline 0.003 -19"><span class='ocrx_word' id='word_1_311' title='bbox 152 2953 281 2995; x_wconf 89' lang='lat' dir='ltr'>quam</span> <span class='ocrx_word' id='word_1_312' title='bbox 322 2940 551 2996; x_wconf 86' lang='lat' dir='ltr'>oportebat</span> <span class='ocrx_word' id='word_1_313' title='bbox 591 2941 740 2997; x_wconf 86' lang='lat' dir='ltr'>reponi</span> <span class='ocrx_word' id='word_1_314' title='bbox 783 2945 1001 2999; x_wconf 84' lang='lat' dir='ltr'>coeptum,</span> <span class='ocrx_word' id='word_1_315' title='bbox 1049 2946 1091 2984; x_wconf 90' lang='lat' dir='ltr'>et</span> <span class='ocrx_word' id='word_1_316' title='bbox 1134 2941 1325 2999; x_wconf 85' lang='lat' dir='ltr'>quidem,</span> <span class='ocrx_word' id='word_1_317' title='bbox 1369 2946 1417 2984; x_wconf 91' lang='lat' dir='ltr'>ut</span> <span class='ocrx_word' id='word_1_318' title='bbox 1455 2943 1561 2987; x_wconf 87' lang='lat' dir='ltr'>illud</span> <span class='ocrx_word' id='word_1_319' title='bbox 1602 2943 1654 2990; x_wconf 73' lang='lat' dir='ltr'>(le</span> 
     </span>
    </p>
   </div>
  </div>
 </body>
</html>
