1898 3292
767 205 887 231 Lmen
908 205 1086 235 QVINTVS.
1596 196 1676 235 383

171 307 345 349 Ausonii
376 307 531 349 similia
573 306 719 347 adlata
761 306 966 360 exempla.
1010 335 1062 339 —
1106 309 1236 359 atque
1280 306 1386 348 talia
1425 307 1677 361 plerumque

169 390 245 430 per
276 389 467 417 errorem
499 375 670 417 sublata
704 375 757 416 ab
792 374 1030 416 editoribus
1063 374 1299 416 carminum
1333 374 1676 426 christianorum,

169 458 264 485 cum
291 444 376 485 alia
407 457 490 485 non
518 443 707 494 ferenda,
739 443 869 484 veluti
900 443 1045 484 hiatus
1075 444 1118 483 in
1142 443 1388 493 Prudentio,
1418 444 1676 496 aequissimo

167 513 405 554 tolerarent
436 512 588 554 animo.
630 537 685 543 -
724 512 777 553 ab
807 512 882 552 illa
913 515 1058 552 autem
1089 511 1263 553 licentia
1294 512 1418 565 longe
1450 511 1676 561 diversum,

169 581 283 634 quod
313 584 508 631 liquidum
539 580 750 621 communi
776 580 917 634 prima
939 579 994 621 ad
1016 579 1202 621 Phaedri
1222 593 1358 633 usque
1379 583 1679 633 usurpatumst

168 652 367 699 aetatem,
399 649 515 690 velut
544 648 631 689 tale
665 648 780 702 apud
801 648 1049 690 Lucretium
1072 651 1191 690 extat
1212 652 1396 690 metrum
1436 647 1520 703 [1V,
1548 648 1673 704 1251]

161 716 406 768 ‘crassaque
452 721 693 758 conveniant
739 720 903 768 liquidis
953 724 991 757 et
1035 720 1191 767 liquida
1238 714 1413 758 crassis’
1467 720 1509 757 et
1560 716 1675 770 apud

168 785 396 826 Laevium:
429 789 500 826 lua:
531 789 686 836 liquida
717 789 849 826 haedo
880 789 1083 826 redditur.

284 855 340 894 At
381 853 415 893 si
457 852 648 894 vocalem
688 853 861 895 brevem
903 867 999 894 cum
1037 857 1158 894 muta
1198 853 1318 894 tenui
1355 854 1442 895 sive
1484 853 1677 906 aspirata

167 922 362 974 sequitur
393 921 558 974 liquida
588 947 644 952 —
675 922 830 975 quibus
862 921 1074 963 accedunt
1101 921 1312 962 iuncturis
1343 923 1404 971 br,
1434 926 1496 970 dr,
1528 936 1579 973 qr
1610 947 1677 972 —,

166 990 316 1043 utique
357 990 591 1031 communis
635 989 684 1031 fit
725 990 912 1045 syllaba,
956 989 1068 1031 idem
1114 993 1162 1030 ut
1204 980 1398 1031 verbuln
1429 1003 1513 1031 uno
1554 1003 1678 1031 versu

166 1058 305 1111 possit
334 1058 500 1112 pariter
529 1058 711 1112 produci
741 1063 784 1101 et
815 1059 984 1112 corripi.
1038 1071 1172 1111 quare
1205 1058 1319 1111 quod
1348 1058 1541 1100 homines
1564 1058 1678 1100 docti

167 1130 433 1177 statuerunt,
475 1130 681 1168 colubrum
719 1127 784 1169 vel
828 1130 1031 1168 colubram
1071 1126 1326 1180 plerumque
1369 1130 1586 1180 correpta,
1634 1130 1679 1168 at

167 1197 325 1244 librum,
356 1197 542 1245 rubrum,
566 1199 755 1247 myrum,
786 1199 929 1247 miyro,
962 1200 1134 1246 vafrum,
1167 1208 1326 1246 veprem
1356 1194 1570 1249 producta
1603 1209 1678 1249 po-

165 1265 251 1305 tius
274 1263 417 1306 efferri
438 1264 576 1305 vocali
596 1263 874 1318 paenultima,
903 1266 952 1304 ut
983 1263 1179 1304 omittam
1205 1276 1277 1305 eos
1300 1262 1441 1305 aliena
1463 1263 1676 1317 quaedam

165 1332 326 1386 fugisse
371 1331 586 1386 exempla,
624 1333 788 1386 parvist
833 1331 940 1373 illud
977 1331 1182 1373 momenti
1214 1331 1280 1372 vel
1320 1332 1464 1385 potius
1506 1332 1677 1374 nullius.

165 1414 305 1454 neque
347 1401 459 1442 enim
498 1403 654 1455 poetae
695 1404 863 1442 veteres
903 1400 1283 1454 grammaticorum
1327 1400 1589 1455 imperitiam
1628 1405 1677 1442 ut

165 1469 360 1511 levarent
394 1482 473 1511 sua
502 1469 734 1523 scripsere,
773 1468 849 1510 sed
889 1468 1025 1510 libero
1058 1468 1255 1522 ingressu
1288 1469 1360 1522 qui
1392 1468 1507 1510 ultro
1539 1469 1678 1511 eveni-

165 1541 263 1579 rent
293 1551 564 1592 assumpsere
596 1551 810 1579 numeros.
873 1550 975 1578 sane
1014 1537 1222 1591 pleraque
1262 1537 1305 1577 in
1345 1537 1412 1579 his
1441 1540 1677 1579 metrorum

164 1606 408 1660 pedumque
439 1610 737 1660 temperantur
767 1606 1037 1647 necessitate.
1088 1605 1220 1647 veluti
1251 1606 1355 1659 quid
1385 1606 1539 1647 mirum
1563 1606 1677 1659 quod

164 1676 208 1716 in
252 1675 442 1717 numeris
489 1674 713 1730 dactylicis
763 1688 835 1726 ea,
882 1688 992 1728 quae
1039 1678 1138 1716 sunt
1179 1677 1418 1723 arbitritum,
1460 1679 1676 1726 yenetr·l.z·,

164 1747 374 1793 meretrix,
406 1747 607 1798 correpta
638 1743 780 1797 potius
812 1756 941 1797 quam
970 1746 1174 1797 porrecta
1204 1743 1480 1785 inveniuntur
1506 1743 1644 1784 altera
1656 1744 1674 1784 ἶ)

163 1812 322 1867 legitur
352 1815 497 1854 tamen
528 1812 644 1866 apud
674 1812 851 1853 Furium
883 1812 969 1866 [7]:

394 1892 488 1927 Osce
514 1903 625 1927 senex
651 1892 874 1936 Catinaeque
900 1903 1002 1936 puer,
1030 1890 1191 1926 Cumana
1217 1891 1411 1935 meretrix3

166 1970 296 2021 atque
324 1967 387 2009 ita
417 1967 624 2008 Horatius
656 1965 749 2023 [Ep.
779 1967 810 2017 Ι,
850 1970 912 2017 18,
946 1965 1010 2022 3]:

394 2049 436 2080 ut
458 2048 627 2080 matrona
654 2046 840 2081 meretrici
866 2045 990 2090 dispar
1015 2046 1085 2080 erit
1110 2048 1231 2090 atque.

165 2123 317 2163 contra
347 2123 547 2163 arbitrum
578 2120 644 2162 vel
677 2123 891 2162 arbitrium
932 2134 1145 2174 nusquam
1185 2119 1399 2174 producta
1438 2123 1450 2161 ι’
1487 2121 1676 2174 reperire

164 2203 231 2231 me
277 2190 460 2231 memini.
521 2203 620 2231 nam
660 2203 713 2231 ne
756 2189 871 2244 apud
905 2188 1131 2231 Paulinum
1172 2189 1343 2242 quidem
1384 2193 1502 2231 recte
1544 2189 1677 2230 habet

163 2258 270 2300 illud
302 2259 388 2313 [21‚
423 2258 546 2313 490]:

393 2338 422 2371 si
451 2338 585 2382 placet,
611 2337 758 2372 arbitris
782 2337 931 2373 sibimet
956 2337 1168 2382 componite
1194 2337 1320 2380 iustis,

164 2410 240 2453 ubi
286 2411 560 2453 scribendum
604 2414 812 2462 arbitriis5
863 2415 994 2466 atque
1040 2412 1102 2453 ita
1148 2412 1190 2453 in
1238 2412 1402 2454 Orestis
1448 2412 1675 2466 tragoedia

164 2479 477 2522 restituendum
510 2478 651 2536 [940]:

392 2570 471 2594 mos
501 2562 589 2603 erat,
615 2559 758 2594 arbitrii
784 2571 854 2604 quo
881 2559 1006 2604 dispar
1031 2560 1193 2595 calculus
1217 2560 1298 2603 iret,

163 2631 239 2674 ubi
269 2632 370 2674 libri
399 2635 547 2674 arbitri
577 2647 674 2684 quos
705 2633 773 2675 vel
803 2636 967 2675 arbitrii
999 2639 1117 2685 quod.
1180 2638 1370 2676 attamen
1408 2647 1461 2675 ne
1499 2647 1550 2675 ea
1581 2635 1674 2688 qui-2

165 2701 282 2753 dem,
329 2715 440 2754 quae
486 2701 541 2742 ab
587 2701 660 2742 illo
707 2704 889 2743 arbitror
931 2702 1217 2754 descendunt,
1263 2702 1391 2756 longa
1437 2701 1674 2744 efferuntur

165 2769 320 2822 altera,
364 2770 447 2811 nisi
485 2769 600 2823 quod
638 2769 934 2812 adnotatumst
965 2771 1081 2825 apud
1112 2771 1394 2812 Dracontium
1426 2770 1477 2811 de
1509 2770 1589 2812 deo
1620 2771 1673 2822 II,

166 2839 246 2880 725
269 2842 467 2892 prostare
500 2841 728 2880 arbitratur
758 2842 772 2879 ἰ’
804 2839 1027 2893 producta.
1079 2840 1154 2881 sed
1177 2839 1338 2880 cumin
1359 2838 1490 2880 verbo
1521 2843 1672 2880 vitreus

165 2906 422 2948 extendatur
453 2910 479 2955 i,
513 2920 588 2948 cur
619 2920 702 2948 non
734 2908 776 2948 in
807 2910 962 2949 <arbitro
995 2912 1038 2949 et
1068 2907 1277 2949 similibus
1299 2907 1448 2949 eadem
1471 2909 1672 2961 usurpari
