1898 3292
769 171 1005 197 OPVSCVLVM
1025 172 1046 196 1.
1579 161 1658 200 545

264 272 415 314 Restat
444 272 670 314 mirificum
695 272 967 313 sotadeorum
992 275 1186 312 metrum.
1241 272 1360 312 cuius
1383 286 1476 312 cum
1501 271 1659 325 duplex

150 345 262 382 esset
304 354 453 394 genus,
495 336 675 381 alterum
720 344 812 381 arte
859 340 1202 380 constantissima
1248 340 1302 380 ad
1343 340 1657 381 severissimam

149 408 410 450 Graecorum
447 412 644 450 exactum
677 422 882 458 normam,
917 407 967 448 de
1001 421 1084 460 quo
1109 407 1292 448 diximus
1324 407 1435 449 libro
1469 408 1519 459 II,
1552 408 1657 449 alte-

146 492 240 518 rum
272 477 450 518 liberius
480 477 690 527 habitum,
722 477 878 530 partim
910 476 1234 529 peregrinorum
1270 480 1494 517 auctorum
1518 490 1657 517 exem-

146 545 232 599 plo,
262 546 422 599 partim
455 546 749 587 scaenicorum
778 545 1029 586 Latinorum
1062 546 1342 599 (quamquam
1365 544 1434 585 vix
1466 544 1658 585 adducor

146 618 194 655 ut
224 614 408 665 credam,
445 614 558 667 quod
588 613 844 667 quibusdam
876 627 927 654 ex
959 613 1148 654 metricis
1185 613 1379 666 adeoque
1411 613 1657 654 Hermanno

149 686 192 724 et
220 682 405 724 Christio
437 683 572 724 visum
602 683 742 737 [metr.
777 696 915 736 graec.
949 686 991 723 et
1021 681 1092 722 lat.
1124 696 1191 735 pg.
1225 686 1308 723 490
1339 682 1437 736 sq.],
1470 682 1599 723 etiam
1633 696 1657 722 a

147 751 301 792 Plauto
335 751 596 804 compositos
629 751 865 805 sotadeos>,
900 754 1082 803 utroque
1115 765 1217 791 usus
1250 754 1314 791 est
1344 751 1504 802 Varr03
1543 750 1656 804 apud

146 820 329 860 Ennium
363 819 624 873 Acciumque
667 820 821 873 prioris
858 820 900 859 in
932 818 1183 872 fragmentis
1213 819 1483 873 paucissimis
1516 833 1655 860 exem—

145 888 263 941 plum
308 901 393 928 non
442 890 572 928 extat.
645 901 906 941 quamquam
954 901 1037 928 non
1081 888 1170 928 sine
1217 887 1358 941 specie
1402 888 1537 928 Ennio
1582 887 1656 928 ad-

148 956 354 1010 scriptum
386 969 411 997 a
443 955 718 997 Lachmanno
749 959 932 997 metrum
965 956 1064 997 hoc:

419 1047 479 1080 ille
505 1046 591 1081 ictu'
618 1050 717 1081 retro
744 1047 899 1081 reccidit
925 1049 960 1080 in
987 1049 1109 1082 uatem
1139 1047 1299 1092 supinus.

259 1128 396 1180 Igitur
427 1141 522 1168 cum
554 1128 771 1180 legitimae
793 1127 874 1168 hae
898 1128 982 1168 sint
1004 1128 1167 1168 formae
1189 1127 1317 1168 ionici
1339 1141 1365 1168 a
1387 1128 1550 1177 maiori,
1583 1129 1656 1181 qui

144 1199 212 1236 ter
242 1196 284 1236 in
318 1210 443 1237 versu
472 1196 555 1237 isto
586 1197 816 1249 repetitur:
859 1219 1015 1245 --υυ,
1057 1220 1149 1236 ..υυ
1166 1220 1232 1246 υυ,
1274 1217 1444 1244 υυ-υυ,
1486 1218 1654 1246 -υῇυ,

144 1264 206 1305 ita
251 1263 423 1317 quidem
469 1268 517 1304 ut
563 1278 588 1304 a
633 1265 770 1317 primo
819 1268 861 1304 et
906 1264 1043 1304 altero
1090 1264 1197 1317 pede
1245 1263 1520 1304 ditrochaeus
1566 1264 1656 1305 fere

145 1336 358 1382 arceatur,
392 1336 624 1386 usurpetur
656 1332 768 1373 idem
799 1336 967 1373 tantum
996 1346 1079 1372 non
1113 1346 1281 1385 semper
1302 1332 1343 1372 in
1366 1333 1507 1383 tertiO,
1540 1347 1654 1374 cum-

145 1414 227 1454 que
260 1405 441 1453 quartus
476 1415 569 1454 pes,
604 1401 676 1454 qui
708 1401 872 1441 ionicus
907 1400 1203 1450 catalecticus,
1236 1400 1425 1454 spondeo
1458 1405 1655 1442 constare

146 1469 303 1510 debeat
332 1469 399 1511 vel
436 1469 659 1520 trochaeo,
705 1470 777 1522 qui
816 1469 986 1510 italicos
1030 1469 1267 1510 adhibuere
1308 1469 1526 1519 sotadeos,
1571 1483 1656 1510 non

144 1538 271 1578 modo
303 1538 419 1578 arsin
451 1538 578 1578 ionici
610 1537 731 1591 pedis
762 1538 921 1590 ubique
953 1537 1189 1587 solverunt,
1233 1537 1307 1578 sed
1351 1541 1390 1577 et
1433 1541 1655 1578 contracta

143 1605 255 1646 thesi
298 1605 528 1646 molossum
573 1605 784 1647 admisere
826 1606 890 1646 vel
929 1605 1148 1660 pyrrichio
1193 1605 1510 1646 substituerunt
1550 1606 1653 1646 iam-

144 1674 264 1723 bum,
306 1674 489 1726 denique
529 1688 606 1728 pro
652 1674 902 1715 ditrochaeo
934 1674 999 1714 vel
1043 1673 1278 1727 spondeum
1322 1687 1415 1713 cum
1450 1673 1654 1714 trochaeo

143 1743 209 1783 vel
250 1742 499 1783 trochaeum
545 1756 639 1783 cum
681 1742 871 1796 spondeo
912 1746 1179 1796 receperunt.
1242 1755 1473 1794 numquam
1509 1746 1653 1783 tamen

143 1811 284 1864 longa,
329 1824 439 1864 quae
480 1824 558 1864 pro
600 1810 719 1852 brevi
760 1825 846 1852 una
889 1816 1001 1851 esset
1030 1811 1184 1864 posita,
1224 1814 1390 1850 mutata
1423 1811 1653 1864 pyrrichio,

143 1892 281 1932 neque
324 1879 462 1932 magis
500 1892 579 1932 pro
616 1880 754 1920 ionico
796 1880 956 1920 maiore.
987 1879 1051 1920 vel
1093 1879 1230 1919 minor
1271 1879 1337 1919 vel
1380 1878 1653 1919 choriambus

146 1947 358 1988 admissus
390 1951 466 1988 est.

261 2015 414 2068 Itaque
445 2015 486 2056 in
521 2015 709 2056 Sotadeis
735 2015 893 2056 italicis
925 2015 1139 2056 admissae
1168 2015 1295 2055 ionici
1326 2014 1448 2068 pedis
1479 2018 1654 2067 praeter

144 2084 383 2137 descriptas
411 2083 494 2125 1.ΙΙ
515 2083 678 2137 figurae
700 2083 830 2124 tales:
867 2084 907 2138 1)
937 2089 984 2124 ὼ
1000 2089 1046 2123 012
1062 2104 1128 2134 ου,
1162 2084 1204 2137 2)
1234 2093 1372 2134 LA„
1406 2088 1428 2124 3
1480 2092 1651 2134 ‚LLu-,

145 2154 188 2207 4)
220 2159 402 2204 uhu-‘07
447 2154 489 2206 5)
523 2158 696 2202 Luu'ou,
740 2154 782 2205 6)
815 2161 981 2202 -Ῐ-Δυ,
1027 2154 1069 2205 7)
1101 2156 1266 2202 LuL-‚
1306 2153 1349 2205 8)
1381 2158 1563 2202 „su-Lu,
1609 2154 1652 2205 9)

144 2227 329 2272 Ludo„
374 2221 443 2275 10)
482 2226 684 2271 tecto„
721 2222 790 2275 ll)
822 2226 1006 2271 -1-0'00,
1046 2220 1111 2273 12)
1143 2225 1325 2270 „suo-¹„
1360 2223 1427 2272 13)
1457 2226 1651 2260 „sc-0110.

259 2301 492 2342 Praeterea
539 2300 676 2341 ultimi
725 2300 901 2354 spondei
948 2300 1034 2340 sive
1080 2299 1275 2340 trochaei
1326 2299 1481 2340 resolvi
1532 2299 1653 2340 licuit

145 2369 353 2424 syllabam
384 2370 585 2423 priorem,
615 2372 663 2410 ut
689 2368 804 2422 apud
835 2369 1010 2409 Accium
1042 2367 1266 2422 [didascal.
1298 2368 1349 2419 II,
1382 2368 1447 2422 2]:

418 2476 523 2494 ..-u
551 2459 615 2494 sed
639 2459 833 2504 Euripidi',
862 2459 923 2503 qui
949 2459 1082 2493 choros
1108 2459 1290 2492 temerius.

259 2540 314 2580 Et
343 2553 488 2580 omnes
519 2539 689 2592 quidem
721 2540 893 2592 figuras,
927 2553 1035 2592 quas
1065 2539 1297 2592 permissas
1330 2539 1419 2579 dixi
1450 2538 1651 2591 legitime,

144 2607 187 2648 in
219 2607 411 2660 reliquiis
443 2608 701 2661 scriptorum
734 2608 871 2658 Ennii,
902 2608 1033 2658 Accii,
1065 2608 1268 2648 Varronis
1300 2611 1476 2660 propter
1505 2607 1650 2660 pauci-

143 2679 279 2717 tatem
301 2690 500 2717 versuum
528 2689 612 2716 nou
643 2677 729 2716 iam
760 2677 1045 2717 inveniuntur.
1098 2676 1230 2716 habes
1264 2678 1428 2715 sextam
1461 2689 1555 2715 cum
1588 2688 1651 2715 se-

145 2743 285 2785 cunda
316 2743 431 2797 apud
464 2744 698 2785 Varronem
730 2744 908 2797 [Sescul.
940 2744 1036 2797 21]:

418 2823 482 2866 qui
506 2832 543 2855 se
566 2824 605 2856 in
631 2832 789 2866 fumeum
816 2833 857 2856 ac
883 2833 1027 2856 censum
1054 2823 1215 2856 coniecit
1241 2823 1397 2864 amicae3

212 2903 243 2928 L.
263 2903 452 2934 Muellerl;
479 2904 522 2928 De
542 2911 563 2927 r.
583 2911 619 2928 m.
639 2911 666 2933 p.
685 2903 716 2927 L.
1334 2891 1377 2923 35
