1898 3292
206 208 260 250 30
825 218 1099 245 PROHOEMIVM.

206 326 325 364 annis
367 319 559 362 velocius’
605 334 688 361 non
728 321 864 374 magis
901 321 1079 371 habere,
1127 321 1169 361 in
1203 334 1287 373 quo
1330 319 1539 371 offendas,
1582 334 1710 373 quam

204 390 291 431 tale
322 391 405 445 [ep.
429 404 462 430 e.
485 389 529 429 P.
551 389 624 440 ΙΙΙ,
650 393 685 435 1,
711 389 809 443 113]
844 388 989 430 ‘morte
1019 392 1121 430 nihil
1140 402 1241 439 opus
1264 394 1334 437 est,
1367 391 1470 429 nihil
1489 391 1711 429 Icariotide

204 458 319 499 tela⁷.
383 461 425 498 et
463 458 506 497 in
545 457 626 498 hoc
666 457 837 510 quidem
876 471 953 510 per
984 470 1028 498 se
1060 457 1161 510 quin
1192 456 1374 497 alterum
1407 456 1711 497 contrahamus

204 530 307 567 nihil
346 540 429 567 non
471 525 706 579 quidquam
749 524 894 566 obstat
933 525 1014 566 nisi
1054 525 1179 576 illud,
1225 524 1339 578 quod
1380 528 1527 565 amant
1557 528 1711 578 poetae

204 594 345 635 Latini
377 597 625 648 praeeunte,
658 593 693 634 si
725 596 869 634 tamen
903 593 958 634 sit
991 607 1149 644 verum,
1183 593 1369 633 Homero
1402 593 1444 633 in
1477 592 1542 633 his
1574 592 1639 647 [Il.
1664 592 1710 642 V,

205 666 279 714 313
311 661 413 716 455]
456 655 586 716 Ἄρες,
624 659 738 715 Ἄρες
776 662 1028 717 βροτολοιγὲ
1071 661 1281 702 vocabula
1322 661 1508 715 repetita
1540 661 1710 702 diversa

203 731 355 772 efferre
388 730 630 784 quantitate
663 729 732 784 [cf.
765 730 894 770 etiam
923 729 1096 771 Lachm.
1120 730 1174 770 ad
1207 729 1331 783 Prop.
1359 730 1410 780 II,
1443 733 1478 780 3,
1512 730 1595 783 43].
1651 730 1712 770 ita

203 799 526 852 antiquissimus
556 801 706 839 auctor
739 797 917 838 Plautus
948 798 1190 839 Mercatore
1223 798 1366 853 [928]:

340 863 456 909 mane,
480 866 586 900 mane
613 865 779 900 Charine.
806 886 849 890 —
875 877 1015 910 gerrae.
1050 867 1101 900 sic
1127 878 1184 900 ine
1211 866 1383 910 decipere
1409 865 1505 898 haud
1533 868 1649 909 potes.

202 938 332 979 porro
365 924 590 965 Terentius
624 922 785 963 Andria
817 923 960 978 [288]:

340 995 376 1026 et
403 991 449 1026 ad
473 991 691 1036 pudicitiam
716 994 753 1025 et
778 989 824 1025 {id
850 1003 928 1025 rem
955 991 1147 1026 tutandam
1173 992 1278 1026 sient.

201 1050 315 1091 idem
350 1049 811 1090 Hautontimorumeno
842 1049 984 1103 [977]:

340 1129 407 1152 nec
432 1117 502 1152 tibi
525 1128 593 1151 nec
619 1112 698 1151 tibi.
748 1128 815 1152 nec
840 1128 904 1151 vos
931 1120 987 1151 est
1011 1128 1168 1161 aequom
1194 1117 1293 1160 quod
1320 1118 1414 1151 facio
1442 1117 1541 1151 mihi.

201 1179 245 1217 et
278 1175 534 1216 Phormione
565 1174 709 1229 [950]:

339 1243 423 1277 nolo
449 1242 543 1276 volo.
591 1238 674 1276 vol&
703 1242 787 1275 nolo
813 1253 968 1276 rursum.
1019 1253 1109 1286 cape
1138 1242 1241 1276 cedo.

201 1314 300 1342 mox
331 1300 529 1341 certatim
562 1299 774 1354 dactylici.
835 1299 897 1340 ita
929 1299 1039 1340 enim
1072 1299 1286 1353 Vergilius
1315 1299 1466 1353 [eclog.
1500 1303 1536 1349 3,
1571 1299 1664 1353 79]:

339 1372 376 1402 et
399 1369 550 1412 longum
576 1367 735 1402 formose
760 1367 850 1411 vale,
877 1363 966 1412 vale',
992 1368 1120 1412 inquit,
1148 1367 1252 1401 Iolla.

205 1425 319 1479 quod
350 1425 559 1467 imitando
591 1425 765 1478 repetiit
786 1424 901 1467 Naso
925 1424 1369 1466 Transformationum
1391 1425 1453 1465 ΙΙΙ
1477 1425 1598 1479 [501]
1628 1425 1709 1465 sic:

613 1493 787 1537 dictoque
812 1493 902 1537 vale,
928 1489 1017 1537 vale,
1044 1493 1163 1536 inquit
1190 1496 1227 1527 et
1250 1492 1365 1527 Echo.

200 1551 348 1604 itaque
378 1550 491 1592 idem
523 1550 737 1604 Vergilius
769 1550 883 1605 [buc.
915 1555 951 1602 6,
974 1550 1068 1606 44]:

340 1619 568 1662 clamassent,
594 1621 635 1652 ut
659 1619 746 1652 litus
771 1618 879 1663 Hyla,
906 1619 1005 1664 Hyla
1031 1629 1137 1652 omne
1163 1621 1321 1652 sonaret.

201 1677 303 1717 item
336 1676 441 1717 alibi
475 1676 586 1730 [aen.
615 1676 684 1727 VI,
715 1676 836 1730 791]:

337 1744 397 1778 hic
422 1745 486 1788 vir,
513 1744 572 1777 hic
599 1747 664 1787 est,
692 1744 760 1778 tibi
787 1755 897 1788 quem
919 1744 1086 1788 promitti
1112 1745 1257 1788 saepius
1282 1744 1395 1777 audis.

201 1805 244 1842 et
275 1801 470 1842 Tibullus
500 1801 570 1856 [IL
604 1804 640 1852 3,
672 1801 763 1856 27]:

337 1869 451 1903 Delos
476 1870 539 1904 ubi
564 1881 660 1903 nunc
687 1868 838 1904 Phoebe
863 1870 986 1903 tuast?
1012 1870 1074 1903 ubi
1101 1869 1284 1913 Delphica
1309 1869 1481 1914 Python?

199 1930 291 1967 tum
323 1927 530 1968 Horatius
562 1927 615 1981 [c.
646 1927 677 1977 Ι,
710 1930 776 1977 32,
811 1927 901 1981 11];

339 1997 376 2028 et
400 1994 542 2039 Lycum
566 1995 680 2039 nigris
707 1995 822 2028 oeulis
848 1995 1027 2039 nigroque

476 2051 577 2085 crine
605 2051 792 2085 decorum.

203 2122 334 2162 porro
366 2108 542 2150 Ovidius
575 2109 691 2163 [met.
724 2109 793 2159 VI,
826 2109 949 2163 245]:

337 2177 550 2220 ingemuere
576 2177 694 2221 simul,
721 2177 826 2210 simul
850 2177 1041 2210 incurvata
1069 2176 1195 2210 dolore

337 2234 503 2267 membra
529 2233 607 2267 solo
634 2245 801 2278 posuere,
828 2234 934 2267 simul
961 2244 1132 2277 suprema
1157 2233 1320 2266 iacentes

337 2290 475 2323 lumina
498 2294 701 2334 versarunt,
728 2291 885 2324 animam
907 2291 1013 2324 simul
1037 2290 1264 2324 exhalarunt.

202 2351 333 2400 atque
362 2347 465 2387 item
498 2347 631 2401 [XIIL
664 2348 783 2402 607]:

339 2418 375 2449 et
402 2415 521 2459 primo
547 2415 673 2449 similis
696 2415 848 2459 volucri,
874 2427 960 2449 mox
985 2426 1071 2449 vera
1097 2415 1267 2449 volucris.

200 2486 278 2514 nec
310 2472 437 2514 aliter
468 2471 669 2514 Manilius
701 2473 771 2527 [II,
802 2473 923 2527 675]:

338 2540 459 2574 sidera
485 2539 662 2584 quadrata
688 2540 863 2585 efficiunt,
890 2552 962 2575 non
988 2540 1069 2584 lege
1095 2540 1273 2584 quadrati.

201 2600 277 2639 aut
307 2596 520 2638 Martialis
552 2597 621 2651 [IL
656 2600 720 2649 18,
756 2598 818 2652 1]:

339 2668 448 2709 capto
474 2668 585 2708 tuam,
613 2665 728 2709 pudet
755 2666 836 2710 heu,
863 2665 927 2700 sed
954 2668 1075 2710 capto,
1101 2664 1273 2707 Maxime,
1301 2676 1439 2699 cenam.

201 2721 271 2776 [IL
305 2724 370 2773 36,
400 2722 466 2776 2];

338 2789 531 2833 splendida
555 2789 603 2823 sit
627 2790 723 2833 nolo,
750 2790 896 2824 sordida
922 2790 1006 2823 nolo
1033 2790 1137 2823 eutis.

201 2846 289 2900 [1V‚
321 2850 386 2898 89,
422 2850 468 2899 13
501 2847 567 2901 9]:

338 2914 406 2948 ohe
434 2915 505 2948 iam
530 2915 617 2948 satis
643 2918 708 2957 est,
735 2915 804 2948 ohe
829 2915 962 2948 libelle.
