1898 3292
823 245 943 269 mmm
960 244 1117 269 PRIMVS.
1649 237 1723 274 121

219 361 365 388 verum
396 347 566 387 omnino
599 346 653 387 acl
684 360 772 387 rem
805 345 920 396 facit,
953 347 1067 400 quod
1099 347 1301 388 Laevium
1332 348 1375 387 in
1398 348 1727 400 Erotopaegniis

218 430 297 470 per
342 418 578 470 systemata
622 415 811 456 iunxisse
854 415 985 456 denos
1026 429 1077 456 ac
1108 430 1294 457 novenos
1325 416 1487 457 ionicos
1519 430 1545 456 a
1577 416 1728 457 maiori

220 484 346 525 modo
387 484 687 525 demonstravi.
754 497 833 525 nec
871 485 1010 525 minus
1053 484 1190 525 Varro
1233 484 1448 539 glyconeis
1488 499 1590 525 usus
1632 499 1727 525 cum

220 552 441 608 synaphia.
505 566 556 594 ex
587 567 671 606 quo
704 556 886 606 apparet
914 553 956 593 in
986 552 1070 593 illis
1103 553 1327 607 [Priscian.
1362 567 1429 607 pg.
1464 554 1585 607 595]:

1044 643 1111 677 per
1462 620 1465 623 .

657 689 880 724 aeviternam
908 688 1096 724 dominum
1123 689 1281 733 domum,

654 747 824 781 tellurem
848 758 1009 791 propero
1039 746 1194 790 gradum

219 828 285 869 vel
318 827 588 869 scribendum
619 841 782 878 perque
811 827 877 868 vel
909 827 1184 868 statuendum
1216 831 1315 881 post
1345 827 1450 868 illud
1488 842 1567 879 per
1599 843 1729 882 quae-

220 897 318 938 dam
358 896 526 937 hausta.
590 899 632 937 et
671 895 972 950 glyconeorum
1017 896 1189 949 quidem
1231 911 1352 938 usum
1396 911 1480 947 non
1521 901 1637 938 recte
1676 897 1730 938 ad

218 965 457 1019 principem
489 968 708 1006 auctorem
741 965 1035 1015 Anacreonta,
1079 965 1154 1006 sed
1189 965 1243 1006 ad
1278 965 1589 1007 Alexandrinos
1617 965 1731 1006 hunc

221 1034 412 1075 imitatos
450 1033 625 1075 referas.
675 1057 731 1063 —-
772 1037 1001 1087 praeterea
1033 1033 1226 1075 Catullus
1267 1049 1369 1075 usus
1411 1038 1476 1075 est
1519 1034 1726 1088 sapphico

221 1107 464 1159 systemate,
495 1116 574 1143 nec
604 1115 688 1143 non
718 1101 804 1152 illo,
838 1101 952 1155 quod
983 1101 1094 1143 binis
1127 1106 1296 1144 constat
1327 1102 1610 1156 asclepiadeis
1640 1117 1728 1143 ma-

218 1172 400 1221 ioribus,
437 1174 479 1212 et
521 1170 693 1224 quidem
735 1170 845 1211 citra
876 1170 1146 1225 synaphiam,
1189 1171 1320 1212 etiam
1352 1171 1435 1212 hoc
1466 1186 1561 1213 cum
1591 1172 1730 1212 imita-

220 1241 334 1282 tione
367 1239 586 1294 Sapphus,
629 1239 748 1280 cuius
790 1239 945 1280 tertius
985 1239 1095 1281 liber
1136 1239 1297 1281 talibus
1337 1239 1419 1281 fuit
1463 1240 1731 1294 conscriptus

222 1309 421 1351 numeris.

336 1379 392 1419 At
423 1377 532 1419 enim
564 1390 647 1418 non
681 1380 826 1431 potest
857 1375 1144 1418 demonstrari
1181 1377 1361 1431 epodica
1391 1377 1506 1419 illius
1537 1381 1730 1431 tempore

222 1447 412 1488 carmina
442 1446 701 1500 provenisse.
763 1459 874 1499 quae
910 1445 1095 1499 primum
1127 1459 1308 1488 novasse
1339 1446 1566 1488 Horatium
1597 1446 1731 1500 ipsius

221 1515 437 1558 adseritur
468 1515 713 1557 testimonio
744 1513 817 1555 illo
849 1515 932 1569 [ep.
963 1515 993 1566 Ι,
1030 1519 1091 1566 19,
1123 1515 1218 1570 23]:

793 1594 921 1629 Parios
948 1605 1017 1640 ego
1044 1595 1184 1640 primus
1212 1595 1353 1630 iambos

530 1651 676 1687 ostendi
699 1651 808 1687 Latio
834 1663 1006 1687 numeros
1030 1652 1244 1697 animosque
1269 1654 1416 1687 secutus

527 1708 757 1744 Archilochi.

220 1805 406 1845 namque
439 1790 549 1832 haec
579 1779 922 1843 haudquaquam
951 1789 1015 1831 ita
1043 1793 1225 1844 possunt
1256 1789 1415 1844 accipi,
1456 1793 1505 1831 ut
1544 1803 1640 1831 eum
1672 1789 1733 1830 di-

222 1874 367 1902 camus
400 1859 576 1913 gloriari
607 1858 761 1900 iambis
791 1858 976 1912 primum
1006 1872 1032 1900 a
1063 1872 1108 1900 se
1143 1858 1319 1900 exclusa
1345 1863 1537 1900 veterum
1558 1858 1734 1899 licentia

221 1928 414 1970 excultis.
465 1927 509 1969 id
537 1927 647 1970 enim
669 1941 722 1969 ne
751 1931 930 1979 statuas,
964 1927 1170 1969 Varronis
1193 1927 1439 1981 Catullique
1470 1931 1513 1969 et
1534 1926 1732 1968 Bibaculi

220 1996 464 2052 prohiberis
505 1996 734 2050 exemplis,
779 1996 851 2050 qui
892 1999 935 2038 et
974 1996 1057 2050 ipsi
1095 1996 1174 2037 tali
1218 1999 1311 2038 arte
1343 2010 1621 2050 composuere
1654 1995 1730 2036 tri-

221 2069 400 2117 metros,
440 2069 489 2107 ut
529 2066 724 2107 omittam
768 2078 878 2118 quae
926 2064 978 2106 de
1010 2064 1156 2106 Asinio
1198 2068 1241 2106 et
1277 2064 1531 2119 aequalibus
1563 2064 1734 2106 Horatii

221 2134 399 2189 tragicis
442 2148 575 2189 supra
621 2133 868 2176 memoravi.
934 2147 1013 2175 nec
1055 2147 1156 2175 vero
1205 2133 1339 2175 ullum
1391 2133 1558 2188 epodici
1607 2133 1733 2174 metri

222 2203 337 2258 apud
368 2206 520 2258 poetas
550 2204 744 2256 Augusto
778 2202 945 2256 priores
975 2203 1191 2244 invenitur
1221 2202 1460 2256 vestigium.

335 2272 401 2313 Ex
430 2272 529 2313 XVI
561 2271 730 2313 Horatii
763 2271 929 2325 epodis,
960 2271 1032 2324 qui
1064 2271 1308 2326 systematis
1340 2274 1561 2322 tenentur,
1603 2270 1732 2324 primi

222 2340 370 2382 decem
413 2343 612 2382 constant
650 2340 808 2381 iunctis
849 2339 1044 2394 exemplo
1078 2340 1324 2382 Archilochi
1355 2339 1562 2381 trimetris
1595 2342 1638 2380 et
1669 2338 1730 2379 di-

221 2409 369 2451 metris
397 2409 606 2450 iambicis.
656 2409 970 2462 insequentium
994 2409 1182 2463 quinque
1204 2413 1378 2463 praeter
1399 2407 1729 2461 iambelegicum

222 2491 367 2519 omnes
408 2477 524 2531 apud
567 2477 869 2519 Archilochum
910 2478 1185 2519 inveniuntur
1228 2492 1376 2519 versus
1421 2477 1572 2532 (habet
1616 2477 1729 2518 idem

223 2545 586 2599 elegiambfflum),
628 2560 712 2587 non
753 2546 925 2599 quidem
970 2550 1019 2588 ut
1061 2546 1116 2588 sit
1147 2551 1431 2600 compertum,
1477 2546 1626 2587 eodem
1657 2545 1732 2585 illa

223 2614 451 2655 coniuncta
485 2618 528 2656 et
571 2628 733 2655 conexa
776 2614 831 2655 ab
874 2628 923 2656 eo
967 2614 1138 2666 ordine,
1180 2615 1254 2656 sed
1295 2618 1343 2656 ut
1372 2614 1496 2656 valde
1538 2614 1592 2654 sit
1633 2627 1730 2667 pro-

221 2682 378 2724 babile.
449 2697 501 2724 ex
541 2697 625 2736 quo
667 2686 849 2737 apparet
895 2683 1125 2725 Horatium
1175 2684 1219 2724 in
1270 2684 1514 2738 systematis
1562 2682 1728 2736 epodon

224 2751 473 2804 coiugandis
519 2751 765 2792 Archilochi
805 2752 859 2792 ad
906 2752 1145 2805 exemplum
1187 2752 1253 2793 vel
1293 2755 1430 2793 totum
1475 2765 1519 2792 se
1564 2764 1731 2792 accom—

222 2819 421 2861 modasse
464 2819 531 2860 vel
570 2824 686 2861 certe
729 2820 961 2861 accessisse
1004 2834 1132 2873 quam
1173 2821 1380 2874 proxime.
1444 2823 1486 2860 et
1523 2819 1603 2860 XII
1637 2833 1730 2860 car-

222 2888 346 2928 minis
387 2888 738 2941 compositionem
775 2888 890 2942 apud
922 2888 1225 2929 Archilochum
1258 2888 1451 2929 extitisse
1484 2891 1635 2929 auctor
1666 2891 1731 2929 est

223 2956 451 2998 Diomedes
490 2957 568 3011 [gr.
601 2956 694 3006 1.1,
729 2957 840 3012 529]
885 2982 938 2987 —
981 2956 1260 2998 confirmatur
1300 2960 1443 2998 autem
1484 2971 1553 2999 res
1596 2956 1730 3010 ipsius
