1898 3292
153 213 232 251 282
740 222 859 246 LIBER
878 221 1068 251 QVARTVS.

266 324 365 365 Est
404 327 593 364 antem
635 324 1077 365 contractionis
1116 323 1324 376 triplex
1367 324 1418 364 in
1459 324 1654 366 Latino

150 406 394 434 sermone
426 392 621 433 modus.
683 406 908 446 namque
941 396 1033 433 aut
1063 396 1314 445 exempta
1344 393 1523 433 vocali
1554 408 1655 434 una

149 460 478 515 producitur
509 460 688 502 altera
720 465 806 502 aut
835 461 985 514 prior
1016 464 1258 502 mutatur
1286 461 1337 501 in
1370 475 1654 503 consonam

150 533 236 571 aut
262 529 449 570 ambae
480 530 531 570 in
564 528 959 583 diphthongum
992 529 1324 570 coalescunt.
1377 529 1654 582 diphthon-

149 612 333 651 gorum
374 612 501 639 vero
547 598 627 639 ita
675 597 1065 651 prodeuntium
1104 596 1303 651 duplex
1345 602 1427 640 est
1467 612 1654 651 genus,

149 666 261 707 sive
299 666 461 707 etiam
503 666 643 708 alias
685 680 782 707 usu
813 669 938 707 sunt
967 665 1291 719 frequentes
1323 667 1434 707 sive
1463 668 1654 721 paucis

148 735 412 789 exemplis
456 738 778 777 constantes
820 734 871 776 et
905 734 1328 777 condicionibus
1360 736 1530 777 certis
1563 736 1654 777 ob-

148 804 356 846 noxiae.

262 873 368 914 Iam
401 873 639 926 speciem
670 873 895 926 primam
929 872 1337 915 contractionis
1369 873 1467 914 hoc
1497 888 1652 915 voca-

147 941 297 992 bulo,
330 941 621 982 secundam
653 955 713 982 ac
749 942 971 982 tertiam
1012 941 1279 996 synizesis
1310 942 1392 983 vel
1424 943 1652 996 synhae-

148 1011 289 1051 resis
321 1009 654 1063 significant
685 1011 908 1051 nomine.

261 1079 563 1133 Synizesis
609 1082 798 1120 autem
840 1079 989 1129 eius,
1034 1093 1169 1132 quae
1216 1079 1284 1120 fit
1330 1079 1556 1121 coalitis
1602 1082 1652 1121 in

147 1147 546 1201 diphthongum
592 1147 900 1198 vocalibus,
956 1161 1158 1201 genera
1204 1151 1328 1189 sunt
1374 1149 1504 1199 tria,
1552 1149 1652 1191 duo

145 1215 377 1257 Latinae
409 1215 666 1268 originis⁷
698 1216 923 1258 tertium
956 1216 1210 1257 Graecae.

261 1295 315 1337 Et
356 1296 538 1350 primum
587 1296 758 1349 quidem
807 1310 857 1337 ac
903 1296 1157 1340 secundum,
1206 1311 1315 1350 quae
1363 1298 1491 1339 otiam
1538 1298 1652 1352 apud

145 1364 363 1406 scaenicos
398 1365 648 1418 frequenter
678 1365 969 1416 inveniuntur,
1014 1369 1213 1406 constant
1255 1366 1502 1420 synhacresi
1538 1366 1652 1408 facta

142 1432 185 1472 in
217 1432 437 1475 vocabulis
469 1434 555 1475 sive
588 1433 827 1488 disyllabis,
873 1448 983 1487 quae
1015 1434 1267 1488 plerumque
1300 1439 1399 1476 sunt
1429 1436 1650 1490 simplicia,

144 1500 375 1554 aliquando
424 1503 661 1556 composita
698 1502 872 1557 (quibus
912 1516 1053 1556 pauca
1095 1503 1307 1545 accedunt
1349 1505 1559 1558 ampliora
1599 1520 1651 1547 ex

145 1570 205 1611 eis
235 1572 359 1625 orta),
392 1571 478 1612 sive
507 1571 736 1624 plusquam
769 1571 988 1626 disyllabis
1023 1576 1065 1613 et
1094 1573 1352 1626 compositis,
1413 1573 1520 1615 haec
1557 1590 1651 1629 spe-

145 1638 229 1679 cies
263 1639 377 1692 quod
411 1639 639 1692 plurimum
672 1640 869 1694 optinuit,
900 1654 983 1681 non
1014 1641 1186 1691 mirum,
1230 1655 1323 1682 cum
1355 1642 1398 1682 in
1430 1642 1650 1697 disyllabis

142 1707 328 1757 vocales,
370 1709 508 1749 altera
539 1712 723 1750 accentu
753 1709 975 1762 insignita,
1020 1709 1158 1750 altera
1189 1710 1230 1750 in
1262 1711 1379 1751 exitu
1409 1711 1568 1764 posita,
1607 1713 1651 1753 in

143 1776 389 1829 compositis
420 1776 577 1830 prioris
607 1777 745 1830 partis
767 1777 918 1818 ultima
941 1781 982 1818 et
1002 1778 1142 1831 prima
1163 1778 1426 1832 insequentis
1449 1784 1649 1822 coeuntes

142 1844 257 1885 haud
298 1845 360 1885 ita
397 1845 645 1886 dissimilem
676 1845 820 1887 hiatus
852 1846 894 1886 in
927 1846 1011 1887 fine
1043 1846 1160 1888 verbi
1192 1849 1428 1889 constantis
1461 1848 1650 1890 habeant

140 1912 456 1966 inelegantiam.
488 1939 541 1944 —
573 1914 726 1956 tertius
758 1914 955 1956 modulus
986 1915 1150 1956 alienus
1183 1930 1208 1956 a
1230 1917 1438 1957 scaenicis
1468 1921 1509 1958 et
1532 1918 1648 1959 Cice-

141 1981 256 2022 ronis
294 1982 479 2035 primum
523 1986 666 2024 aetate
706 1987 932 2037 promptus
965 1983 1229 2025 Graecorum
1268 1985 1508 2026 imitatione
1551 2000 1648 2039 pro-

140 2050 266 2090 venit.
332 2050 368 2091 is
407 2051 624 2092 nominum
670 2052 939 2104 quorundam
987 2052 1296 2094 adiectivorum
1337 2054 1402 2094 vel
1449 2055 1647 2095 substan-

138 2118 324 2160 tivorum
358 2120 401 2160 in
433 2133 516 2168 em,
550 2133 611 2168 ea,
644 2134 731 2161 eum
763 2121 1010 2162 exeuntium
1043 2121 1341 2175 complectitur
1371 2122 1533 2164 finales.

252 2199 309 2240 At
341 2199 392 2241 de
424 2203 438 2240 ι’
468 2199 534 2240 vel
565 2214 590 2241 u
621 2203 789 2241 mutata
819 2201 862 2241 in
895 2214 1125 2242 consonam
1156 2204 1203 2242 ut
1232 2216 1373 2255 pauca
1410 2202 1480 2244 hic
1524 2218 1648 2257 prae-

140 2261 329 2319 mittam,
371 2268 479 2310 haec
518 2282 602 2309 non
644 2268 887 2310 admittitur
928 2269 1104 2310 licentia
1140 2270 1220 2310 nisi
1252 2271 1295 2311 in
1325 2271 1553 2325 plusquam
1586 2273 1647 2313 di-

139 2335 314 2389 syllabis
356 2350 493 2390 neque
535 2337 578 2377 in
618 2337 815 2391 partibus
854 2338 1200 2391 compositorum.
1261 2353 1355 2380 eam
1396 2340 1581 2382 alienam
1622 2356 1648 2382 a

141 2404 318 2446 Graecis
360 2419 411 2446 ac
441 2406 661 2459 propriam
693 2406 944 2447 Latinorum
977 2410 1020 2447 et
1051 2421 1096 2447 re
1127 2407 1223 2460 ipsa
1256 2408 1465 2449 evincitur
1497 2413 1539 2450 et
1568 2425 1647 2450 usu

139 2472 398 2514 comicorum
436 2474 479 2514 in
521 2475 809 2527 anapaesticis
860 2478 975 2516 certe
1014 2476 1162 2517 metris
1205 2476 1522 2528 adhibentium,
1569 2492 1647 2519 nec

138 2555 221 2581 non
254 2541 448 2595 exemplo
480 2541 773 2583 Commodiani
806 2543 920 2594 Afri,
953 2544 1025 2597 qui
1056 2544 1099 2584 in
1130 2544 1392 2587 hexametris
1423 2546 1645 2600 rythmicis

138 2613 179 2650 et
212 2609 267 2650 ad
297 2610 517 2664 vulgarem
545 2611 939 2664 pronuntiationem
982 2613 1228 2666 compositis
1270 2613 1400 2655 habet
1436 2614 1643 2667 quosdam

137 2692 284 2719 versus
307 2679 379 2732 qui
402 2693 485 2720 non
507 2679 672 2733 possint
699 2683 814 2721 stare
846 2680 936 2721 sine
966 2680 1106 2733 figura
1137 2681 1232 2733 ista,
1261 2686 1309 2723 ut
1335 2685 1441 2736 puta
1474 2683 1522 2737 [L
1546 2686 1582 2733 2,
1601 2688 1643 2734 43

137 2749 202 2797 24,
238 2747 331 2801 11]:

410 2826 613 2871 indignatjo
639 2832 718 2862 mea
747 2839 789 2861 ne
816 2832 880 2861 vos
907 2827 1096 2872 disperdat
1124 2830 1170 2863 ob
1198 2831 1276 2863 ista.

411 2884 497 2927 qnid
522 2885 557 2917 in
584 2880 805 2930 synagogam
834 2884 997 2919 decurris
1025 2888 1133 2929 saepe
1161 2886 1337 2929 bifarjns‘?
