<?xml version="1.0" encoding="UTF-8"?>
<!DOCTYPE html PUBLIC "-//W3C//DTD XHTML 1.0 Transitional//EN"
    "http://www.w3.org/TR/xhtml1/DTD/xhtml1-transitional.dtd">
<html xmlns="http://www.w3.org/1999/xhtml" xml:lang="en" lang="en">
 <head>
  <title>
</title>
<meta http-equiv="Content-Type" content="text/html;charset=utf-8" />
  <meta name='ocr-system' content='tesseract 3.04.00' />
  <meta name='ocr-capabilities' content='ocr_page ocr_carea ocr_par ocr_line ocrx_word'/>
</head>
<body>
  <div class='ocr_page' id='page_1' title='image "./deremetricapoeta00mluoft_0105.png"; bbox 0 0 1898 3292; ppageno 0'>
   <div class='ocr_carea' id='block_1_1' title="bbox 735 236 1635 274">
    <p class='ocr_par' dir='ltr' id='par_1_1' title="bbox 735 236 1635 274">
     <span class='ocr_line' id='line_1_1' title="bbox 735 236 1635 274; baseline 0 -6"><span class='ocrx_word' id='word_1_1' title='bbox 735 244 852 268; x_wconf 72' lang='lat' dir='ltr'><strong>LIBER</strong></span> <span class='ocrx_word' id='word_1_2' title='bbox 872 244 1027 269; x_wconf 72' lang='lat' dir='ltr'>PRnrvs,</span> <span class='ocrx_word' id='word_1_3' title='bbox 1584 236 1635 274; x_wconf 78' lang='grc'>85</span> 
     </span>
    </p>
   </div>
   <div class='ocr_carea' id='block_1_2' title="bbox 126 346 1640 3073">
    <p class='ocr_par' dir='ltr' id='par_1_2' title="bbox 130 346 1637 539">
     <span class='ocr_line' id='line_1_2' title="bbox 131 346 1637 401; baseline -0.001 -12"><span class='ocrx_word' id='word_1_4' title='bbox 131 348 195 390; x_wconf 88' lang='lat' dir='ltr'>sui</span> <span class='ocrx_word' id='word_1_5' title='bbox 229 348 435 401; x_wconf 87' lang='lat' dir='ltr'>temporis</span> <span class='ocrx_word' id='word_1_6' title='bbox 466 350 642 401; x_wconf 88' lang='lat' dir='ltr'>poetae,</span> <span class='ocrx_word' id='word_1_7' title='bbox 684 347 757 400; x_wconf 80' lang='lat' dir='ltr'>qui</span> <span class='ocrx_word' id='word_1_8' title='bbox 794 359 926 387; x_wconf 88' lang='lat' dir='ltr'>novas</span> <span class='ocrx_word' id='word_1_9' title='bbox 958 346 1145 387; x_wconf 88' lang='lat' dir='ltr'>inierant</span> <span class='ocrx_word' id='word_1_10' title='bbox 1183 346 1292 396; x_wconf 80' lang='lat' dir='ltr'>vias,</span> <span class='ocrx_word' id='word_1_11' title='bbox 1336 351 1514 400; x_wconf 89' lang='lat' dir='ltr'>propter</span> <span class='ocrx_word' id='word_1_12' title='bbox 1563 347 1637 388; x_wconf 89' lang='lat' dir='ltr'>ad-</span> 
     </span>
     <span class='ocr_line' id='line_1_3' title="bbox 130 413 1637 468; baseline -0.001 -11"><span class='ocrx_word' id='word_1_13' title='bbox 130 416 400 457; x_wconf 82' lang='lat' dir='ltr'>mirationem</span> <span class='ocrx_word' id='word_1_14' title='bbox 442 418 652 466; x_wconf 83' lang='lat' dir='ltr'>veterum,</span> <span class='ocrx_word' id='word_1_15' title='bbox 693 428 799 468; x_wconf 87' lang='lat' dir='ltr'>quos</span> <span class='ocrx_word' id='word_1_16' title='bbox 840 413 1103 468; x_wconf 78' lang='lat' dir='ltr'>spernebant</span> <span class='ocrx_word' id='word_1_17' title='bbox 1141 413 1214 454; x_wconf 89' lang='lat' dir='ltr'>illi.</span> <span class='ocrx_word' id='word_1_18' title='bbox 1278 414 1352 455; x_wconf 90' lang='lat' dir='ltr'>sed</span> <span class='ocrx_word' id='word_1_19' title='bbox 1389 415 1530 468; x_wconf 91' lang='lat' dir='ltr'>potuit</span> <span class='ocrx_word' id='word_1_20' title='bbox 1566 428 1637 456; x_wconf 82' lang='lat' dir='ltr'>ex-</span> 
     </span>
     <span class='ocr_line' id='line_1_4' title="bbox 131 482 1199 539; baseline -0.003 -13"><span class='ocrx_word' id='word_1_21' title='bbox 131 484 368 539; x_wconf 79' lang='lat' dir='ltr'>ceptionem</span> <span class='ocrx_word' id='word_1_22' title='bbox 400 483 556 534; x_wconf 87' lang='lat' dir='ltr'>facere,</span> <span class='ocrx_word' id='word_1_23' title='bbox 587 482 662 525; x_wconf 92' lang='lat' dir='ltr'>ubi</span> <span class='ocrx_word' id='word_1_24' title='bbox 692 482 811 524; x_wconf 90' lang='lat' dir='ltr'>locus</span> <span class='ocrx_word' id='word_1_25' title='bbox 834 486 939 524; x_wconf 83' lang='lat' dir='ltr'>&#39;erat</span> <span class='ocrx_word' id='word_1_26' title='bbox 972 482 1199 536; x_wconf 88' lang='lat' dir='ltr'>carpendo.</span> 
     </span>
    </p>

    <p class='ocr_par' dir='ltr' id='par_1_3' title="bbox 127 550 1639 1428">
     <span class='ocr_line' id='line_1_5' title="bbox 246 550 1636 601; baseline 0 -8"><span class='ocrx_word' id='word_1_27' title='bbox 246 553 301 593; x_wconf 91' lang='lat' dir='ltr'>At</span> <span class='ocrx_word' id='word_1_28' title='bbox 333 551 495 593; x_wconf 91' lang='lat' dir='ltr'>nullam</span> <span class='ocrx_word' id='word_1_29' title='bbox 527 552 696 593; x_wconf 89' lang='lat' dir='ltr'>omnino</span> <span class='ocrx_word' id='word_1_30' title='bbox 730 565 823 592; x_wconf 90' lang='lat' dir='ltr'>esse</span> <span class='ocrx_word' id='word_1_31' title='bbox 859 565 1050 601; x_wconf 85' lang='lat' dir='ltr'>causam,</span> <span class='ocrx_word' id='word_1_32' title='bbox 1094 565 1169 592; x_wconf 93' lang='lat' dir='ltr'>cur</span> <span class='ocrx_word' id='word_1_33' title='bbox 1211 550 1343 592; x_wconf 89' lang='lat' dir='ltr'>verba</span> <span class='ocrx_word' id='word_1_34' title='bbox 1375 564 1399 591; x_wconf 89' lang='lat' dir='ltr'>a</span> <span class='ocrx_word' id='word_1_35' title='bbox 1432 550 1636 593; x_wconf 84' lang='lat' dir='ltr'>Cicerone</span> 
     </span>
     <span class='ocr_line' id='line_1_6' title="bbox 131 619 1637 662; baseline -0.001 0"><span class='ocrx_word' id='word_1_36' title='bbox 131 621 264 662; x_wconf 90' lang='lat' dir='ltr'>citata</span> <span class='ocrx_word' id='word_1_37' title='bbox 302 619 540 662; x_wconf 86' lang='lat' dir='ltr'>referamus</span> <span class='ocrx_word' id='word_1_38' title='bbox 583 620 638 661; x_wconf 88' lang='lat' dir='ltr'>ad</span> <span class='ocrx_word' id='word_1_39' title='bbox 677 620 818 661; x_wconf 92' lang='lat' dir='ltr'>locum</span> <span class='ocrx_word' id='word_1_40' title='bbox 852 633 877 660; x_wconf 93' lang='lat' dir='ltr'>a</span> <span class='ocrx_word' id='word_1_41' title='bbox 908 620 1071 660; x_wconf 82' lang='lat' dir='ltr'>Seneca</span> <span class='ocrx_word' id='word_1_42' title='bbox 1101 619 1326 660; x_wconf 89' lang='lat' dir='ltr'>laudatum</span> <span class='ocrx_word' id='word_1_43' title='bbox 1370 619 1637 661; x_wconf 88' lang='lat' dir='ltr'>demonstrat</span> 
     </span>
     <span class='ocr_line' id='line_1_7' title="bbox 131 687 1636 741; baseline -0.001 -10"><span class='ocrx_word' id='word_1_44' title='bbox 131 689 325 731; x_wconf 89' lang='lat' dir='ltr'>codicum</span> <span class='ocrx_word' id='word_1_45' title='bbox 356 688 551 730; x_wconf 87' lang='lat' dir='ltr'>Oratoris</span> <span class='ocrx_word' id='word_1_46' title='bbox 586 688 834 730; x_wconf 89' lang='lat' dir='ltr'>auctoritas.</span> <span class='ocrx_word' id='word_1_47' title='bbox 895 688 968 741; x_wconf 85' lang='lat' dir='ltr'>qui</span> <span class='ocrx_word' id='word_1_48' title='bbox 998 702 1082 729; x_wconf 91' lang='lat' dir='ltr'>non</span> <span class='ocrx_word' id='word_1_49' title='bbox 1113 687 1277 729; x_wconf 92' lang='lat' dir='ltr'>habent</span> <span class='ocrx_word' id='word_1_50' title='bbox 1317 702 1397 738; x_wconf 70' lang='lat' dir='ltr'>qua</span> <span class='ocrx_word' id='word_1_51' title='bbox 1427 695 1555 738; x_wconf 71' lang='lat' dir='ltr'>ponto</span> <span class='ocrx_word' id='word_1_52' title='bbox 1588 691 1636 730; x_wconf 76' lang='lat' dir='ltr'>ab</span> 
     </span>
     <span class='ocr_line' id='line_1_8' title="bbox 131 755 1639 810; baseline -0.001 -11"><span class='ocrx_word' id='word_1_53' title='bbox 131 761 284 808; x_wconf 76' lang='lat' dir='ltr'>Helles,</span> <span class='ocrx_word' id='word_1_54' title='bbox 327 757 402 799; x_wconf 87' lang='lat' dir='ltr'>sed</span> <span class='ocrx_word' id='word_1_55' title='bbox 443 771 523 808; x_wconf 74' lang='lat' dir='ltr'>qua</span> <span class='ocrx_word' id='word_1_56' title='bbox 556 764 710 808; x_wconf 71' lang='lat' dir='ltr'>pontus</span> <span class='ocrx_word' id='word_1_57' title='bbox 751 759 903 805; x_wconf 77' lang='lat' dir='ltr'>Helles,</span> <span class='ocrx_word' id='word_1_58' title='bbox 940 760 1248 810; x_wconf 82' lang='lat' dir='ltr'>praeterquam</span> <span class='ocrx_word' id='word_1_59' title='bbox 1281 755 1395 809; x_wconf 88' lang='lat' dir='ltr'>quod</span> <span class='ocrx_word' id='word_1_60' title='bbox 1428 756 1473 796; x_wconf 93' lang='lat' dir='ltr'>in</span> <span class='ocrx_word' id='word_1_61' title='bbox 1511 760 1639 798; x_wconf 86' lang='lat' dir='ltr'>unost</span> 
     </span>
     <span class='ocr_line' id='line_1_9' title="bbox 127 823 1637 879; baseline -0.001 -12"><span class='ocrx_word' id='word_1_62' title='bbox 127 833 262 878; x_wconf 76' lang='lat' dir='ltr'>ponto.</span> <span class='ocrx_word' id='word_1_63' title='bbox 323 825 456 879; x_wconf 88' lang='lat' dir='ltr'>igitur</span> <span class='ocrx_word' id='word_1_64' title='bbox 496 839 580 866; x_wconf 91' lang='lat' dir='ltr'>non</span> <span class='ocrx_word' id='word_1_65' title='bbox 625 825 789 866; x_wconf 90' lang='lat' dir='ltr'>minore</span> <span class='ocrx_word' id='word_1_66' title='bbox 833 825 925 866; x_wconf 90' lang='lat' dir='ltr'>iure</span> <span class='ocrx_word' id='word_1_67' title='bbox 968 828 1094 878; x_wconf 90' lang='lat' dir='ltr'>putes</span> <span class='ocrx_word' id='word_1_68' title='bbox 1134 825 1255 878; x_wconf 86' lang='lat' dir='ltr'>tangi</span> <span class='ocrx_word' id='word_1_69' title='bbox 1292 823 1375 865; x_wconf 90' lang='lat' dir='ltr'>illis</span> <span class='ocrx_word' id='word_1_70' title='bbox 1421 837 1488 875; x_wconf 85' lang='lat' dir='ltr'>ea,</span> <span class='ocrx_word' id='word_1_71' title='bbox 1527 838 1637 878; x_wconf 89' lang='lat' dir='ltr'>quae</span> 
     </span>
     <span class='ocr_line' id='line_1_10' title="bbox 129 893 1636 948; baseline 0 -13"><span class='ocrx_word' id='word_1_72' title='bbox 129 895 267 936; x_wconf 87' lang='lat' dir='ltr'>Varro</span> <span class='ocrx_word' id='word_1_73' title='bbox 300 894 405 935; x_wconf 91' lang='lat' dir='ltr'>citat</span> <span class='ocrx_word' id='word_1_74' title='bbox 437 893 474 935; x_wconf 91' lang='lat' dir='ltr'>d.</span> <span class='ocrx_word' id='word_1_75' title='bbox 507 893 703 935; x_wconf 85' lang='lat' dir='ltr'>1.L.V11</span> <span class='ocrx_word' id='word_1_76' title='bbox 735 894 849 948; x_wconf 81' lang='lat'><strong>[21]:</strong></span> <span class='ocrx_word' id='word_1_77' title='bbox 895 897 1013 944; x_wconf 70' lang='lat' dir='ltr'>quasi</span> <span class='ocrx_word' id='word_1_78' title='bbox 1043 896 1341 944; x_wconf 70' lang='lat' dir='ltr'>Hellespontum</span> <span class='ocrx_word' id='word_1_79' title='bbox 1376 900 1413 933; x_wconf 76' lang='lat' dir='ltr'>et</span> <span class='ocrx_word' id='word_1_80' title='bbox 1442 896 1636 935; x_wconf 71' lang='lat' dir='ltr'>claustra.</span> 
     </span>
     <span class='ocr_line' id='line_1_11' title="bbox 129 952 1637 1016; baseline -0.001 -12"><span class='ocrx_word' id='word_1_81' title='bbox 129 962 203 1004; x_wconf 90' lang='lat' dir='ltr'>ubi</span> <span class='ocrx_word' id='word_1_82' title='bbox 233 976 335 1004; x_wconf 89' lang='lat' dir='ltr'>sane</span> <span class='ocrx_word' id='word_1_83' title='bbox 374 962 569 1016; x_wconf 87' lang='lat' dir='ltr'>plerique</span> <span class='ocrx_word' id='word_1_84' title='bbox 610 976 688 1016; x_wconf 92' lang='lat' dir='ltr'>pro</span> <span class='ocrx_word' id='word_1_85' title='bbox 720 962 793 1003; x_wconf 93' lang='grc'>1110</span> <span class='ocrx_word' id='word_1_86' title='bbox 837 966 954 1013; x_wconf 70' lang='lat' dir='ltr'>quase·</span> <span class='ocrx_word' id='word_1_87' title='bbox 990 965 1275 1016; x_wconf 89' lang='lat' dir='ltr'>reposuerunt</span> <span class='ocrx_word' id='word_1_88' title='bbox 1306 952 1442 1002; x_wconf 88' lang='lat' dir='ltr'>Cassii</span> <span class='ocrx_word' id='word_1_89' title='bbox 1472 975 1637 1013; x_wconf 88' lang='lat' dir='ltr'>nomen,</span> 
     </span>
     <span class='ocr_line' id='line_1_12' title="bbox 127 1029 1636 1085; baseline -0.001 -13"><span class='ocrx_word' id='word_1_90' title='bbox 127 1034 283 1085; x_wconf 88' lang='lat' dir='ltr'>poetae</span> <span class='ocrx_word' id='word_1_91' title='bbox 325 1031 501 1084; x_wconf 83' lang='lat' dir='ltr'>tragici,</span> <span class='ocrx_word' id='word_1_92' title='bbox 546 1044 673 1084; x_wconf 89' lang='lat' dir='ltr'>quem</span> <span class='ocrx_word' id='word_1_93' title='bbox 714 1030 781 1072; x_wconf 87' lang='lat' dir='ltr'>bis</span> <span class='ocrx_word' id='word_1_94' title='bbox 825 1030 928 1071; x_wconf 88' lang='lat' dir='ltr'>alibi</span> <span class='ocrx_word' id='word_1_95' title='bbox 970 1034 1191 1071; x_wconf 88' lang='lat' dir='ltr'>memorat.</span> <span class='ocrx_word' id='word_1_96' title='bbox 1253 1029 1328 1071; x_wconf 91' lang='lat' dir='ltr'>sed</span> <span class='ocrx_word' id='word_1_97' title='bbox 1370 1029 1476 1070; x_wconf 87' lang='lat' dir='ltr'>nihil</span> <span class='ocrx_word' id='word_1_98' title='bbox 1519 1043 1636 1083; x_wconf 91' lang='lat' dir='ltr'>opus.</span> 
     </span>
     <span class='ocr_line' id='line_1_13' title="bbox 129 1098 1639 1154; baseline -0.002 -13"><span class='ocrx_word' id='word_1_99' title='bbox 129 1113 227 1141; x_wconf 88' lang='lat' dir='ltr'>nam</span> <span class='ocrx_word' id='word_1_100' title='bbox 250 1113 378 1154; x_wconf 84' lang='lat' dir='ltr'>saepe</span> <span class='ocrx_word' id='word_1_101' title='bbox 401 1099 455 1141; x_wconf 90' lang='lat' dir='ltr'>ab</span> <span class='ocrx_word' id='word_1_102' title='bbox 478 1112 527 1140; x_wconf 93' lang='lat' dir='ltr'>eo</span> <span class='ocrx_word' id='word_1_103' title='bbox 550 1099 695 1140; x_wconf 89' lang='lat' dir='ltr'>omissi</span> <span class='ocrx_word' id='word_1_104' title='bbox 715 1099 907 1141; x_wconf 90' lang='lat' dir='ltr'>locorum</span> <span class='ocrx_word' id='word_1_105' title='bbox 931 1098 1161 1140; x_wconf 85' lang='lat' dir='ltr'>allatorum</span> <span class='ocrx_word' id='word_1_106' title='bbox 1193 1101 1403 1139; x_wconf 82' lang='lat' dir='ltr'>auctores.</span> <span class='ocrx_word' id='word_1_107' title='bbox 1455 1102 1639 1139; x_wconf 73' lang='lat' dir='ltr'>claustra</span> 
     </span>
     <span class='ocr_line' id='line_1_14' title="bbox 131 1166 1638 1221; baseline -0.002 -11"><span class='ocrx_word' id='word_1_108' title='bbox 131 1172 274 1210; x_wconf 88' lang='lat' dir='ltr'>autem</span> <span class='ocrx_word' id='word_1_109' title='bbox 314 1181 399 1209; x_wconf 92' lang='lat' dir='ltr'>non</span> <span class='ocrx_word' id='word_1_110' title='bbox 442 1167 576 1219; x_wconf 86' lang='lat' dir='ltr'>dicta,</span> <span class='ocrx_word' id='word_1_111' title='bbox 622 1171 671 1209; x_wconf 90' lang='lat' dir='ltr'>ut</span> <span class='ocrx_word' id='word_1_112' title='bbox 712 1171 839 1221; x_wconf 87' lang='lat' dir='ltr'>putat</span> <span class='ocrx_word' id='word_1_113' title='bbox 877 1167 1009 1218; x_wconf 80' lang='lat' dir='ltr'>idem,</span> <span class='ocrx_word' id='word_1_114' title='bbox 1056 1166 1172 1220; x_wconf 90' lang='lat' dir='ltr'>quod</span> <span class='ocrx_word' id='word_1_115' title='bbox 1214 1166 1379 1208; x_wconf 82' lang='lat' dir='ltr'>Xerxes</span> <span class='ocrx_word' id='word_1_116' title='bbox 1421 1166 1638 1219; x_wconf 86' lang='lat' dir='ltr'>quondam</span> 
     </span>
     <span class='ocr_line' id='line_1_15' title="bbox 131 1235 1637 1290; baseline -0.001 -12"><span class='ocrx_word' id='word_1_117' title='bbox 131 1237 285 1279; x_wconf 92' lang='lat' dir='ltr'>clausit</span> <span class='ocrx_word' id='word_1_118' title='bbox 314 1236 660 1290; x_wconf 76' lang='lat' dir='ltr'>Hellespontum,</span> <span class='ocrx_word' id='word_1_119' title='bbox 702 1236 777 1278; x_wconf 91' lang='lat' dir='ltr'>sed</span> <span class='ocrx_word' id='word_1_120' title='bbox 820 1236 934 1289; x_wconf 88' lang='lat' dir='ltr'>quod</span> <span class='ocrx_word' id='word_1_121' title='bbox 975 1236 1057 1277; x_wconf 91' lang='lat' dir='ltr'>hoc</span> <span class='ocrx_word' id='word_1_122' title='bbox 1096 1235 1366 1290; x_wconf 73' lang='lat' dir='ltr'>praetexitur</span> <span class='ocrx_word' id='word_1_123' title='bbox 1396 1235 1637 1289; x_wconf 85' lang='lat' dir='ltr'>Propontis.</span> 
     </span>
     <span class='ocr_line' id='line_1_16' title="bbox 131 1303 1638 1359; baseline -0.002 -12"><span class='ocrx_word' id='word_1_124' title='bbox 131 1319 240 1359; x_wconf 89' lang='lat' dir='ltr'>quae</span> <span class='ocrx_word' id='word_1_125' title='bbox 272 1319 368 1347; x_wconf 91' lang='lat' dir='ltr'>cum</span> <span class='ocrx_word' id='word_1_126' title='bbox 397 1305 460 1346; x_wconf 86' lang='lat' dir='ltr'>ita</span> <span class='ocrx_word' id='word_1_127' title='bbox 494 1305 595 1356; x_wconf 91' lang='lat' dir='ltr'>sint,</span> <span class='ocrx_word' id='word_1_128' title='bbox 636 1305 778 1347; x_wconf 88' lang='lat' dir='ltr'>nescio</span> <span class='ocrx_word' id='word_1_129' title='bbox 810 1318 864 1346; x_wconf 88' lang='lat' dir='ltr'>an</span> <span class='ocrx_word' id='word_1_130' title='bbox 892 1308 1009 1346; x_wconf 90' lang='lat' dir='ltr'>totus</span> <span class='ocrx_word' id='word_1_131' title='bbox 1039 1304 1159 1346; x_wconf 88' lang='lat' dir='ltr'>locus</span> <span class='ocrx_word' id='word_1_132' title='bbox 1188 1304 1251 1345; x_wconf 87' lang='lat' dir='ltr'>ita</span> <span class='ocrx_word' id='word_1_133' title='bbox 1280 1304 1335 1345; x_wconf 88' lang='lat' dir='ltr'>sit</span> <span class='ocrx_word' id='word_1_134' title='bbox 1366 1303 1638 1358; x_wconf 86' lang='lat' dir='ltr'>refingendus</span> 
     </span>
     <span class='ocr_line' id='line_1_17' title="bbox 129 1365 717 1428; baseline -0.003 -12"><span class='ocrx_word' id='word_1_135' title='bbox 129 1388 180 1416; x_wconf 90' lang='lat' dir='ltr'>ac</span> <span class='ocrx_word' id='word_1_136' title='bbox 211 1373 497 1428; x_wconf 88' lang='lat' dir='ltr'>supplendus:</span> <span class='ocrx_word' id='word_1_137' title='bbox 715 1365 717 1367; x_wconf 55' lang='grc'><strong>’</strong></span> 
     </span>
    </p>

    <p class='ocr_par' dir='ltr' id='par_1_4' title="bbox 127 1446 1639 1770">
     <span class='ocr_line' id='line_1_18' title="bbox 289 1446 1494 1492; baseline -0.002 -10"><span class='ocrx_word' id='word_1_138' title='bbox 289 1460 360 1492; x_wconf 85' lang='lat' dir='ltr'>qua</span> <span class='ocrx_word' id='word_1_139' title='bbox 379 1450 519 1492; x_wconf 78' lang='lat' dir='ltr'>pontus</span> <span class='ocrx_word' id='word_1_140' title='bbox 545 1458 582 1482; x_wconf 83' lang='lat' dir='ltr'>se</span> <span class='ocrx_word' id='word_1_141' title='bbox 610 1447 739 1482; x_wconf 80' lang='lat' dir='ltr'>Helles</span> <span class='ocrx_word' id='word_1_142' title='bbox 766 1451 802 1482; x_wconf 93' lang='lat' dir='ltr'>et</span> <span class='ocrx_word' id='word_1_143' title='bbox 828 1447 986 1482; x_wconf 82' lang='lat' dir='ltr'>claustra</span> <span class='ocrx_word' id='word_1_144' title='bbox 1012 1447 1208 1492; x_wconf 85' lang='lat' dir='ltr'>porrigunt</span> <span class='ocrx_word' id='word_1_145' title='bbox 1233 1446 1494 1491; x_wconf 87' lang='lat' dir='ltr'>Propontidos.</span> 
     </span>
     <span class='ocr_line' id='line_1_19' title="bbox 128 1509 1638 1565; baseline -0.001 -12"><span class='ocrx_word' id='word_1_146' title='bbox 128 1526 227 1553; x_wconf 90' lang='lat' dir='ltr'>nam</span> <span class='ocrx_word' id='word_1_147' title='bbox 259 1511 517 1562; x_wconf 87' lang='lat' dir='ltr'>Varronem,</span> <span class='ocrx_word' id='word_1_148' title='bbox 551 1511 623 1564; x_wconf 88' lang='lat' dir='ltr'>qui</span> <span class='ocrx_word' id='word_1_149' title='bbox 653 1514 832 1565; x_wconf 90' lang='lat' dir='ltr'>propter</span> <span class='ocrx_word' id='word_1_150' title='bbox 862 1510 969 1552; x_wconf 89' lang='lat' dir='ltr'>illud</span> <span class='ocrx_word' id='word_1_151' title='bbox 1001 1514 1184 1552; x_wconf 70' lang='lat' dir='ltr'>claustra</span> <span class='ocrx_word' id='word_1_152' title='bbox 1216 1509 1343 1551; x_wconf 85' lang='lat' dir='ltr'>affert</span> <span class='ocrx_word' id='word_1_153' title='bbox 1373 1510 1522 1561; x_wconf 80' lang='lat' dir='ltr'>verba,</span> <span class='ocrx_word' id='word_1_154' title='bbox 1554 1524 1638 1552; x_wconf 93' lang='lat' dir='ltr'>non</span> 
     </span>
     <span class='ocr_line' id='line_1_20' title="bbox 129 1578 1637 1622; baseline -0.001 0"><span class='ocrx_word' id='word_1_155' title='bbox 129 1594 303 1622; x_wconf 87' lang='lat' dir='ltr'>curasse</span> <span class='ocrx_word' id='word_1_156' title='bbox 343 1579 643 1621; x_wconf 87' lang='lat' dir='ltr'>traiectionem</span> <span class='ocrx_word' id='word_1_157' title='bbox 680 1593 705 1620; x_wconf 92' lang='lat' dir='ltr'>a</span> <span class='ocrx_word' id='word_1_158' title='bbox 737 1579 940 1621; x_wconf 86' lang='lat' dir='ltr'>Cicerone</span> <span class='ocrx_word' id='word_1_159' title='bbox 982 1582 1175 1620; x_wconf 86' lang='lat' dir='ltr'>notatam</span> <span class='ocrx_word' id='word_1_160' title='bbox 1214 1578 1332 1620; x_wconf 89' lang='lat' dir='ltr'>haud</span> <span class='ocrx_word' id='word_1_161' title='bbox 1373 1578 1637 1620; x_wconf 83' lang='lat' dir='ltr'>mirabimur.</span> 
     </span>
     <span class='ocr_line' id='line_1_21' title="bbox 127 1647 1639 1703; baseline -0.001 -13"><span class='ocrx_word' id='word_1_162' title='bbox 127 1651 271 1703; x_wconf 87' lang='lat' dir='ltr'>potest</span> <span class='ocrx_word' id='word_1_163' title='bbox 300 1661 401 1689; x_wconf 88' lang='lat' dir='ltr'>vero</span> <span class='ocrx_word' id='word_1_164' title='bbox 433 1651 617 1689; x_wconf 85' lang='lat' dir='ltr'>metrum</span> <span class='ocrx_word' id='word_1_165' title='bbox 651 1661 743 1689; x_wconf 89' lang='lat' dir='ltr'>esse</span> <span class='ocrx_word' id='word_1_166' title='bbox 775 1647 905 1689; x_wconf 88' lang='lat' dir='ltr'>Accii.</span> <span class='ocrx_word' id='word_1_167' title='bbox 968 1650 1083 1689; x_wconf 85' lang='lat' dir='ltr'>certe</span> <span class='ocrx_word' id='word_1_168' title='bbox 1125 1661 1235 1700; x_wconf 88' lang='lat' dir='ltr'>quae</span> <span class='ocrx_word' id='word_1_169' title='bbox 1277 1651 1480 1689; x_wconf 89' lang='lat' dir='ltr'>secuntur</span> <span class='ocrx_word' id='word_1_170' title='bbox 1524 1647 1639 1702; x_wconf 90' lang='lat' dir='ltr'>apud</span> 
     </span>
     <span class='ocr_line' id='line_1_22' title="bbox 130 1715 1428 1770; baseline -0.002 -11"><span class='ocrx_word' id='word_1_171' title='bbox 130 1716 378 1759; x_wconf 89' lang='lat' dir='ltr'>Ciceronem</span> <span class='ocrx_word' id='word_1_172' title='bbox 409 1720 451 1758; x_wconf 92' lang='lat' dir='ltr'>et</span> <span class='ocrx_word' id='word_1_173' title='bbox 481 1716 732 1767; x_wconf 87' lang='lat' dir='ltr'>Varronem,</span> <span class='ocrx_word' id='word_1_174' title='bbox 761 1717 864 1758; x_wconf 88' lang='lat' dir='ltr'>item</span> <span class='ocrx_word' id='word_1_175' title='bbox 896 1720 1068 1770; x_wconf 89' lang='lat' dir='ltr'>sumpta</span> <span class='ocrx_word' id='word_1_176' title='bbox 1100 1730 1152 1757; x_wconf 80' lang='lat' dir='ltr'>ex</span> <span class='ocrx_word' id='word_1_177' title='bbox 1181 1715 1428 1770; x_wconf 88' lang='lat' dir='ltr'>tragoediis.</span> 
     </span>
    </p>

    <p class='ocr_par' dir='ltr' id='par_1_5' title="bbox 126 1784 1639 2182">
     <span class='ocr_line' id='line_1_23' title="bbox 242 1784 1638 1838; baseline 0 -13"><span class='ocrx_word' id='word_1_178' title='bbox 242 1784 353 1836; x_wconf 82' lang='lat' dir='ltr'>Quid</span> <span class='ocrx_word' id='word_1_179' title='bbox 397 1788 541 1826; x_wconf 90' lang='lat' dir='ltr'>autem</span> <span class='ocrx_word' id='word_1_180' title='bbox 579 1784 655 1825; x_wconf 86' lang='lat' dir='ltr'>fiet</span> <span class='ocrx_word' id='word_1_181' title='bbox 695 1784 889 1826; x_wconf 86' lang='lat' dir='ltr'>versibus</span> <span class='ocrx_word' id='word_1_182' title='bbox 932 1798 957 1825; x_wconf 89' lang='lat' dir='ltr'>a</span> <span class='ocrx_word' id='word_1_183' title='bbox 989 1785 1152 1826; x_wconf 83' lang='lat' dir='ltr'>Seneca</span> <span class='ocrx_word' id='word_1_184' title='bbox 1191 1798 1269 1838; x_wconf 88' lang='lat' dir='ltr'>pro</span> <span class='ocrx_word' id='word_1_185' title='bbox 1312 1784 1506 1838; x_wconf 79' lang='lat' dir='ltr'>exemplo</span> <span class='ocrx_word' id='word_1_186' title='bbox 1551 1785 1638 1826; x_wconf 90' lang='lat' dir='ltr'>dic-</span> 
     </span>
     <span class='ocr_line' id='line_1_24' title="bbox 129 1853 1638 1907; baseline -0.001 -12"><span class='ocrx_word' id='word_1_187' title='bbox 129 1853 256 1895; x_wconf 88' lang='lat' dir='ltr'>tionis</span> <span class='ocrx_word' id='word_1_188' title='bbox 302 1853 537 1894; x_wconf 86' lang='lat' dir='ltr'>altissimae</span> <span class='ocrx_word' id='word_1_189' title='bbox 582 1857 624 1894; x_wconf 88' lang='lat' dir='ltr'>et</span> <span class='ocrx_word' id='word_1_190' title='bbox 670 1866 767 1894; x_wconf 90' lang='lat' dir='ltr'>vere</span> <span class='ocrx_word' id='word_1_191' title='bbox 809 1853 954 1907; x_wconf 82' lang='lat' dir='ltr'>regiae</span> <span class='ocrx_word' id='word_1_192' title='bbox 1000 1853 1267 1907; x_wconf 72' lang='lat' dir='ltr'>propositis?</span> <span class='ocrx_word' id='word_1_193' title='bbox 1330 1853 1389 1894; x_wconf 90' lang='lat' dir='ltr'>eis</span> <span class='ocrx_word' id='word_1_194' title='bbox 1440 1853 1638 1906; x_wconf 87' lang='lat' dir='ltr'>equidem</span> 
     </span>
     <span class='ocr_line' id='line_1_25' title="bbox 129 1921 1639 1977; baseline -0.001 -13"><span class='ocrx_word' id='word_1_195' title='bbox 129 1922 338 1964; x_wconf 85' lang='lat' dir='ltr'>contineri</span> <span class='ocrx_word' id='word_1_196' title='bbox 383 1922 580 1963; x_wconf 83' lang='lat' dir='ltr'>existimo</span> <span class='ocrx_word' id='word_1_197' title='bbox 625 1922 794 1963; x_wconf 88' lang='lat' dir='ltr'>initium</span> <span class='ocrx_word' id='word_1_198' title='bbox 849 1922 1063 1977; x_wconf 80' lang='lat' dir='ltr'>Thyestae</span> <span class='ocrx_word' id='word_1_199' title='bbox 1108 1922 1347 1972; x_wconf 82' lang='lat' dir='ltr'>Varianae,</span> <span class='ocrx_word' id='word_1_200' title='bbox 1397 1935 1507 1975; x_wconf 88' lang='lat' dir='ltr'>quae</span> <span class='ocrx_word' id='word_1_201' title='bbox 1556 1921 1639 1963; x_wconf 82' lang='lat' dir='ltr'>fuit</span> 
     </span>
     <span class='ocr_line' id='line_1_26' title="bbox 127 1989 1637 2044; baseline -0.001 -12"><span class='ocrx_word' id='word_1_202' title='bbox 127 1990 353 2044; x_wconf 82' lang='lat' dir='ltr'>tragoedia</span> <span class='ocrx_word' id='word_1_203' title='bbox 393 2004 489 2032; x_wconf 89' lang='lat' dir='ltr'>cum</span> <span class='ocrx_word' id='word_1_204' title='bbox 520 1990 703 2032; x_wconf 88' lang='lat' dir='ltr'>Nasonis</span> <span class='ocrx_word' id='word_1_205' title='bbox 733 1990 887 2032; x_wconf 88' lang='lat' dir='ltr'>Medea</span> <span class='ocrx_word' id='word_1_206' title='bbox 926 1990 1052 2044; x_wconf 89' lang='lat' dir='ltr'>longe</span> <span class='ocrx_word' id='word_1_207' title='bbox 1093 1989 1374 2032; x_wconf 88' lang='lat' dir='ltr'>celeberrima</span> <span class='ocrx_word' id='word_1_208' title='bbox 1406 2004 1436 2031; x_wconf 92' lang='lat' dir='ltr'>s.</span> <span class='ocrx_word' id='word_1_209' title='bbox 1469 2005 1508 2044; x_wconf 91' lang='lat' dir='ltr'>p.</span> <span class='ocrx_word' id='word_1_210' title='bbox 1541 1990 1637 2032; x_wconf 89' lang='lat' dir='ltr'>Chr.</span> 
     </span>
     <span class='ocr_line' id='line_1_27' title="bbox 126 2058 1638 2113; baseline -0.001 -12"><span class='ocrx_word' id='word_1_211' title='bbox 126 2075 166 2101; x_wconf 90' lang='lat' dir='ltr'>n.</span> <span class='ocrx_word' id='word_1_212' title='bbox 197 2060 226 2101; x_wconf 94' lang='grc' dir='ltr'>Ι.</span> <span class='ocrx_word' id='word_1_213' title='bbox 286 2059 403 2101; x_wconf 90' lang='lat' dir='ltr'>haud</span> <span class='ocrx_word' id='word_1_214' title='bbox 434 2059 586 2113; x_wconf 82' lang='lat' dir='ltr'>procul</span> <span class='ocrx_word' id='word_1_215' title='bbox 627 2062 770 2101; x_wconf 86' lang='lat' dir='ltr'>autem</span> <span class='ocrx_word' id='word_1_216' title='bbox 811 2059 865 2101; x_wconf 88' lang='lat' dir='ltr'>ab</span> <span class='ocrx_word' id='word_1_217' title='bbox 908 2059 974 2101; x_wconf 91' lang='lat' dir='ltr'>his</span> <span class='ocrx_word' id='word_1_218' title='bbox 1019 2058 1167 2101; x_wconf 87' lang='lat' dir='ltr'>afuere</span> <span class='ocrx_word' id='word_1_219' title='bbox 1208 2073 1318 2112; x_wconf 88' lang='lat' dir='ltr'>quae</span> <span class='ocrx_word' id='word_1_220' title='bbox 1351 2058 1638 2110; x_wconf 79' lang='lat' dir='ltr'>Quintilianus</span> 
     </span>
     <span class='ocr_line' id='line_1_28' title="bbox 132 2127 588 2182; baseline -0.002 -13"><span class='ocrx_word' id='word_1_221' title='bbox 132 2128 238 2169; x_wconf 92' lang='lat' dir='ltr'>citat</span> <span class='ocrx_word' id='word_1_222' title='bbox 264 2127 291 2168; x_wconf 91' lang='grc'>1.</span> <span class='ocrx_word' id='word_1_223' title='bbox 322 2127 385 2169; x_wconf 89' lang='grc' dir='ltr'>ΙΠ</span> <span class='ocrx_word' id='word_1_224' title='bbox 413 2128 469 2182; x_wconf 81' lang='grc'>[8,</span> <span class='ocrx_word' id='word_1_225' title='bbox 503 2128 588 2182; x_wconf 81' lang='grc'>45].</span> 
     </span>
    </p>

    <p class='ocr_par' dir='ltr' id='par_1_6' title="bbox 126 2195 1640 3073">
     <span class='ocr_line' id='line_1_29' title="bbox 240 2195 1638 2250; baseline 0 -13"><span class='ocrx_word' id='word_1_226' title='bbox 240 2196 394 2250; x_wconf 91' lang='lat' dir='ltr'>Itaque</span> <span class='ocrx_word' id='word_1_227' title='bbox 425 2199 474 2237; x_wconf 94' lang='lat' dir='ltr'>ut</span> <span class='ocrx_word' id='word_1_228' title='bbox 503 2196 698 2248; x_wconf 83' lang='lat' dir='ltr'>redeam,</span> <span class='ocrx_word' id='word_1_229' title='bbox 739 2195 852 2237; x_wconf 90' lang='lat' dir='ltr'>unde</span> <span class='ocrx_word' id='word_1_230' title='bbox 882 2210 975 2238; x_wconf 89' lang='lat' dir='ltr'>sum</span> <span class='ocrx_word' id='word_1_231' title='bbox 1007 2195 1246 2250; x_wconf 88' lang='lat' dir='ltr'>digressus,</span> <span class='ocrx_word' id='word_1_232' title='bbox 1287 2209 1424 2238; x_wconf 86' lang='lat' dir='ltr'>novae</span> <span class='ocrx_word' id='word_1_233' title='bbox 1457 2196 1562 2238; x_wconf 86' lang='lat' dir='ltr'>artis</span> <span class='ocrx_word' id='word_1_234' title='bbox 1593 2197 1638 2237; x_wconf 93' lang='lat' dir='ltr'>in</span> 
     </span>
     <span class='ocr_line' id='line_1_30' title="bbox 126 2264 1637 2318; baseline -0.001 -12"><span class='ocrx_word' id='word_1_235' title='bbox 126 2264 281 2306; x_wconf 89' lang='lat' dir='ltr'>iambis</span> <span class='ocrx_word' id='word_1_236' title='bbox 330 2264 632 2318; x_wconf 87' lang='lat' dir='ltr'>trochaeisque</span> <span class='ocrx_word' id='word_1_237' title='bbox 681 2265 948 2318; x_wconf 84' lang='lat' dir='ltr'>tragicorum</span> <span class='ocrx_word' id='word_1_238' title='bbox 1007 2278 1092 2306; x_wconf 91' lang='lat' dir='ltr'>non</span> <span class='ocrx_word' id='word_1_239' title='bbox 1142 2265 1358 2306; x_wconf 89' lang='lat' dir='ltr'>invenitur</span> <span class='ocrx_word' id='word_1_240' title='bbox 1408 2264 1637 2318; x_wconf 87' lang='lat' dir='ltr'>vestigium</span> 
     </span>
     <span class='ocr_line' id='line_1_31' title="bbox 129 2333 1640 2387; baseline 0 -13"><span class='ocrx_word' id='word_1_241' title='bbox 129 2337 307 2383; x_wconf 89' lang='lat' dir='ltr'>certum,</span> <span class='ocrx_word' id='word_1_242' title='bbox 340 2333 454 2387; x_wconf 86' lang='lat' dir='ltr'>quod</span> <span class='ocrx_word' id='word_1_243' title='bbox 485 2335 726 2387; x_wconf 90' lang='lat' dir='ltr'>Augustum</span> <span class='ocrx_word' id='word_1_244' title='bbox 761 2337 904 2374; x_wconf 88' lang='lat' dir='ltr'>aetate</span> <span class='ocrx_word' id='word_1_245' title='bbox 936 2333 1182 2387; x_wconf 90' lang='lat' dir='ltr'>praecedat.</span> <span class='ocrx_word' id='word_1_246' title='bbox 1246 2333 1298 2375; x_wconf 89' lang='lat' dir='ltr'>de</span> <span class='ocrx_word' id='word_1_247' title='bbox 1330 2347 1415 2387; x_wconf 85' lang='lat' dir='ltr'>qua</span> <span class='ocrx_word' id='word_1_248' title='bbox 1445 2347 1491 2374; x_wconf 91' lang='lat' dir='ltr'>re</span> <span class='ocrx_word' id='word_1_249' title='bbox 1524 2333 1640 2386; x_wconf 83' lang='lat' dir='ltr'>quod</span> 
     </span>
     <span class='ocr_line' id='line_1_32' title="bbox 127 2401 1638 2457; baseline -0.001 -14"><span class='ocrx_word' id='word_1_250' title='bbox 127 2402 348 2443; x_wconf 85' lang='lat' dir='ltr'>verissime</span> <span class='ocrx_word' id='word_1_251' title='bbox 395 2402 547 2443; x_wconf 87' lang='lat' dir='ltr'>statuit</span> <span class='ocrx_word' id='word_1_252' title='bbox 593 2402 812 2443; x_wconf 90' lang='lat' dir='ltr'>Bentleius</span> <span class='ocrx_word' id='word_1_253' title='bbox 859 2401 934 2457; x_wconf 89' lang='lat' dir='ltr'>[ad</span> <span class='ocrx_word' id='word_1_254' title='bbox 975 2402 1076 2443; x_wconf 92' lang='lat' dir='ltr'>Hor.</span> <span class='ocrx_word' id='word_1_255' title='bbox 1112 2416 1175 2456; x_wconf 89' lang='lat' dir='ltr'>ep.</span> <span class='ocrx_word' id='word_1_256' title='bbox 1207 2402 1265 2453; x_wconf 87' lang='grc' dir='ltr'>Π,</span> <span class='ocrx_word' id='word_1_257' title='bbox 1295 2405 1336 2453; x_wconf 83' lang='grc'>3,</span> <span class='ocrx_word' id='word_1_258' title='bbox 1370 2402 1493 2456; x_wconf 85' lang='grc'>260],</span> <span class='ocrx_word' id='word_1_259' title='bbox 1541 2416 1638 2443; x_wconf 91' lang='grc'>0011-</span> 
     </span>
     <span class='ocr_line' id='line_1_33' title="bbox 127 2469 1639 2525; baseline 0 -14"><span class='ocrx_word' id='word_1_260' title='bbox 127 2469 326 2512; x_wconf 89' lang='lat' dir='ltr'>firmatur</span> <span class='ocrx_word' id='word_1_261' title='bbox 357 2474 399 2511; x_wconf 90' lang='lat' dir='ltr'>et</span> <span class='ocrx_word' id='word_1_262' title='bbox 432 2469 683 2524; x_wconf 87' lang='lat' dir='ltr'>fragmentis</span> <span class='ocrx_word' id='word_1_263' title='bbox 713 2474 940 2524; x_wconf 87' lang='lat' dir='ltr'>poetarum</span> <span class='ocrx_word' id='word_1_264' title='bbox 973 2474 1015 2512; x_wconf 92' lang='lat' dir='ltr'>et</span> <span class='ocrx_word' id='word_1_265' title='bbox 1046 2470 1217 2512; x_wconf 91' lang='lat' dir='ltr'>Horatii</span> <span class='ocrx_word' id='word_1_266' title='bbox 1247 2470 1442 2512; x_wconf 82' lang='lat' dir='ltr'>versibus</span> <span class='ocrx_word' id='word_1_267' title='bbox 1473 2471 1555 2525; x_wconf 88' lang='lat' dir='ltr'>[ep.</span> <span class='ocrx_word' id='word_1_268' title='bbox 1587 2471 1639 2521; x_wconf 87' lang='grc' dir='ltr'>Π,</span> 
     </span>
     <span class='ocr_line' id='line_1_34' title="bbox 131 2538 1638 2593; baseline -0.001 -13"><span class='ocrx_word' id='word_1_269' title='bbox 131 2542 167 2589; x_wconf 82' lang='grc'>3,</span> <span class='ocrx_word' id='word_1_270' title='bbox 201 2539 323 2593; x_wconf 84' lang='grc'>259],</span> <span class='ocrx_word' id='word_1_271' title='bbox 367 2538 522 2592; x_wconf 87' lang='lat' dir='ltr'>quibus</span> <span class='ocrx_word' id='word_1_272' title='bbox 555 2538 659 2580; x_wconf 90' lang='lat' dir='ltr'>dicit</span> <span class='ocrx_word' id='word_1_273' title='bbox 688 2539 873 2579; x_wconf 89' lang='lat' dir='ltr'>Ennium</span> <span class='ocrx_word' id='word_1_274' title='bbox 903 2542 1082 2593; x_wconf 87' lang='lat' dir='ltr'>propter</span> <span class='ocrx_word' id='word_1_275' title='bbox 1112 2539 1334 2581; x_wconf 86' lang='lat' dir='ltr'>trimetros</span> <span class='ocrx_word' id='word_1_276' title='bbox 1368 2538 1638 2580; x_wconf 89' lang='lat' dir='ltr'>abundantes</span> 
     </span>
     <span class='ocr_line' id='line_1_35' title="bbox 129 2605 1638 2661; baseline 0 -13"><span class='ocrx_word' id='word_1_277' title='bbox 129 2605 330 2660; x_wconf 85' lang='lat' dir='ltr'>spondeis</span> <span class='ocrx_word' id='word_1_278' title='bbox 359 2608 456 2661; x_wconf 88' lang='lat' dir='ltr'>pari</span> <span class='ocrx_word' id='word_1_279' title='bbox 487 2607 582 2658; x_wconf 87' lang='grc'>1000</span> <span class='ocrx_word' id='word_1_280' title='bbox 622 2607 774 2661; x_wconf 86' lang='lat' dir='ltr'>positis</span> <span class='ocrx_word' id='word_1_281' title='bbox 818 2610 894 2648; x_wconf 78' lang='lat' dir='ltr'>aut</span> <span class='ocrx_word' id='word_1_282' title='bbox 931 2607 1228 2661; x_wconf 87' lang='lat' dir='ltr'>neglegentiae</span> <span class='ocrx_word' id='word_1_283' title='bbox 1261 2611 1336 2648; x_wconf 90' lang='lat' dir='ltr'>aut</span> <span class='ocrx_word' id='word_1_284' title='bbox 1368 2607 1638 2660; x_wconf 88' lang='lat' dir='ltr'>ignorantiae</span> 
     </span>
     <span class='ocr_line' id='line_1_36' title="bbox 128 2675 1638 2729; baseline 0.001 -13"><span class='ocrx_word' id='word_1_285' title='bbox 128 2675 246 2729; x_wconf 87' lang='lat' dir='ltr'>turpi</span> <span class='ocrx_word' id='word_1_286' title='bbox 282 2676 419 2729; x_wconf 89' lang='lat' dir='ltr'>premi</span> <span class='ocrx_word' id='word_1_287' title='bbox 461 2676 648 2717; x_wconf 90' lang='lat' dir='ltr'>crimine.</span> <span class='ocrx_word' id='word_1_288' title='bbox 711 2676 805 2729; x_wconf 85' lang='lat' dir='ltr'>quis</span> <span class='ocrx_word' id='word_1_289' title='bbox 839 2676 948 2717; x_wconf 88' lang='lat' dir='ltr'>enim</span> <span class='ocrx_word' id='word_1_290' title='bbox 982 2676 1129 2717; x_wconf 82' lang='lat' dir='ltr'>credet</span> <span class='ocrx_word' id='word_1_291' title='bbox 1156 2680 1246 2717; x_wconf 93' lang='lat' dir='ltr'>tam</span> <span class='ocrx_word' id='word_1_292' title='bbox 1277 2676 1555 2717; x_wconf 88' lang='lat' dir='ltr'>inclementer</span> <span class='ocrx_word' id='word_1_293' title='bbox 1587 2675 1638 2717; x_wconf 90' lang='lat' dir='ltr'>de</span> 
     </span>
     <span class='ocr_line' id='line_1_37' title="bbox 129 2743 1639 2795; baseline 0.001 -11"><span class='ocrx_word' id='word_1_294' title='bbox 129 2743 211 2784; x_wconf 87' lang='lat' dir='ltr'>hac</span> <span class='ocrx_word' id='word_1_295' title='bbox 242 2757 289 2785; x_wconf 89' lang='lat' dir='ltr'>re</span> <span class='ocrx_word' id='word_1_296' title='bbox 318 2743 606 2786; x_wconf 84' lang='lat' dir='ltr'>iudicaturum</span> <span class='ocrx_word' id='word_1_297' title='bbox 652 2743 782 2786; x_wconf 88' lang='lat' dir='ltr'>fuisse</span> <span class='ocrx_word' id='word_1_298' title='bbox 824 2744 968 2795; x_wconf 83' lang='lat' dir='ltr'>illum,</span> <span class='ocrx_word' id='word_1_299' title='bbox 1010 2746 1045 2786; x_wconf 90' lang='lat' dir='ltr'>si</span> <span class='ocrx_word' id='word_1_300' title='bbox 1086 2745 1213 2786; x_wconf 89' lang='lat' dir='ltr'>amici</span> <span class='ocrx_word' id='word_1_301' title='bbox 1259 2745 1348 2785; x_wconf 90' lang='lat' dir='ltr'>eius</span> <span class='ocrx_word' id='word_1_302' title='bbox 1389 2744 1560 2786; x_wconf 90' lang='lat' dir='ltr'>Asinius</span> <span class='ocrx_word' id='word_1_303' title='bbox 1597 2748 1639 2785; x_wconf 92' lang='lat' dir='ltr'>et</span> 
     </span>
     <span class='ocr_line' id='line_1_38' title="bbox 130 2812 1638 2867; baseline 0.001 -15"><span class='ocrx_word' id='word_1_304' title='bbox 130 2812 300 2863; x_wconf 87' lang='lat' dir='ltr'>Varius,</span> <span class='ocrx_word' id='word_1_305' title='bbox 330 2812 557 2855; x_wconf 90' lang='lat' dir='ltr'>tersissimi</span> <span class='ocrx_word' id='word_1_306' title='bbox 586 2816 753 2866; x_wconf 87' lang='lat' dir='ltr'>poetae,</span> <span class='ocrx_word' id='word_1_307' title='bbox 780 2812 897 2854; x_wconf 90' lang='lat' dir='ltr'>idem</span> <span class='ocrx_word' id='word_1_308' title='bbox 920 2827 1014 2855; x_wconf 90' lang='lat' dir='ltr'>cum</span> <span class='ocrx_word' id='word_1_309' title='bbox 1035 2813 1173 2855; x_wconf 86' lang='lat' dir='ltr'>Ennio</span> <span class='ocrx_word' id='word_1_310' title='bbox 1196 2813 1413 2866; x_wconf 87' lang='lat' dir='ltr'>Accioque</span> <span class='ocrx_word' id='word_1_311' title='bbox 1435 2813 1638 2867; x_wconf 87' lang='lat' dir='ltr'>sumpsis-</span> 
     </span>
     <span class='ocr_line' id='line_1_39' title="bbox 130 2879 1637 2935; baseline 0.001 -14"><span class='ocrx_word' id='word_1_312' title='bbox 130 2883 226 2921; x_wconf 88' lang='lat' dir='ltr'>sent</span> <span class='ocrx_word' id='word_1_313' title='bbox 258 2879 340 2922; x_wconf 90' lang='lat' dir='ltr'>sibi</span> <span class='ocrx_word' id='word_1_314' title='bbox 371 2880 602 2922; x_wconf 82' lang='lat' dir='ltr'>licentiae‘?</span> <span class='ocrx_word' id='word_1_315' title='bbox 661 2882 790 2923; x_wconf 90' lang='lat' dir='ltr'>immo</span> <span class='ocrx_word' id='word_1_316' title='bbox 822 2882 1044 2923; x_wconf 89' lang='lat' dir='ltr'>notissimo</span> <span class='ocrx_word' id='word_1_317' title='bbox 1075 2882 1329 2923; x_wconf 81' lang='lat' dir='ltr'>Saturarum</span> <span class='ocrx_word' id='word_1_318' title='bbox 1360 2880 1454 2922; x_wconf 92' lang='lat' dir='ltr'>loco</span> <span class='ocrx_word' id='word_1_319' title='bbox 1490 2881 1539 2935; x_wconf 85' lang='grc'>[1,</span> <span class='ocrx_word' id='word_1_320' title='bbox 1574 2885 1637 2932; x_wconf 85' lang='grc'>10,</span> 
     </span>
     <span class='ocr_line' id='line_1_40' title="bbox 131 2948 1637 3003; baseline 0.001 -14"><span class='ocrx_word' id='word_1_321' title='bbox 131 2948 204 3002; x_wconf 76' lang='lat'>42]</span> <span class='ocrx_word' id='word_1_322' title='bbox 242 2962 395 2990; x_wconf 84' lang='lat' dir='ltr'>novam</span> <span class='ocrx_word' id='word_1_323' title='bbox 429 2950 563 2990; x_wconf 85' lang='lat' dir='ltr'>Asinii</span> <span class='ocrx_word' id='word_1_324' title='bbox 604 2952 739 2991; x_wconf 91' lang='lat' dir='ltr'>artem</span> <span class='ocrx_word' id='word_1_325' title='bbox 785 2950 903 2991; x_wconf 88' lang='lat' dir='ltr'>haud</span> <span class='ocrx_word' id='word_1_326' title='bbox 944 2950 1124 2991; x_wconf 90' lang='lat' dir='ltr'>obscure</span> <span class='ocrx_word' id='word_1_327' title='bbox 1169 2953 1349 3002; x_wconf 87' lang='lat' dir='ltr'>apparet</span> <span class='ocrx_word' id='word_1_328' title='bbox 1394 2949 1637 3003; x_wconf 86' lang='lat' dir='ltr'>significari.</span> 
     </span>
     <span class='ocr_line' id='line_1_41' title="bbox 132 3017 1637 3073; baseline 0.001 -15"><span class='ocrx_word' id='word_1_329' title='bbox 132 3030 394 3071; x_wconf 88' lang='lat' dir='ltr'>quamquam</span> <span class='ocrx_word' id='word_1_330' title='bbox 424 3031 594 3071; x_wconf 85' lang='lat' dir='ltr'>vereor,</span> <span class='ocrx_word' id='word_1_331' title='bbox 632 3032 686 3059; x_wconf 89' lang='lat' dir='ltr'>ne</span> <span class='ocrx_word' id='word_1_332' title='bbox 725 3022 972 3061; x_wconf 88' lang='lat' dir='ltr'>nostrorum</span> <span class='ocrx_word' id='word_1_333' title='bbox 1010 3022 1253 3072; x_wconf 89' lang='lat' dir='ltr'>temporum</span> <span class='ocrx_word' id='word_1_334' title='bbox 1296 3018 1456 3059; x_wconf 90' lang='lat' dir='ltr'>criticis</span> <span class='ocrx_word' id='word_1_335' title='bbox 1486 3017 1637 3073; x_wconf 88' lang='lat' dir='ltr'>pleris-</span> 
     </span>
    </p>
   </div>
  </div>
 </body>
</html>
