1898 3292
744 247 1021 273 PROHOEMIVM.
1583 237 1632 273 21

133 369 260 408 quam
290 354 499 406 integros,
544 351 700 405 quibus
733 349 935 391 subsidiis
968 348 1128 389 criticis
1168 348 1434 399 immunitos,
1474 350 1637 400 quanta

135 436 239 464 cura
265 421 439 463 habitos
471 420 642 461 illorum
670 419 898 472 plerosque
928 416 1174 458 invenerim.

247 489 458 543 Equidem
500 488 536 530 si
575 488 619 528 in
660 486 856 528 omnibus
887 485 1052 526 Latinis
1093 483 1355 525 carminibus
1395 483 1500 536 quid
1529 484 1638 524 anti-

133 558 278 612 quitus
295 557 503 599 traditum
522 559 646 606 esset,
670 554 771 608 quid
789 553 1061 607 neglegentia
1078 553 1144 594 vel
1161 551 1344 594 audacia
1360 551 1638 592 librariorum

134 630 176 668 et
204 626 450 668 criticorum
481 625 709 674 invectum,
742 627 831 664 tam
862 625 979 664 certo
1010 621 1113 662 mihi
1156 624 1391 671 constaret,
1434 634 1562 673 quam
1596 620 1638 660 in

134 695 324 736 Lucretii
348 693 590 746 Catullique
623 696 665 734 et
687 691 846 733 Grattii
878 705 928 732 ac
958 689 1172 731 Iuvenalis
1202 688 1325 730 libris
1357 692 1434 730 aut
1464 688 1638 741 quibus*

134 763 232 804 dam
264 762 371 813 aliis,
402 761 509 802 nihil
538 760 628 802 fere
659 760 816 814 negotii
849 762 943 800 erat
964 762 1165 812 paratum
1193 757 1274 799 nisi
1306 760 1354 798 ut
1382 770 1493 810 quae
1522 760 1639 797 recte

134 831 297 873 habere
330 830 577 871 viderentur
608 829 662 870 ab
695 832 801 879 arte,
834 827 908 869 ubi
939 841 1046 881 opus
1081 830 1206 877 esset,
1236 839 1497 876 enarrarem,
1530 839 1640 878 quae

134 913 212 941 sua
255 899 469 952 elegantia
511 900 724 947 carerent,
776 900 851 938 aut
886 896 1068 937 aliorum
1110 898 1186 936 aut
1223 894 1410 948 propriis
1449 894 1641 935 iuvarem

135 967 403 1009 coniecturis.
465 966 540 1008 sed
589 965 764 1008 hercule
809 979 893 1006 11011
941 970 1029 1006 tam
1074 963 1224 1004 faciles
1265 967 1440 1016 tamque
1486 976 1640 1016 oppor-

134 1041 264 1078 tunae
296 1049 475 1077 evenere
505 1049 586 1076 res.
647 1048 745 1075 nam
779 1047 918 1087 neque
951 1047 1003 1074 ex
1034 1032 1226 1073 classicis
1256 1032 1396 1085 poetis
1435 1031 1478 1071 in
1519 1034 1642 1072 tanta

135 1105 368 1145 editionum
412 1103 536 1157 copia
581 1117 665 1156 quo
708 1116 788 1157 par
829 1106 923 1143 erat
961 1100 1103 1143 studio
1145 1103 1244 1141 sunt
1283 1099 1459 1140 tractati
1497 1113 1642 1140 omnes

137 1177 179 1214 et
210 1172 542 1213 christianorum
575 1171 845 1213 recensiones
886 1169 1001 1211 haud
1030 1182 1196 1223 paucae
1227 1182 1311 1209 non
1342 1167 1642 1217 mediocribus,

135 1241 291 1282 nedum
334 1240 487 1293 amplis
527 1239 800 1281 satisfaciunt
831 1237 1067 1279 desideriis.
1129 1236 1204 1278 sed
1234 1236 1331 1290 plus
1364 1237 1493 1278 etiam
1525 1239 1642 1277 tene-

135 1310 311 1351 brarum
339 1309 486 1363 primis
509 1308 817 1363 dactylicorum
841 1305 1142 1360 progressibus
1165 1308 1259 1346 erat
1286 1305 1514 1355 obiectum,
1548 1319 1643 1345 cum

134 1382 313 1432 propter
354 1391 468 1428 eum,
510 1390 594 1430 quo
633 1376 771 1417 habiti
814 1379 914 1417 sunt
951 1389 976 1415 a
1005 1374 1161 1425 doctis,
1200 1377 1512 1427 contemptum,
1553 1376 1643 1414 tum

136 1450 314 1500 propter
345 1445 453 1486 alias
486 1458 639 1486 causas
671 1448 739 1485 sat
770 1447 954 1498 apertas.
1016 1457 1100 1483 11011
1142 1442 1253 1483 0111111
1294 1442 1338 1482 111
1369 1441 1497 1482 aliam
1529 1441 1643 1482 litte-

136 1529 281 1556 rarum
313 1514 566 1555 Latinarum
597 1516 765 1567 partem
797 1512 1012 1553 crudelius
1044 1511 1218 1552 fortuna
1256 1510 1419 1552 saeviit.
1481 1509 1645 1551 scilicet

138 1597 265 1637 quam
297 1582 424 1623 facile
458 1582 636 1623 dimidia
667 1581 809 1622 Plauti
841 1584 883 1622 et
913 1580 1102 1621 Terentii
1139 1582 1263 1633 parte
1305 1592 1568 1628 careremus,
1610 1579 1644 1619 si

137 1653 260 1694 binos
291 1651 416 1691 Ennii
447 1650 686 1703 Luciliique
721 1664 772 1690 ac
805 1649 1009 1690 Varronis
1040 1648 1174 1689 libros
1206 1647 1368 1689 habere
1399 1647 1550 1688 liceret
1581 1647 1643 1687 in-

137 1725 293 1773 tegros.
355 1719 458 1772 quid
489 1719 524 1760 si
554 1718 699 1759 Laevii
728 1718 1020 1772 polymetros‘?
1063 1716 1139 1758 sed
1170 1716 1372 1769 quoniam
1404 1715 1529 1756 aliter
1561 1714 1644 1755 for-

137 1794 267 1831 tunae
303 1789 456 1839 visum,
505 1801 581 1828 nos
631 1787 754 1840 quasi
797 1800 819 1828 e
862 1785 1089 1838 naufragio
1136 1785 1294 1826 eiectos
1343 1787 1418 1825 aut
1464 1786 1642 1824 vexatos

137 1857 335 1898 incendio
365 1870 415 1897 eo
443 1856 580 1909 magis
624 1869 776 1896 curare
819 1854 1020 1904 addecet,
1059 1868 1111 1894 ne
1156 1853 1340 1894 audacia
1380 1865 1430 1893 ac
1470 1852 1645 1892 levitate

139 1927 247 1967 haec
276 1925 383 1979 ipsa,
417 1938 527 1978 quae
560 1927 746 1965 aetatem
779 1923 989 1973 tulerunt,
1021 1922 1164 1963 intuta
1195 1925 1326 1974 atque
1357 1920 1515 1961 infesta
1550 1920 1644 1961 red-

140 1994 311 2044 damus,
361 2007 412 2034 ea
455 1992 618 2034 scilicet
660 1992 946 2039 enucleaturi,
998 2004 1108 2043 quae
1153 1989 1347 2030 evolvere
1392 1989 1478 2029 iam
1524 2002 1646 2029 nemo

140 2062 288 2116 possit,
319 2064 395 2102 aut
425 2060 511 2102 illis
544 2060 723 2102 affusuri
754 2060 913 2111 lucem,
947 2073 1057 2112 quae
1087 2058 1245 2100 iniuria
1276 2061 1518 2111 temporum
1549 2071 1647 2110 per-

139 2133 315 2184 petuam
344 2134 518 2171 traxere
550 2129 787 2182 caliginem.

253 2199 406 2251 Itaque
436 2198 521 2238 iam
552 2201 601 2238 ut
622 2199 844 2251 appareat,
877 2209 961 2249 quo
984 2209 1050 2236 me
1073 2194 1199 2236 modo
1223 2194 1427 2247 gesserim
1449 2194 1491 2234 111
1514 2193 1648 2244 libris,

142 2280 324 2320 quorum
366 2270 443 2307 aut
488 2266 709 2320 paucitate
754 2265 1094 2318 fragmentorum
1145 2266 1221 2304 aut
1269 2262 1648 2315 grammaticorum

141 2334 309 2376 incuria
340 2348 411 2375 ars
443 2338 557 2376 esset
588 2334 790 2384 obscura,
833 2332 885 2374 de
917 2331 1237 2382 nonnullorum,
1270 2331 1441 2384 qualem
1468 2344 1547 2383 ego
1579 2329 1649 2370 de-

141 2403 311 2457 prendi,
354 2407 471 2444 statu
501 2402 606 2443 mihi
640 2402 723 2443 erit
756 2400 1065 2442 disserendum.
1127 2399 1254 2441 simul
1294 2403 1337 2440 et
1368 2399 1420 2440 de
1451 2402 1647 2452 tempore

144 2471 414 2526 quorundam
454 2471 712 2521 carminum,
765 2484 860 2510 011111
903 2483 987 2510 11011
1034 2469 1280 2510 convenerit
1326 2468 1438 2508 inter
1489 2467 1649 2516 doctos,

143 2540 383 2581 rationibus
414 2539 684 2593 potissimum
714 2538 904 2580 metricis
935 2537 1149 2579 adductus
1181 2536 1284 2589 quid
1315 2539 1523 2586 statuam,
1554 2534 1650 2575 bre-

144 2609 252 2649 viter
283 2607 525 2649 declarabo.

260 2676 344 2717 Sed
382 2676 433 2717 de
464 2676 590 2716 Ennii
622 2675 860 2728 Luciliique
892 2677 934 2715 et
961 2673 1167 2715 Varronis
1205 2673 1416 2714 librorum
1458 2671 1651 2724 reliquiis

146 2744 256 2785 male
295 2744 455 2785 habitis
499 2758 594 2784 cum
639 2742 776 2784 multa
826 2741 1131 2796 prompsissem
1173 2742 1216 2781 in
1264 2740 1450 2781 editione
1494 2740 1651 2793 priore,

147 2812 396 2866 gravissime
427 2826 506 2853 nec
527 2816 670 2853 tamen
691 2811 904 2852 immerito
926 2810 1124 2850 incusata
1150 2808 1366 2851 Gerlachii
1386 2807 1652 2860 Vahlenique

147 2884 190 2921 et
220 2880 373 2921 Kochii
405 2894 456 2921 ac
488 2880 670 2933 Roeperi
704 2878 888 2928 incuria,
931 2892 1043 2919 nunc
1083 2892 1135 2918 ne
1172 2878 1328 2918 iterum
1357 2889 1482 2929 agam
1519 2876 1650 2917 otium

148 2948 312 2989 faciunt
359 2948 484 2989 Ennii
530 2962 581 2989 ac
619 2947 771 2988 Lucilii
814 2946 1027 2999 Noniique
1068 2945 1356 2996 recensiones,
1403 2944 1559 2997 quibus
1611 2948 1653 2985 et
