1898 3292
239 241 322 278 230
842 248 961 272 LIBER
981 247 1154 272 TERTIVS.

239 355 336 405 post
366 354 594 403 utramque
624 350 674 390 fit
705 349 942 403 dipodiam,
986 354 1034 390 ut
1072 364 1158 402 qua
1200 349 1382 391 dimetro
1425 349 1610 390 iambico
1650 363 1749 402 pro-

238 419 434 460 veniente
471 418 621 460 divisio
659 422 775 459 certe
816 417 1039 473 ἔνρυθμος
1071 417 1238 459 evadat.
1298 417 1425 458 huius
1459 430 1561 470 ergo
1591 430 1750 470 genera

240 502 334 528 cum
377 487 572 540 proxime
618 490 858 527 memorata
905 486 1053 527 eadem
1100 485 1191 527 fere
1230 486 1404 527 fuerunt
1444 485 1749 538 infrequentia,

240 570 326 609 qua
357 556 399 596 in
432 554 645 609 dactylico
677 560 814 595 metro
850 556 980 596 tertia
1010 555 1244 597 trochaica.
1305 554 1389 595 iam
1422 553 1750 608 penthemimeri

241 628 284 666 et
329 623 689 677 hephthemimeri
736 623 836 664 solis
883 624 948 664 usi
994 623 1210 673 Catullus,
1253 623 1481 672 Horatius,
1524 621 1750 675 Vergilius,

241 695 441 733 auctores
479 691 779 745 Priapeorum,
812 691 1002 742 Persius,
1035 692 1216 742 Seneca,
1248 690 1479 741 Martialis,
1512 690 1750 740 Petronius,

241 760 502 810 Martianus,
535 759 758 810 Sidonius,
791 759 1019 810 Boethius,
1052 760 1286 809 Luxorius,
1327 759 1587 800 Prudentius
1628 763 1752 799 extra

241 828 438 882 epyllion.
510 841 609 868 nam
655 828 767 881 quod
810 828 853 868 in
895 827 1006 869 libro
1045 827 1155 871 κατὰ
1189 827 1370 880 λεπτόν,
1413 842 1538 880 quem
1583 830 1753 868 constat

241 897 430 950 graviter
462 895 695 937 admodum
727 895 942 947 affectum,
974 896 1113 938 fertur
1145 910 1352 955 caesurae
1385 897 1549 950 pariter
1581 895 1753 937 defectu

241 969 284 1006 et
317 978 594 1006 numerorum
624 964 963 1006 inconcinnitate
995 965 1314 1019 aspernandum
1345 966 1402 1019 [5,
1435 965 1532 1020 25]:

596 1047 695 1078 stant
721 1045 758 1078 in
783 1045 885 1079 vadis
912 1056 1026 1079 caeno
1055 1047 1221 1079 retentae
1248 1044 1408 1088 sordido,

243 1114 342 1154 olim
376 1127 401 1154 a
432 1112 556 1154 nobis
588 1117 800 1155 mutatum
833 1113 918 1154 ita:

597 1204 711 1227 caeno
738 1196 905 1228 retentae
931 1192 1080 1227 sordido
1107 1196 1207 1228 stant
1229 1193 1266 1227 in
1292 1192 1404 1226 vadis.

242 1266 287 1303 at
318 1262 557 1315 migravere
591 1260 656 1302 bis
687 1265 805 1302 terve
837 1266 974 1303 artem
1006 1266 1162 1316 parata
1200 1275 1303 1303 sane
1348 1261 1602 1315 plerumque
1632 1264 1755 1302 venia

242 1345 268 1371 a
314 1330 536 1372 vocabulis
584 1330 863 1385 polysyllabis
911 1330 977 1371 vel
1026 1330 1213 1384 propriis
1263 1344 1339 1371 seu
1383 1330 1561 1371 Graecis
1607 1330 1755 1380 Varro,

243 1399 449 1449 Avienus,
502 1398 807 1449 Terentianus,
861 1399 1094 1450 Ausonius,
1135 1399 1360 1450 Paulinus,
1402 1398 1662 1440 Prudentius
1712 1398 1755 1439 in

242 1467 410 1521 epyllio.
473 1467 697 1519 Varronis,
738 1467 927 1509 auctoris
961 1467 1260 1520 antiquissimi,
1293 1468 1489 1521 exempla
1521 1471 1619 1508 sunt
1648 1467 1756 1508 haec

243 1536 328 1591 [est
367 1535 519 1576 modus
561 1540 661 1577 mat.
699 1540 714 1577 l
749 1536 836 1589 bis3
877 1535 982 1589 glor.
1016 1538 1063 1587 23
1107 1535 1285 1590 Marcip.
1320 1541 1365 1588 ὃς
1409 1533 1510 1587 ὄνος
1540 1534 1675 1591 λύρας
1707 1539 1754 1587 7;

243 1604 466 1658 quinquat.
500 1604 564 1659 7]:

598 1673 682 1707 vino
708 1673 797 1707 nihil
822 1672 1018 1707 iucundius
1044 1673 1235 1717 quisquam
1259 1673 1373 1716 bibit3

597 1729 669 1764 hoc
696 1731 863 1764 continet
888 1730 1084 1774 coagulum
1110 1730 1292 1773 convivia3

598 1787 636 1821 in
659 1787 890 1821 lucubrando
917 1787 1133 1831 olivitasque
1159 1789 1431 1831 consumptast3

599 1844 799 1888 phrenitici
824 1845 1118 1889 septentrionum
1141 1843 1225 1888 filii3

599 1904 640 1935 ut
666 1902 815 1945 mimici,
842 1901 1031 1944 cinaedici,
1059 1901 1257 1945 scenatici;

599 1958 644 1994 de
670 1958 799 1993 fronde
825 1958 997 1993 Bromiae
1022 1959 1275 1993 autumnitatis
1301 1959 1419 1993 uvida.

251 2042 403 2079 contra
424 2053 508 2079 non
530 2039 776 2092 putavimus
799 2038 1036 2090 ferendum,
1070 2039 1185 2093 quod
1216 2038 1375 2093 legitur
1405 2039 1447 2080 in
1475 2043 1624 2081 satura
1646 2054 1757 2093 quae

245 2106 498 2148 inscribitur
531 2105 634 2162 ὅρος
664 2106 799 2162 λύρας
831 2108 917 2162 [3];

597 2199 669 2231 qua
693 2187 869 2222 mobilem
895 2187 1018 2221 divum
1042 2187 1159 2233 lyram
1187 2188 1241 2222 sol
1265 2188 1460 2232 hermoge3

245 2255 322 2297 sed'
353 2255 612 2297 mutavimus
643 2256 729 2297 ita:

599 2335 722 2369 divum
746 2336 862 2380 lyram
891 2348 963 2380 qua
988 2336 1163 2370 mobilem
1191 2336 1245 2370 sol
1269 2336 1458 2381 harmoge.

245 2403 401 2445 similia
432 2403 692 2445 Prudentius
717 2408 784 2445 ter
817 2405 929 2458 [peri
960 2408 1010 2446 st.
1048 2408 1108 2455 10,
1145 2408 1218 2456 123
1254 2408 1326 2456 173
1359 2405 1482 2460 921]:

599 2483 761 2518 balbutit
787 2486 825 2517 et
849 2484 968 2518 modis
992 2485 1137 2519 laborat
1162 2484 1319 2518 absonis.

599 2544 801 2584 praecepta
826 2540 1001 2575 Messiam
1028 2541 1172 2575 dedisse
1198 2541 1384 2585 apostolis.

600 2597 730 2631 irridet
753 2597 825 2631 hoc
850 2597 1094 2642 Asclepiades
1118 2598 1261 2632 laetior.

247 2677 431 2718 Avienus
462 2691 546 2718 non
588 2676 759 2730 quidem
798 2681 897 2730 post
936 2679 1133 2728 tertium,
1175 2678 1251 2719 sed
1289 2683 1387 2732 post
1428 2678 1660 2720 secundum
1691 2679 1757 2720 vel

246 2749 448 2798 quartum
489 2745 647 2786 incisos
689 2745 877 2786 iambum
920 2760 1068 2786 versus
1109 2746 1242 2788 habet
1284 2750 1379 2788 octo
1421 2748 1514 2802 [353
1549 2750 1621 2799 763
1657 2751 1756 2798 1303

250 2818 349 2865 1553
385 2817 487 2865 18ss3
520 2816 623 2865 2533
657 2816 759 2865 3253
793 2814 905 2868 644]
959 2814 1010 2855 de
1042 2815 1251 2855 Prisciani
1272 2815 1541 2868 praefatione
1562 2815 1756 2856 laudium

244 2882 411 2933 Iustini‚
444 2895 541 2935 qua,
572 2895 834 2935 quamquam
869 2882 992 2923 XXII
1027 2896 1110 2923 non
1141 2883 1238 2936 plus
1269 2883 1402 2924 habet
1434 2898 1602 2933 versus,
1640 2883 1756 2924 haud

244 2964 344 2992 raro
388 2951 603 2993 omittitur
641 2965 841 3002 caesura,
883 2951 972 2992 dixi
1013 2951 1038 2992 l.
1070 2951 1110 2993 II
1149 2952 1193 2992 in
1223 2951 1306 2993 fine
1338 2966 1506 3003 eorum,
1553 2966 1663 3006 quae
1703 2952 1756 2994 de
