1898 3292
242 217 264 253 3
271 216 292 252 ἱ).
301 216 323 253 6
832 222 949 246 LIBER
970 221 1158 253 QVARTVS

243 340 384 374 aurea,
417 329 570 374 aureis,
593 329 725 374 hallei,
750 328 899 376 ferrei,
924 328 1166 376 Ezarycheo,
1190 327 1436 373 Menestheo,
1465 329 1640 375 Orphea,
1679 328 1711 366 T
1709 341 1749 377 y-

241 398 390 445 phoeo,
436 397 647 446 Typhoea,
688 396 917 447 praeterea
954 392 1031 433 XV
1073 392 1278 445 exemplis
1320 396 1548 441 Idomenei,
1591 396 1749 441 Ilionei,

244 466 456 511 Mnesthei,
489 466 625 507 Nerei,
655 464 769 509 Oilei,
799 464 964 511 Orphei,
989 463 1124 508 Penei,
1157 464 1397 509 Promethei,
1431 464 1581 509 Ρνοῑεὶ,
1621 464 1749 502 Terei.

242 544 372 584 porro
413 530 529 584 apud
560 529 759 571 Ovidium
802 528 1019 570 habentur
1053 542 1148 569 cum
1181 528 1359 582 synizesi
1393 528 1564 570 deciens
1598 533 1752 582 quater

244 603 368 647 alveo,
401 612 545 647 aurea,
578 611 717 647 aureo,
751 611 918 645 aureae,
961 598 1192 645 Cenchreis,
1222 599 1396 647 Orpheo,
1420 600 1584 645 Perseo,
1613 600 1750 646 Tereo,

248 670 282 708 T
281 671 423 716 leeseo,
460 670 671 719 Typhoea,
704 669 833 718 atque
866 665 1033 706 sexiens
1065 669 1200 713 Atrei,
1234 668 1367 713 Nelei,
1400 669 1562 713 Persei,
1596 669 1751 711 leesezss

255 738 396 776 Vlixei.
457 735 559 776 item
603 734 854 788 Propertius
901 733 1134 774 contractis
1180 732 1400 774 vocalibus
1446 738 1600 786 quater
1645 734 1754 774 dixit·

245 807 424 854 Enipeo,
466 807 619 852 Nereo,
665 806 901 844 Prometheo
949 806 991 843 et
1043 802 1299 856 quinquiens
1352 804 1554 852 Capanei,
1597 806 1752 851 Persei,

244 876 402 920 Phinei,
435 875 676 913 Promethei.
739 874 785 912 at
815 870 1010 912 Tibullus
1042 870 1172 912 semel
1204 870 1273 924 [IL
1309 874 1342 919 1,
1375 870 1471 924 49]:

519 957 603 979 rure
628 945 718 979 levis
743 956 856 979 verno
881 944 991 978 flores
1018 945 1096 989 apis
1121 944 1258 988 ingerit
1283 944 1396 978 alveo.

245 1010 331 1050 iam
377 1009 694 1062 insequentium
741 1011 983 1061 temporum
1029 1011 1229 1048 auctores
1269 1011 1436 1048 tantum
1480 1022 1563 1048 non
1608 1022 1754 1049 omnes

244 1081 420 1132 praet-er
450 1077 624 1118 nomina
654 1076 832 1130 propria
864 1076 1157 1131 synhaeresim
1186 1076 1334 1125 istam,
1373 1090 1458 1129 qua
1488 1075 1605 1117 haud
1640 1077 1754 1129 quis-

245 1161 373 1200 quam
409 1160 459 1186 ex
488 1145 571 1186 illis
604 1145 852 1198 frequenter
894 1159 1017 1195 usus,
1061 1145 1294 1185 consistere
1325 1144 1497 1185 voluere
1526 1145 1569 1185 in
1601 1145 1754 1195 verbis,

245 1229 357 1268 quae
379 1218 478 1255 sunt
508 1218 657 1262 alveus,
691 1216 860 1263 balteus,
893 1227 1058 1262 aurem,
1090 1217 1138 1254 ut
1170 1218 1211 1254 et
1234 1213 1434 1254 Heinsius
1456 1212 1587 1254 fuerit
1609 1213 1754 1265 falsus,

246 1283 318 1337 qui
361 1282 464 1324 Silio
506 1282 661 1324 tribuit
703 1282 835 1337 [XHL
868 1282 968 1336 252]
1013 1280 1173 1323 ‘obnixe'
1213 1285 1445 1333 intorquent
1477 1285 1599 1323 obicis
1629 1287 1755 1323 muni-

244 1356 354 1393 mina
393 1348 588 1402 ferreae'
639 1351 713 1406 [ad
745 1350 818 1392 Ov.
852 1355 949 1391 niet.
983 1351 1080 1400 VII,
1115 1351 1239 1404 223],
1287 1354 1329 1391 et
1373 1351 1507 1404 inepti
1554 1351 1639 1392 sint
1684 1353 1757 1404 qui

246 1421 385 1462 Statio
408 1419 662 1461 adscribunt
680 1419 787 1474 [silv.
802 1420 855 1470 V,
873 1423 908 1470 3,
931 1420 1027 1473 183]
1051 1433 1136 1460 11011
1157 1433 1285 1460 11113111
1310 1419 1480 1472 quidem
1505 1419 1558 1460 ob
1582 1434 1756 1460 causam

245 1489 401 1531 falsum
441 1487 529 1530 ‘cuz'
559 1492 731 1540 Phrygii
762 1493 884 1530 lanea
915 1485 994 1529 θεῖ’
1032 1502 1111 1541 pro
1135 1502 1184 1529 eo
1207 1488 1322 1541 quod
1345 1492 1409 1529 est
1431 1503 1578 1529 verum
1617 1487 1757 1529 ‘lanea

246 1561 312 1599 cui
350 1555 599 1610 Phryqiz'st'.
672 1556 747 1598 sed
791 1560 1082 1598 extremorum
1126 1560 1368 1610 temporum
1409 1557 1577 1610 locique
1618 1557 1758 1598 ultimi

248 1630 448 1667 auctores
493 1630 541 1667 ut
586 1626 871 1667 Dracontium
917 1624 984 1667 vel
1030 1625 1264 1679 Corippum
1308 1639 1391 1666 non
1437 1625 1596 1679 ubique
1641 1640 1755 1666 curo.

247 1695 380 1736 veluti
423 1694 539 1748 apud
579 1694 693 1736 1111110
737 1694 867 1749 [laud.
900 1694 1002 1736 Iust.
1034 1694 1113 1745 III,
1150 1694 1250 1748 242]
1297 1694 1455 1747 legitur
1500 1693 1754 1748 disyllabum

247 1768 426 1804 lanceas.

363 1831 544 1873 Omnino
585 1834 729 1872 autem
772 1831 1075 1872 abstinuerunt
1103 1830 1243 1884 figura
1273 1830 1356 1871 hac
1385 1829 1602 1881 Manilius,
1635 1831 1756 1872 Colu-

247 1900 392 1951 mella,
436 1900 653 1951 Lucanus,
700 1903 900 1941 auctores
941 1899 1241 1953 Priapeorum,
1282 1899 1474 1950 Persius,
1518 1899 1756 1951 Petronius,

247 1970 427 2019 Seneca,
470 1968 745 2022 Calpurnius,
789 1968 992 2009 laudator
1028 1968 1215 2018 Pisonis,
1257 1967 1493 2018 Martialis,
1532 1968 1757 2020 Iuvenalis,

248 2037 567 2086 Sammonicus,
615 2036 921 2088 Namatianus,
969 2036 1212 2086 Palladius,
1259 2036 1559 2091 Symphosius,
1601 2035 1758 2078 Teren-

247 2107 408 2157 tianus,
451 2105 676 2156 Boethius,
717 2105 994 2156 Prudentius,
1042 2105 1300 2156 Martianus,
1342 2106 1512 2146 Arator.
1563 2129 1618 2134 —
1667 2110 1757 2146 tum

248 2174 364 2228 apud
394 2174 699 2215 Nemesianum
733 2175 841 2229 [cyn.
876 2175 976 2228 272]
1008 2173 1142 2215 habes
1175 2173 1432 2228 disyllabum
1463 2177 1606 2222 Nerei,
1644 2173 1759 2227 apud

249 2242 470 2285 Sedulium
520 2244 572 2297 [c.
604 2257 644 2296 p.
676 2242 758 2293 ΙΙΙ,
790 2243 890 2296 316]
932 2246 1073 2291 aurei,
1120 2242 1234 2296 apud
1278 2242 1512 2283 Homerum
1556 2243 1757 2283 Latinum

250 2312 373 2366 [7743
407 2311 505 2365 630]
546 2314 753 2352 Idomenei
795 2315 837 2352 et
874 2314 1064 2360 balteum,
1105 2311 1288 2364 denique
1330 2310 1446 2364 apud
1476 2310 1758 2352 Claudianum

249 2380 334 2434 [40,
367 2382 441 2430 33,
475 2382 540 2429 26,
574 2380 646 2434 63]
686 2382 851 2430 Orphei,
889 2382 1086 2431 Typhoeo.
1147 2392 1277 2433 porro
1309 2379 1507 2420 Valerius
1539 2392 1635 2420 cum
1663 2393 1758 2433 syn-

248 2447 420 2488 haeresi
450 2448 596 2500 posuit
627 2447 833 2501 exemplis
866 2451 1073 2501 quattuor
1105 2447 1192 2502 [IV,
1216 2450 1316 2499 425,
1348 2447 1397 2498 V,
1433 2450 1533 2498 128,
1565 2447 1620 2488 ib.
1657 2451 1757 2499 1553

249 2515 318 2565 VI,
352 2516 424 2570 71]
466 2519 629 2565 Phinei,
661 2520 910 2564 Promethei,
945 2519 1103 2564 aureis,
1146 2519 1191 2556 at
1222 2515 1350 2556 Silius
1383 2519 1479 2556 octo
1524 2515 1622 2570 [III,
1653 2519 1757 2568 450,

247 2583 317 2633 IV,
352 2587 454 2635 6043
500 2584 579 2634 IX,
615 2587 717 2636 1883
764 2583 875 2634 XIV,
909 2587 1012 2636 428,
1057 2587 1156 2635 229,
1204 2583 1320 2634 VIII,
1361 2587 1464 2635 5423
1509 2583 1620 2633 XIV,
1656 2587 1756 2635 196,

251 2652 349 2706 143]
383 2656 508 2701 alveo,
540 2655 656 2701 alvei,
698 2655 896 2704 Typhoea,
930 2655 1129 2704 Typhoeo,
1166 2654 1392 2703 Caphereo,
1425 2651 1540 2705 apud
1572 2651 1756 2692 Statium

247 2720 449 2772 leguntur
481 2720 557 2775 [th.
590 2720 638 2770 V,
670 2724 714 2771 1,
746 2720 818 2770 ΙΧ,
850 2723 953 2771 225,
985 2720 1053 2771 VI,
1078 2724 1179 2771 706,
1212 2720 1259 2770 V,
1282 2724 1358 2771 49,
1388 2720 1461 2769 ΙΙΙ,
1484 2722 1556 2774 84]
1590 2724 1756 2768 alveum,

249 2793 374 2837 alveo,
407 2792 644 2837 Menesthei,
677 2791 822 2836 Nereo,
859 2791 1005 2840 Tydeo.
1059 2803 1143 2829 non
1176 2788 1281 2829 satis
1313 2791 1483 2829 constat
1509 2789 1622 2829 inter
1658 2787 1757 2829 doc-

248 2864 328 2907 tos,
358 2870 412 2897 an
445 2860 569 2897 alveis
600 2855 895 2910 reponendum
927 2857 982 2897 sit
1003 2857 1118 2910 apud
1149 2856 1330 2897 eundem
1364 2856 1496 2897 Theb.
1526 2856 1636 2906 VIII,
1662 2860 1755 2906 360,

247 2924 323 2966 ubi
355 2924 526 2966 defendi
555 2928 715 2980 potest,
756 2924 800 2965 id
833 2924 948 2979 quod
978 2924 1123 2978 plures
1154 2925 1255 2966 libri
1287 2924 1506 2975 exhibent,
1538 2929 1659 2967 areis.
1702 2949 1757 2955 —-
