1898 3292
249 205 330 242 224
840 209 959 234 LIBER
978 208 1152 233 TERTIVS.

246 314 497 364 LXXXVII,
526 314 570 354 in
600 313 744 367 priore
767 312 955 353 carmine
977 311 1043 352 bis
1065 311 1186 364 ponit
1208 310 1343 352 solam
1364 309 1753 363 hephthemimerin

249 399 344 426 cum
374 382 676 424 trithemimeri
706 382 771 436 [8,
810 381 879 435 14]
953 385 1042 420 tum
1083 380 1156 432 qui
1197 379 1423 432 epistulam
1457 378 1593 419 Didus
1624 378 1754 418 hexa-

247 452 396 493 metris
428 450 669 504 composuit
699 449 829 491 semel
861 449 995 489 habet
1023 447 1274 488 divisionem
1304 446 1571 487 trochaicam
1602 450 1645 487 et
1665 447 1756 500 ipse

247 521 340 576 [50]
384 519 493 571 ‘leffe
538 522 628 570 poli
670 525 962 569 peraqzmlque
1007 519 1201 557 micantia
1246 519 1388 556 sidera
1435 513 1619 556 carsus'.
1691 515 1758 555 cui

247 590 365 630 vides
398 592 497 630 ante
530 587 675 628 oculos
707 587 839 628 fuisse
873 585 1166 639 Vergilianum
1196 583 1302 624 illud
1337 584 1447 637 [aen.
1476 583 1545 634 IV,
1578 583 1673 637 81]:

500 667 586 701 luna
611 667 746 710 premit
773 665 1000 708 suadentque
1030 665 1198 698 cadentia
1225 664 1344 698 sidera
1372 675 1530 697 somnos.

248 751 386 791 neque
427 740 554 790 egent
593 735 871 776 excusatione
909 748 1015 787 quos
1050 735 1207 774 Arator
1236 733 1289 774 ab
1322 732 1497 785 regulae
1530 732 1759 773 severitate

247 806 393 860 posuit
432 805 623 845 diversos
655 817 803 844 versus
846 803 1052 856 quinque,
1095 815 1201 854 quos
1245 804 1287 842 et
1326 801 1443 854 ipsos
1486 801 1758 851 enumerabo,

247 878 296 916 ut
325 873 498 915 tandem
532 876 761 926 appareat,
795 876 993 913 auctores
1026 870 1267 920 christiani,
1307 883 1413 922 quos
1447 870 1573 922 vulgo
1605 874 1760 923 putant

249 956 455 984 caesurae
496 942 562 982 vel
603 942 788 982 maxime
836 939 1103 981 necessarias
1147 938 1264 992 leges
1298 952 1466 992 ‘parum
1518 939 1759 988 observare,

249 1026 378 1066 quam
409 1011 569 1053 fuerint
590 1011 656 1051 vel
688 1009 959 1063 suptiliorum
992 1012 1034 1049 et
1065 1022 1089 1048 a
1122 1021 1187 1048 1110
1219 1008 1357 1061 primo
1381 1007 1759 1061 comprobatarum

248 1086 434 1122 tenaces.
494 1080 627 1133 igitur
659 1078 774 1132 quod
807 1078 922 1132 apud
953 1077 1066 1119 hunc
1096 1077 1254 1130 legitur
1286 1076 1335 1131 [L
1370 1077 1490 1131 123]:

1006 1170 1079 1192 non
1104 1157 1228 1191 littera
1254 1157 1369 1201 gessit

616 1216 794 1259 officium,
821 1228 893 1250 non
922 1216 1061 1260 ingenii
1086 1215 1237 1249 stillavit
1261 1215 1306 1248 ab
1333 1225 1395 1247 ore

614 1285 716 1317 Vena,

249 1349 433 1386 metrum
476 1344 660 1385 medium
706 1343 760 1384 ab
806 1343 1013 1384 orationis
1058 1341 1344 1383 concitatione
1387 1344 1430 1381 et
1465 1340 1650 1393 repetito
1689 1338 1762 1380 illo

250 1429 328 1455 nonv
361 1413 529 1467 accepit
561 1413 894 1454 excusationem.
958 1410 1111 1452 deinde
1156 1409 1271 1463 quod
1321 1409 1424 1450 alibi
1467 1412 1587 1450 extat
1625 1408 1762 1449 s‘mile

250 1484 304 1538 [1,
344 1483 443 1537 744]
497 1481 675 1532 ‘semper
718 1484 833 1522 inest.
905 1483 1016 1521 iuvat
1056 1482 1266 1520 ecclesiam
1312 1481 1565 1529 baptismalis
1610 1481 1722 1518 unda
1739 1476 1762 1525 ⁷,

250 1555 483 1593 excusatur
513 1551 683 1591 nomine
717 1550 898 1591 Graeco.
959 1549 1061 1589 item
1094 1547 1218 1588 venia
1255 1550 1455 1601 paratast
1491 1545 1630 1586 tribus
1669 1545 1763 1586 aliis

251 1620 457 1674 exemplis
489 1620 538 1674 [1,
571 1622 675 1671 831;
710 1622 838 1669 10043
870 1618 922 1668 II,
955 1617 1077 1671 834}

502 1722 611 1755 surge
639 1710 807 1745 Tabitha.
856 1712 988 1743 vocata
1015 1708 1110 1742 redit
1135 1707 1282 1751 lucique
1308 1706 1472 1741 reducta.

505 1767 771 1802 Venatorumst
797 1767 898 1801 dicta
923 1766 1062 1809 domus,
1090 1766 1174 1810 quia
1198 1776 1306 1799 verus
1333 1765 1377 1799 ab
1404 1764 1466 1797 illa

503 1825 680 1861 ecclesiae
706 1828 860 1858 venator
885 1824 999 1858 adest.

503 1884 650 1928 agmina
675 1881 923 1926 Iudaicosque
950 1881 1017 1915 tuli
1044 1881 1120 1914 sine
1146 1879 1217 1913 fine
1242 1879 1395 1913 furores.

251 1965 410 2007 similes
451 1964 550 2005 huic
591 1967 634 2005 et
672 1977 799 2017 pares
842 1961 1056 2003 Martialis
1099 1974 1150 2001 ac
1182 1960 1420 2001 Petronius.
1482 1971 1620 2010 neque
1663 1971 1763 1999 vero

253 2033 540 2075 Maximianus
573 2036 615 2073 et
646 2032 859 2073 Luxorius
891 2030 1006 2084 quod
1036 2029 1149 2070 binis
1180 2029 1286 2069 locis
1328 2027 1382 2068 ab
1424 2026 1552 2068 solita
1597 2026 1763 2068 ratione

251 2103 371 2144 fuere
411 2101 538 2143 alieni
580 2115 730 2142 versus
776 2099 1043 2141 admittendo
1087 2098 1157 2138 hic
1199 2097 1371 2150 quidem
1415 2095 1524 2137 tales
1571 2095 1686 2150 [358,
1722 2095 1764 2149 3]

245 2170 410 2213 ‘Chilon
450 2185 564 2222 quem
598 2173 745 2221 patr-la
784 2172 994 2221 eyreqe'am
1029 2170 1336 2208 Lacedaemona
1376 2161 1503 2206 misit'
1555 2168 1597 2205 et
1635 2177 1764 2217 porro

252 2240 370 2294 [376‚>
398 2239 441 2293 5]
486 2237 566 2280 ‘nil
596 2241 747 2280 Phoebi
777 2241 1021 2288 Asclepique
1060 2232 1207 2282 tenet’,
1254 2238 1299 2275 at
1337 2233 1408 2274 1110
1456 2233 1511 2288 [2,
1545 2236 1589 2285 3;
1624 2235 1659 2282 3,
1693 2232 1765 2286 65]

245 2307 360 2349 ‘hinc
401 2314 460 2348 est
501 2311 611 2358 qaod
651 2310 793 2348 baculo
838 2308 1070 2347 inczmzbens
1102 2307 1268 2344 ruitura
1299 2298 1529 2350 seneclus’;
1578 2300 1766 2342 ‘solvitur

253 2380 293 2417 e'n
328 2380 454 2417 risum
497 2372 772 2424 eoeclamans⁷‚
817 2374 915 2416 ideo
955 2373 1230 2415 severitatem
1272 2371 1379 2412 artis
1422 2370 1626 2411 evertisse
1668 2371 1767 2410 sunt

252 2444 444 2498 putandi.

369 2513 616 2554 Proximum
646 2512 788 2553 locum
819 2511 986 2565 optinet
1017 2510 1318 2559 Namatianus,
1361 2507 1435 2561 qui
1467 2520 1648 2548 caesura
1678 2510 1765 2547 tro—

255 2578 406 2622 chaica
438 2581 530 2622 sola
561 2580 787 2622 distinctos
819 2594 966 2621 versus
999 2591 1251 2631 numquam,
1295 2580 1340 2617 at
1380 2575 1681 2617 trithemimeri
1724 2578 1767 2615 et

255 2649 615 2703 hephthemimeri
661 2649 751 2689 sine
804 2649 960 2689 choreo
1003 2648 1132 2688 tertio
1174 2645 1308 2686 habet
1351 2644 1551 2698 septiens.
1613 2642 1766 2684 deinde

255 2718 514 2768 nominandi,
550 2718 624 2771 qui
652 2717 755 2758 bina
785 2717 893 2758 haec
922 2729 1081 2770 genera
1111 2715 1365 2756 incisionum
1397 2716 1570 2766 praeter
1608 2711 1766 2765 princi-

252 2786 373 2840 pales
404 2790 492 2827 tres
527 2786 656 2827 etiam
698 2785 916 2835 adhibent,
962 2783 1038 2825 sed
1078 2782 1283 2836 exemplis
1328 2782 1537 2836 perraris,
1583 2793 1766 2833 quorum

255 2858 354 2896 sunt
398 2855 441 2895 in
488 2867 667 2895 numero
712 2853 940 2894 Petronius
986 2866 1037 2893 ac
1084 2851 1297 2893 Martialis
1343 2854 1386 2891 et
1420 2849 1596 2891 Ovidius
1643 2851 1767 2889 extra

254 2923 500 2964 halieutica.
548 2937 570 2964 e
593 2922 749 2976 quibus
772 2921 984 2963 Martialis
1007 2920 1271 2962 trochaicam
1296 2919 1612 2960 distinctionem
1637 2917 1768 2957 habet
