1898 3292
725 203 960 229 OPVSCVLVM
978 204 1035 228 m.
1553 196 1627 233 561

129 306 264 347 mavis
315 305 479 359 [achill.
520 305 555 355 I,
597 305 641 359 1]
693 304 1011 356 ‘magnanimum
1046 308 1251 346 Aeaciden
1289 309 1634 356 formidatamque

135 371 345 422 Tonanti',
374 374 417 413 in
452 373 606 427 quibus
638 387 722 414 una
744 373 903 412 vocalis
933 388 955 412 a
988 373 1112 413 nimis
1135 373 1301 426 optinet
1322 374 1433 414 inter
1456 378 1633 414 ceteras.

129 454 207 482 nec
238 441 457 495 eleganter
487 441 674 494 Vergilio
706 441 816 495 [aen.
849 440 921 490 111,
955 441 1054 495 386]
1096 445 1138 481 et
1170 440 1319 481 Ovidio
1357 441 1455 495 [am.
1483 442 1534 491 II,
1571 445 1633 490 15,

134 510 203 564 10]
235 514 394 550 Aeaeae
425 510 645 563 genetivus
677 509 931 559 admittitur,
971 509 1053 550 nisi
1092 508 1206 561 quod
1248 510 1429 550 nominis
1472 510 1634 563 proprii

130 578 387 619 necessitate
429 577 717 619 excusabitur.
777 577 889 618 idem
930 577 1032 617 alibi
1070 591 1198 630 saepe
1231 577 1397 618 aurium
1430 578 1635 619 iudicium

128 645 394 687 finitionibus
427 635 1141 699 grammaticorum'praerancidis,
1175 659 1282 698 quas
1306 646 1502 687 Valerius
1533 647 1636 687 Pro-

130 714 210 756 bus
239 714 343 755 dicit
373 714 488 767 apud
521 714 705 756 Gellium
737 714 870 768 [XIIL
903 717 967 764 21,
1005 714 1061 768 1],
1095 718 1443 768 anteposuerunt.
1506 715 1636 756 veluti

131 783 361 836 Vergilius,
404 797 456 823 ne
498 787 652 835 quater
690 784 732 823 in
773 783 983 824 continuis
1026 782 1200 836 syllabis
1240 783 1399 824 inesset
1431 787 1444 823 ἱ
1479 783 1636 832 littera,

130 851 282 892 maluit
312 851 453 892 dicere
479 856 600 900 finem
629 865 784 903 genere
816 851 1018 891 feminino
1051 851 1111 891 sic
1143 851 1253 905 [aen.
1284 851 1342 901 ΙΙ,
1374 852 1473 905 554]
1518 850 1639 892 ‘haec

125 922 220 969 fim's
254 922 408 960 Priami
441 917 663 970 fatoram'.
728 924 771 960 at
814 919 924 960 iden]
971 919 1073 960 alibi
1117 919 1282 960 diverse
1327 920 1437 976 [aen.
1470 920 1506 970 I,
1537 920 1638 974 241]

124 986 260 1038 ‘quem
294 991 368 1028 clas
408 993 540 1039 finem,
586 1001 665 1028 rear
695 1002 851 1039 meque,
894 985 1112 1029 laboram'.
1175 989 1314 1029 minus
1356 1002 1485 1029 suave
1531 988 1641 1029 foret

133 1070 262 1106 qaam.
296 1081 351 1085 —
383 1057 539 1097 etenim
569 1056 677 1097 haec
705 1056 831 1098 Gellii
862 1056 1106 1097 testimonio
1139 1056 1272 1111 [XIIL
1306 1057 1377 1110 21]
1409 1056 1533 1097 firma
1565 1071 1640 1097 cur

133 1124 401 1177 ambigamus
443 1123 561 1165 nulla
598 1138 774 1177 prorsus
815 1129 880 1166 est
921 1138 1062 1165 causa.
1124 1129 1313 1165 ceterum
1358 1126 1467 1175 soni,
1511 1139 1639 1178 quam

133 1192 389 1246 euphoniam
421 1196 576 1234 vocant
607 1192 780 1243 Graeci,
821 1192 1009 1234 studium
1048 1193 1092 1233 in
1123 1196 1348 1246 poetarum
1382 1193 1640 1234 dictionibus

133 1261 411 1302 aestimandis
444 1275 536 1302 cum
571 1261 643 1302 alii
675 1262 813 1301 minus
846 1265 1127 1314 respexerunt
1164 1266 1271 1311 tum,
1314 1265 1360 1301 ut
1390 1265 1512 1314 puto,
1542 1261 1640 1301 Phi-

131 1329 273 1382 lippus
307 1329 544 1382 Wa-gnerus
585 1329 684 1369 libri
725 1329 776 1369 de
821 1329 1129 1382 orthographia
1170 1329 1407 1381 vergiliana
1444 1329 1548 1370 locis
1581 1330 1641 1370 eis

133 1397 255 1451 [3963
288 1397 403 1451 40l],
434 1397 509 1438 ubi
541 1397 592 1438 de
625 1398 869 1438 accusativo
900 1398 1055 1438 tertiae
1086 1398 1129 1437 in
1162 1401 1195 1437 is
1226 1403 1408 1439 exeunte
1437 1398 1640 1451 disputat.

131 1466 194 1506 ita
224 1465 290 1506 vel
321 1479 346 1506 a
381 1465 538 1506 litteris
579 1465 734 1516 habet,
779 1479 863 1518 quo
907 1465 1147 1518 displiceat,
1192 1466 1306 1518 quod
1338 1466 1556 1507 Bentleius
1598 1467 1641 1506 in

133 1533 302 1574 Horatii
333 1534 495 1574 melicis
526 1534 574 1588 [1,
612 1539 645 1584 l,
677 1538 720 1585 63
752 1534 824 1584 ΙΙΙ,
849 1538 913 1584 24,
936 1534 1009 1588 44]
1042 1535 1214 1587 scripsit
1243 1549 1319 1588 per
1351 1535 1641 1575 coniecturam

126 1600 316 1643 ‘evellere
358 1606 413 1643 acl
453 1600 570 1643 deos'
607 1602 673 1643 vel
717 1601 930 1643 ‘deserere
970 1607 1130 1643 arduae
1149 1603 1172 1643 ³.
1242 1617 1340 1644 nam
1383 1603 1497 1656 quod
1540 1603 1643 1643 alibi

134 1670 189 1724 [1,
223 1674 264 1720 6,
302 1671 370 1724 12]
412 1670 521 1711 dixit
561 1670 674 1711 idem
719 1670 859 1721 “calpa
893 1675 1080 1711 deterere
1110 1670 1285 1721 lnqeni'9
1333 1675 1516 1725 apparet
1559 1686 1643 1712 11011

134 1740 224 1779 sine
256 1738 432 1779 consilio
465 1739 650 1792 quodam
675 1753 846 1780 carmen
869 1739 1040 1789 malum,
1074 1740 1188 1792 quod
1212 1740 1483 1794 deprecatur,
1514 1741 1642 1780 etiam

135 1807 226 1848 soni
267 1806 540 1848 deformitate
582 1807 766 1861 depingi.
827 1821 979 1861 nempe
1020 1807 1138 1848 lusus
1180 1808 1289 1849 tales
1325 1809 1521 1849 inlibris
1553 1810 1642 1849 eius

135 1876 216 1916 etsi
246 1876 432 1916 rariores
459 1880 558 1916 sunt
579 1875 800 1928 aliquanto
824 1890 952 1929 quam
974 1877 1017 1916 in
1040 1876 1217 1929 Vergilii
1240 1877 1476 1930 Ovidiique,
1500 1882 1643 1918 tamen

134 1944 306 1984 minime
348 1948 447 1984 sunt
489 1944 793 1997 infrequentes.
856 1958 906 1985 ac
945 1945 1116 1998 saepius
1159 1945 1331 1998 quidem
1371 1946 1645 1986 inveniuntur

134 2013 178 2053 in
221 2012 389 2053 Saturis
432 2012 742 2066 Epistulisque,
790 2013 864 2054 sed
910 2026 961 2053 ne
1010 2027 1035 2053 a
1080 2014 1233 2054 ceteris
1275 2014 1447 2066 quidem
1488 2014 1645 2054 absunt

136 2081 319 2134 scriptis,
353 2080 469 2122 velut
499 2081 551 2135 [c.
582 2081 660 2132 III,
695 2084 759 2131 13,
794 2081 888 2135 15]:

683 2155 780 2190 unde
807 2155 974 2199 loquaces

526 2212 693 2256 lymphae
721 2212 896 2247 desiliunt
919 2216 1023 2255 tuae;

135 2280 239 2322 item
271 2281 354 2335 [ep.
390 2284 453 2331 16,
486 2281 582 2335 48];

503 2354 591 2388 levis
617 2358 792 2399 crepante
818 2355 968 2399 lympha
995 2354 1118 2389 desilit
1142 2354 1247 2400 pede.

137 2427 380 2464 monstroso
412 2427 555 2465 autem
587 2437 766 2477 prorsus
795 2424 967 2465 invento
999 2439 1102 2465 usus
1123 2425 1306 2465 Iacobus
1337 2425 1491 2466 tribuit
1512 2424 1647 2465 Mani-

136 2491 194 2532 lio
224 2492 267 2532 in
296 2491 380 2533 fine
408 2492 535 2533 metri
567 2492 789 2533 cuiusdam
821 2493 1033 2547 [112478]
1066 2494 1171 2534 talia
1215 2492 1356 2543 ‘atque
1378 2501 1522 2543 quater
1545 2508 1649 2544 qaae

138 2563 262 2610 quina
305 2558 512 2608 notatur-2
561 2574 656 2601 cum
699 2574 778 2602 nec
822 2575 1026 2602 ranarum
1081 2561 1156 2602 ubi
1208 2562 1393 2602 sonitum
1451 2562 1646 2603 imitatur

139 2627 315 2668 Ovidius
346 2628 517 2681 saepius
556 2642 684 2681 quam
727 2633 792 2670 ter
832 2644 883 2680 qa
922 2630 1117 2683 posuerit
1155 2630 1237 2670 hoc
1268 2643 1393 2670 versu
1431 2630 1546 2684 [met.
1581 2630 1648 2680 VI,

141 2696 242 2750 376]
286 2694 485 2746 ‘quamvis
516 2700 597 2736 sim
627 2700 698 2738 sub
734 2712 855 2748 aqua,
898 2701 970 2738 sab
1000 2712 1107 2748 aqua
1139 2701 1383 2738 maledicere
1415 2695 1647 2748 templant’.

139 2764 214 2804 sed
259 2764 416 2805 Iacobo
463 2764 751 2817 ignoscemus,
798 2766 911 2818 quod
958 2766 1063 2806 facit
1110 2769 1369 2819 quaxantem
1415 2765 1647 2815 Manilium,

140 2832 298 2885 quippe
317 2847 441 2885 quem
461 2833 630 2873 0111111110
650 2833 766 2873 ferae
785 2847 911 2886 quam
930 2834 1112 2874 hominis
1131 2834 1368 2874 reddiderit
1389 2834 1647 2875 similiorem.

141 2900 243 2953 quid
276 2901 388 2953 quod
421 2900 492 2941 ille
525 2901 605 2941 sibi
639 2902 853 2955 persuasit
884 2903 1013 2942 boves
1045 2902 1276 2955 aliquando
1308 2904 1350 2942 111
1385 2902 1490 2942 urbe
1514 2903 1649 2942 Roma

207 2979 240 3005 L.
257 2980 446 3011 Muelleri;
470 2981 514 3006 De
533 2989 554 3005 r.
573 2989 609 3005 m.
629 2989 655 3011 p.
676 2981 708 3006 L.
1331 2972 1374 3004 35
