1898 3292
683 219 804 244 LIBER
823 219 1024 245 SEPTIMVS.
1521 212 1601 250 497

212 320 302 362 Nec
331 334 431 363 vero
470 321 522 362 de
560 335 581 362 e
618 321 735 362 finali
767 321 1059 374 cogitandum,
1099 335 1210 374 quae
1239 321 1418 363 subinde
1450 322 1493 363 in
1522 322 1602 363 La-

96 389 196 430 tinis
226 390 442 430 invenitur
471 403 605 442 usque
639 389 691 430 ad
727 390 973 439 Varronem,
1006 390 1136 430 semel
1166 389 1282 430 bisve
1315 394 1357 430 et
1388 394 1493 442 post.

211 458 467 498 Accusativo
499 458 703 498 Ponticon
736 461 887 498 auctor
921 456 1032 512 [720‚
1068 462 1084 499 1
1121 457 1280 498 anthol.
1314 458 1376 498 ed.
1403 458 1463 513 R]
1495 458 1602 498 dixit

96 526 263 567 soloece
311 528 481 577 Tethyn,
523 526 624 566 item
657 525 900 566 Priscianus
944 526 1119 580 [perieg.
1154 526 1265 579 579]
1317 551 1367 556 —-
1415 526 1469 566 ab
1506 526 1600 575 illis,

96 608 206 647 quae
234 597 332 634 sunt
363 607 449 642 aer,
481 597 636 642 aether,
677 594 760 634 orti
804 594 932 634 etiam
972 594 1015 634 in
1046 607 1175 647 prosa
1212 593 1448 634 efferuntur
1480 608 1600 646 grae-

96 663 253 704 canice.
306 666 349 703 et
376 663 439 702 ita
470 662 669 716 dactylici
703 662 800 703 inde
833 661 887 703 ab
921 662 1067 704 Ennio
1120 662 1194 703 sed
1223 662 1436 703 invenitur
1467 677 1600 703 (terent

96 731 209 784 apud
258 730 440 771 Ennium
489 732 589 784 [sat.
623 731 702 784 42]
750 735 791 770 et
835 730 1052 771 Sidonium
1101 730 1299 784 [epithal.
1344 730 1518 771 Poleinii
1560 735 1602 771 et

96 798 333 839 Araneolae
366 798 450 852 88].
509 798 709 851 deinceps
741 799 782 838 in
816 798 1004 839 ablativo
1035 799 1207 838 nomina
1233 799 1298 839 vel
1332 799 1599 840 substantiva

94 866 159 907 vel
190 866 403 907 adiectiva
433 866 646 907 invenitur
673 866 744 906 ubi
781 866 1010 906 adsumant
1049 870 1061 906 a·
1103 865 1292 921 [Laclnn.
1325 867 1378 906 ad
1414 867 1535 907 Lucr.
1571 868 1599 911 Ι,

95 934 206 990 739],
239 938 286 975 ut
315 937 364 975 ab
396 938 541 975 Achille·
573 934 685 987 apud
718 934 914 974 Ovidium
949 948 1012 987 ep.
1047 948 1097 974 ex
1133 935 1171 974 P.
1210 935 1281 978 ΙΙΙ,
1315 938 1350 980 3,
1374 939 1450 985 4ῑ),;
1481 949 1600 975 croco

100 1006 213 1043 Cilici
245 1003 367 1043 Lucr.
391 1002 441 1051 ΙΙ,
464 1006 568 1053 416;
608 1004 721 1043 Cilicn‘
746 1028 793 1031 »-
819 1017 916 1043 arvo
948 1002 1034 1043 Cul.
1059 1007 1154 1043 401.
1203 1008 1428 1057 praeterea
1451 1003 1597 1043 eodem

93 1085 196 1112 casu
228 1071 466 1112 Martianus
507 1071 651 1124 posuit
682 1075 796 1122 chely
826 1071 1038 1124 producta
1076 1086 1100 1122 gs
1137 1071 1160 1111 l.
1195 1071 1252 1111 IX
1287 1071 1400 1125 [91:3,
1435 1070 1487 1126 7]
1551 1086 1600 1111 aa

92 1139 246 1180 similia
277 1139 439 1180 Plinius
470 1142 513 1180 et
545 1139 727 1180 Servius.

208 1207 439 1248 Genetivus
470 1207 650 1260 pluralis
682 1207 847 1248 numeri
874 1207 916 1247 in
950 1222 996 1247 on
1030 1221 1154 1248 rarus
1178 1211 1252 1247 est.
1304 1212 1420 1248 recte
1443 1212 1597 1252 tamem

92 1278 276 1329 utputo,
309 1275 421 1328 apud
445 1275 658 1316 Catullum
692 1276 871 1330 [61248]
906 1275 1018 1316 docti
1059 1278 1273 1326 Chalybon.
1320 1290 1415 1316 nam
1449 1276 1596 1316 eodem

91 1347 283 1397 tempore
302 1344 439 1384 Varro
463 1343 572 1384 dixit
592 1344 634 1383 in
657 1343 1015 1396 hendecasyllabo
1039 1347 1227 1384 „brodon
1255 1343 1596 1400 [I‹]mly1ui0n.s]:

362 1418 416 1451 uti
443 1417 544 1461 (libri
571 1418 625 1460 ut)
650 1416 877 1451 Mercurium
906 1418 1081 1451 Arcadon
1107 1418 1289 1451 colonum.

88 1481 151 1521 ita
191 1484 509 1531 epimanzmalon
550 1480 762 1521 Martialis
808 1480 858 1536 [L
895 1484 928 1529 1,
963 1484 1006 1531 33
1044 1485 1135 1531 117,
1169 1481 1236 1534 3]:
1280 1485 1595 1531 epe'yrmnnmlon

89 1552 257 1597 libellis;
295 1553 613 1600 epiqrammaton
648 1552 833 1598 libellmn,
874 1549 949 1590 sed
990 1550 1113 1601 quasi
1152 1549 1191 1588 in
1228 1549 1365 1598 titulo,
1406 1550 1477 1589 ubi
1510 1550 1596 1602 ple-

90 1631 269 1670 rumque
293 1617 483 1658 Graecas
504 1617 653 1658 finales
676 1617 920 1670 praetulere
950 1617 1142 1658 Romani.
1177 1642 1231 1646 —
1259 1618 1301 1657 in
1334 1618 1478 1657 dativo
1502 1632 1595 1658 cum

88 1686 251 1738 primus
295 1685 430 1726 Varro
478 1685 657 1726 dixisset
700 1689 947 1734 schemam,
992 1689 1143 1726 ethes-in
1194 1685 1373 1739 [Charis.
1414 1699 1480 1738 pg.
1522 1690 1596 1736 383

90 1753 287 1794 Parmen.
325 1754 415 1807 15],
462 1753 654 1794 Catullus
699 1755 789 1808 [ss4‚
827 1754 926 1807 287]
971 1754 1112 1806 posuit
1146 1757 1329 1794 A'oz'nse'n.
1394 1755 1455 1793 sic
1486 1755 1594 1794 enim

89 1825 205 1863 recte
227 1821 397 1863 videtur
420 1823 626 1876 scriptum
655 1822 708 1863 ab
733 1822 945 1875 Haupti03
977 1823 1018 1862 in
1053 1821 1273 1862 codicibus
1306 1826 1370 1863 est
1403 1826 1594 1863 minose‘m.

89 1890 348 1932 conferenda
391 1904 501 1943 quae
544 1891 710 1932 Riesius
750 1891 914 1931 notavit
957 1889 1011 1930 ad
1055 1890 1168 1930 hunc
1209 1890 1360 1930 locum.
1424 1895 1596 1932 secutus

89 1962 154 1999 est
175 1958 388 2000 Catullum
411 1958 674 2012 Propertius,
707 1959 779 2012 qui
811 1959 853 1998 in
887 1973 918 1999 c.
944 1958 1085 1999 201.l
1116 1957 1207 2013 [123
1241 1962 1315 2010 323
1349 1960 1420 2013 34]
1455 1974 1595 2012 prom-

87 2027 173 2080 psit
213 2040 264 2068 ea
304 2040 414 2080 quae
456 2030 554 2068 sunt
586 2030 810 2078 Adryasin,
842 2029 1163 2078 Hamadryasin,
1202 2029 1436 2077 Thyniasin.
1498 2042 1594 2068 nain

89 2095 168 2136 etsi
199 2095 242 2135 in
272 2095 410 2148 primo
442 2095 635 2149 exemplo
667 2099 709 2136 et
740 2095 875 2136 altero
909 2095 1122 2148 corruptis
1145 2094 1405 2135 membranis
1428 2096 1597 2137 variant

89 2163 312 2204 doctorum
343 2167 595 2213 commenta,
628 2163 679 2204 de
712 2163 845 2204 dativi
876 2163 1014 2204 forma
1047 2162 1237 2203 dubitari
1260 2164 1419 2216 nequit.
1467 2178 1595 2217 porro

88 2232 180 2272 iure
226 2231 338 2273 idem
386 2231 501 2286 apud
541 2232 737 2273 Ovidium
787 2231 891 2288 [her.
928 2236 996 2282 13,
1035 2235 1136 2283 1373
1180 2245 1215 2272 a.
1255 2245 1334 2272 am.
1372 2232 1450 2281 ΙΙΙ,
1491 2236 1594 2284 672,

88 2300 198 2340 trist.
223 2300 269 2350 V,
295 2304 330 2350 5,
353 2300 426 2354 43]
460 2300 744 2341 restituerunt
774 2300 869 2341 illa:
906 2303 1091 2348 Troasin,
1125 2302 1370 2348 Lemniasin,
1401 2304 1593 2341 heroisin.

89 2367 163 2408 sed
210 2372 307 2421 post
354 2368 552 2409 Ovidium
596 2373 750 2422 poetae
798 2368 974 2409 eandem
1023 2368 1242 2409 exclusere
1289 2367 1480 2417 finalem,
1528 2369 1594 2409 cui

89 2449 257 2489 semper
289 2436 458 2477 adiecta
492 2451 517 2476 n
549 2440 726 2490 propter
758 2436 902 2477 odium
936 2440 1160 2489 correptae
1192 2440 1205 2476 ἱ
1236 2436 1387 2477 finalis.

204 2504 397 2557 Denique
418 2505 461 2545 in
484 2505 679 2558 genetivo
703 2509 745 2546 et
776 2505 920 2546 dativo
953 2509 1106 2545 neutra
1138 2519 1162 2545 α
1193 2505 1341 2546 littera
1364 2505 1593 2545 terminata

89 2586 184 2614 cum
214 2573 380 2614 ratione
412 2572 574 2614 faciant
607 2580 726 2621 atum,
759 2576 904 2622 atibus,
937 2588 1016 2614 usu
1037 2574 1181 2627 potius
1203 2577 1268 2614 est
1301 2580 1470 2621 olorum,
1503 2577 1593 2621 alis,

88 2641 204 2682 velut
236 2641 389 2682 Accius
430 2641 538 2682 dixit
574 2655 730 2692 qenera
768 2649 1065 2692 poematorum„
1110 2641 1261 2682 Florus
1296 2645 1493 2692 poemale's
1526 2646 1592 2682 cle—

89 2713 226 2750 lector.
288 2709 403 2762 apud
433 2709 667 2763 dactylicos
697 2713 879 2762 uterque
912 2709 1155 2750 declinandi
1186 2709 1336 2750 modus
1369 2709 1457 2749 fere
1488 2710 1592 2749 vita-

87 2780 182 2829 tur3
223 2791 322 2818 nam
362 2784 536 2825 olorum,
579 2784 704 2826 alum,
752 2781 830 2818 atis
866 2777 1016 2818 finales
1056 2777 1110 2818 ab
1153 2790 1298 2817 eorum
1340 2777 1592 2829 plerumque

89 2845 275 2886 numeris
305 2845 426 2887 fuere
457 2845 640 2897 alienae3
676 2848 808 2887 atibus
838 2859 991 2899 parum
1023 2846 1184 2887 usitata
1215 2844 1351 2897 vulgo.

203 2914 258 2954 At
289 2914 461 2954 nomina
492 2913 704 2954 adiectiva
738 2917 901 2955 Graece
933 2914 1046 2956 flecti
1090 2914 1224 2966 inagis
1265 2913 1344 2953 fuit
1388 2913 1589 2953 usitatum

155 2992 187 3017 L.
207 2993 396 3024 Mueller&
421 2994 464 3018 De
484 3001 505 3018 r.
524 3001 560 3018 m.
580 3001 607 3024 p.
628 2994 659 3018 L.
1275 2982 1319 3014 32

138 3083 150 3105 9
