1898 3292
319 199 400 239 226
917 208 1038 234 mmm
1056 208 1229 235 TERTIVS.

316 310 504 352 secundo
549 324 664 352 voce.
736 324 833 351 nam
886 311 928 351 in
980 311 1108 352 huius
1160 311 1348 352 carmine
1401 312 1641 365 exemplum
1693 311 1827 353 habes

315 379 402 421 tale
437 379 554 434 [92]:

522 456 667 488 aestuet
692 453 815 488 Aetna
840 464 1027 497 novosque
1054 465 1167 498 rapax
1192 454 1261 488 sibi
1287 456 1466 498 congerat
1490 454 1613 497 ignes3

316 516 431 570 quod
449 518 617 558 nomine
635 517 810 571 proprio
829 519 1071 558 excusatur.
1104 530 1233 570 porro
1252 516 1367 570 apud
1383 517 1532 558 Silium
1548 516 1826 571 [XV11,12s]:

522 607 564 630 ac
591 596 659 631 sibi
686 597 838 640 quisque
863 593 1034 640 ‘videsne,
1060 595 1163 631 vides
1188 599 1229 631 ut
1252 597 1290 630 in
1317 598 1461 641 agmine
1487 592 1628 640 primo’.

314 664 358 705 id
391 678 491 706 vero
524 664 709 719 repetito
752 664 944 706 oratoria
985 664 1213 706 affectione
1254 665 1464 706 vocabulo
1507 665 1655 705 eodem
1697 664 1830 705 habet

315 734 494 775 veniam.
556 733 741 787 denique
773 733 938 775 Statius
970 733 1011 774 in
1044 733 1281 785 Thebaide,
1314 747 1408 774 cum
1441 733 1632 786 alioquin
1665 736 1707 774 et
1736 733 1827 786 ipse

316 802 493 843 Homeri
523 802 666 843 Latini
698 807 740 843 et
782 805 1023 843 ceterorum
1064 802 1236 856 placitis
1277 802 1500 852 inserviat,
1542 802 1609 843 bis
1651 801 1828 843 liberius

315 870 449 912 habet
478 874 662 912 metrum
694 871 756 911 ita
788 870 854 925 [V,
879 871 979 925 684]
1024 869 1270 922 ‘sanyzcinis,
1302 873 1463 911 imbuite
1493 885 1608 912 arma
1640 874 1744 912 (lomi
1770 878 1828 911 at-

316 953 392 990 que
430 943 532 981 haee
572 942 695 981 irrita
739 936 933 988 dudum’;
985 939 1082 994 [IX,
1115 939 1216 993 842]
1261 937 1610 990 ‘horrendzmzque
1641 942 1829 991 Dryanta.

314 1014 451 1057 movet,
482 1011 549 1049 eui
578 1011 796 1060 sanyuz'nis
829 1005 1013 1049 auetor’.

430 1076 665 1118 Praeterea
715 1076 918 1131 propriae
969 1076 1239 1130 quorundam
1292 1076 1593 1118 observantiae
1649 1090 1827 1118 evenere

314 1145 435 1187 tales.
497 1159 730 1199 numquam
783 1145 898 1199 apud
941 1145 1156 1186 Catullum
1204 1149 1246 1186 et
1284 1144 1498 1186 Tibullum
1546 1145 1589 1186 in
1634 1145 1828 1186 distichis

314 1213 449 1255 habes
481 1218 649 1256 sextum
673 1228 807 1267 genus
828 1213 1223 1267 hepfflhemimeris,
1256 1217 1301 1254 at
1321 1213 1456 1255 habes
1479 1214 1675 1267 quintum
1698 1214 1828 1255 etiam

314 1282 611 1336 inelegantius.
672 1283 714 1323 in
745 1282 958 1324 continuis
990 1286 1135 1323 tamen
1163 1282 1428 1324 hexametris
1459 1296 1511 1323 ne
1542 1282 1623 1324 hoc
1656 1282 1829 1336 quidem

315 1351 546 1403 admisere,
581 1351 663 1393 nisi
694 1352 825 1393 semel
857 1350 1050 1392 Catullus
1081 1352 1123 1391 in
1155 1350 1359 1401 formula,
1398 1364 1508 1404 quae
1538 1351 1664 1392 unius
1692 1365 1828 1405 paene

315 1420 430 1461 vocis
472 1424 537 1462 est
576 1420 714 1461 instar
751 1420 837 1475 [64‚
872 1420 973 1474 405]
1016 1418 1169 1461 ‘omnia
1208 1424 1346 1471 fanda
1380 1424 1563 1471 nefanda
1594 1424 1697 1461 malo
1728 1434 1827 1470 per-

315 1492 442 1530 mixta
467 1487 659 1540 furore',
703 1492 745 1530 et
774 1488 995 1530 vocabulis
1026 1488 1214 1542 propriis
1244 1488 1448 1530 laudator
1478 1488 1706 1530 Messallae
1736 1489 1828 1542 [11]

307 1555 591 1609 ‘Er-iy071.eque
620 1560 834 1609 Canisque,
866 1564 986 1609 neyet
1016 1571 1067 1598 ne
1095 1560 1254 1609 lonye'or
1276 1564 1390 1598 aetas
1409 1561 1429 1598 ’.
1476 1557 1589 1598 idem
1613 1557 1830 1611 geminata

314 1639 392 1680 per
431 1626 673 1667 antitheton
721 1626 928 1667 orationis
970 1629 1095 1680 parte
1133 1626 1253 1681 [167]
1298 1624 1419 1676 ‘quas
1449 1630 1598 1667 similes
1628 1630 1830 1677 utrimque

316 1702 456 1736 tenens
478 1698 629 1736 vicinia
660 1698 765 1737 caeli
797 1702 1007 1746 temperat,
1042 1699 1146 1736 alter
1179 1702 1215 1735 et
1248 1698 1419 1735 alterius
1440 1698 1548 1736 vires
1579 1702 1698 1736 necat
1719 1693 1826 1736 aer’.

315 1763 390 1805 sed
430 1763 615 1805 maxime
655 1764 809 1805 mirum
851 1763 966 1817 quod
996 1763 1211 1805 Iuvenalis
1239 1777 1335 1804 cum
1365 1763 1601 1804 identidem
1630 1763 1829 1817 probarit

314 1846 483 1883 versus,
527 1832 666 1886 qualis
710 1836 772 1874 est
802 1832 873 1873 hic
917 1831 1040 1874 ‘haec
1073 1837 1164 1874 dum
1197 1835 1412 1874 Dardanio
1444 1836 1607 1874 Aeneae
1637 1836 1829 1873 miranda

315 1898 545 1951 videntur-⁹,
589 1915 674 1943 non
710 1901 901 1943 admittit
932 1901 1049 1943 velut
1080 1901 1189 1942 tales
1234 1899 1404 1943 ‘labitur
1437 1904 1717 1952 exanimisque
1748 1908 1829 1942 tre-

313 1984 424 2012 mens
449 1973 682 2021 procumbit
702 1974 810 2012 hume?
832 1968 941 2019 ὃσδ’,
974 1971 1046 2024 qui
1069 1974 1213 2012 tamen
1234 1970 1548 2024 frequentiores
1572 1974 1614 2011 et
1630 1970 1828 2011 meliores

315 2039 531 2080 ducuntur
562 2039 658 2080 illis.
722 2043 963 2081 ceterorum
996 2052 1095 2080 vero
1127 2043 1354 2093 poetarum
1382 2038 1578 2092 plerique
1619 2039 1828 2090 omnibus,

315 2110 532 2162 quotquot
583 2112 835 2159 evenerunt,
887 2121 1164 2150 caesurarum
1210 2107 1439 2161 generibus
1485 2111 1666 2150 utuntur
1711 2108 1828 2150 haud

316 2175 457 2218 dubie.
521 2190 542 2217 e
574 2176 729 2229 quibus
761 2177 805 2218 hi
836 2177 1104 2230 potissimum
1139 2190 1164 2217 a
1192 2191 1258 2218 me
1281 2176 1635 2219 nominabuntur:
1670 2177 1828 2219 Lucre-

315 2247 421 2297 tius,
466 2245 736 2299 Propertius,
779 2245 993 2296 Manilius,
1037 2245 1336 2296 Germanicus,
1384 2249 1537 2287 auctor
1582 2246 1634 2287 de
1678 2245 1828 2299 figuris

316 2314 641 2364 sententiarum,
673 2313 969 2365 Terentianus,
1003 2315 1228 2364 Ausonius,
1260 2314 1477 2365 Paulinus,
1511 2314 1757 2356 Venantius.

431 2382 650 2436 Superest,
687 2382 935 2424 accuratius
966 2386 1014 2424 ut
1037 2396 1245 2434 enarrem,
1279 2396 1389 2437 quae
1413 2381 1575 2424 fuerint
1595 2383 1827 2423 varietates

314 2452 357 2493 in
390 2451 568 2504 singulis
599 2451 788 2492 caesuris
821 2451 1110 2492 admittendis.
1697 2456 1700 2458 ’

428 2519 484 2560 Et
525 2519 791 2560 trochaicam
839 2519 1011 2573 quidem
1059 2520 1235 2561 tertiam
1279 2520 1407 2573 parili
1449 2533 1594 2561 omnes
1636 2520 1826 2573 exceptis

315 2588 497 2629 Horatio
540 2591 583 2628 et
625 2587 826 2629 Lucretio
869 2587 1106 2629 adhibuere
1148 2588 1457 2642 infrequentia,
1504 2592 1552 2629 ut
1593 2602 1721 2641 quam
1761 2587 1827 2629 vel

315 2657 486 2698 omnino
535 2655 712 2697 vitarint
757 2655 952 2697 Tibullus
1000 2670 1095 2698 cum
1143 2657 1252 2707 suis,
1307 2657 1525 2707 Lucanus,
1572 2656 1735 2697 Statius
1783 2657 1825 2696 in

317 2724 563 2766 Achilleide.
636 2724 766 2765 semel
810 2723 945 2766 habet
987 2725 1167 2766 eandem
1215 2725 1386 2766 Persius
1429 2726 1492 2779 [5,
1528 2725 1648 2779 112]‚
1696 2725 1827 2766 semel

316 2793 512 2834 Grattius
555 2793 702 2847 [240],
754 2792 885 2834 semel
925 2793 1209 2835 Terentianus
1256 2794 1428 2848 [2831],
1482 2797 1523 2835 et
1566 2793 1737 2846 quidem
1783 2794 1826 2834 in

315 2861 510 2915 exemplo
543 2861 778 2914 epiploces:

567 2940 715 2963 carmen
742 2941 850 2964 suave
879 2929 1032 2965 dedistis
1059 2930 1294 2975 Olympiades
1319 2930 1407 2964 mihi
1433 2929 1572 2964 Musae.
