<?xml version="1.0" encoding="UTF-8"?>
<!DOCTYPE html PUBLIC "-//W3C//DTD XHTML 1.0 Transitional//EN"
    "http://www.w3.org/TR/xhtml1/DTD/xhtml1-transitional.dtd">
<html xmlns="http://www.w3.org/1999/xhtml" xml:lang="en" lang="en">
 <head>
  <title>
</title>
<meta http-equiv="Content-Type" content="text/html;charset=utf-8" />
  <meta name='ocr-system' content='tesseract 3.04.00' />
  <meta name='ocr-capabilities' content='ocr_page ocr_carea ocr_par ocr_line ocrx_word'/>
</head>
<body>
  <div class='ocr_page' id='page_1' title='image "./deremetricapoeta00mluoft_0196.png"; bbox 0 0 1898 3292; ppageno 0'>
   <div class='ocr_carea' id='block_1_1' title="bbox 226 150 1152 188">
    <p class='ocr_par' dir='ltr' id='par_1_1' title="bbox 226 150 1152 188">
     <span class='ocr_line' id='line_1_1' title="bbox 226 150 1152 188; baseline -0.005 0"><span class='ocrx_word' id='word_1_1' title='bbox 226 150 305 188; x_wconf 84' lang='lat'>174</span> <span class='ocrx_word' id='word_1_2' title='bbox 805 159 925 183; x_wconf 76' lang='lat' dir='ltr'><strong>LIBER</strong></span> <span class='ocrx_word' id='word_1_3' title='bbox 944 158 1152 185; x_wconf 77' lang='lat' dir='ltr'>SECVNDVS.</span> 
     </span>
    </p>
   </div>
   <div class='ocr_carea' id='block_1_2' title="bbox 221 261 1731 371">
    <p class='ocr_par' dir='ltr' id='par_1_2' title="bbox 221 261 1731 371">
     <span class='ocr_line' id='line_1_2' title="bbox 223 261 1731 315; baseline -0.001 -12"><span class='ocrx_word' id='word_1_4' title='bbox 223 262 591 315; x_wconf 80' lang='lat' dir='ltr'>qualemcumque.</span> <span class='ocrx_word' id='word_1_5' title='bbox 644 275 669 302; x_wconf 89' lang='lat' dir='ltr'>a</span> <span class='ocrx_word' id='word_1_6' title='bbox 701 261 856 314; x_wconf 90' lang='lat' dir='ltr'>quibus</span> <span class='ocrx_word' id='word_1_7' title='bbox 887 264 1031 302; x_wconf 89' lang='lat' dir='ltr'>tamen</span> <span class='ocrx_word' id='word_1_8' title='bbox 1065 261 1258 302; x_wconf 84' lang='lat' dir='ltr'>diversus</span> <span class='ocrx_word' id='word_1_9' title='bbox 1280 261 1473 312; x_wconf 87' lang='lat' dir='ltr'>Laevius,</span> <span class='ocrx_word' id='word_1_10' title='bbox 1506 262 1579 314; x_wconf 90' lang='lat' dir='ltr'>qui</span> <span class='ocrx_word' id='word_1_11' title='bbox 1602 261 1731 303; x_wconf 91' lang='lat' dir='ltr'>semel</span> 
     </span>
     <span class='ocr_line' id='line_1_3' title="bbox 221 329 1163 371; baseline 0 0"><span class='ocrx_word' id='word_1_12' title='bbox 221 329 363 371; x_wconf 87' lang='lat' dir='ltr'>soluta</span> <span class='ocrx_word' id='word_1_13' title='bbox 394 330 481 371; x_wconf 87' lang='lat' dir='ltr'>arsi</span> <span class='ocrx_word' id='word_1_14' title='bbox 512 344 614 371; x_wconf 88' lang='lat' dir='ltr'>usus</span> <span class='ocrx_word' id='word_1_15' title='bbox 644 329 779 370; x_wconf 90' lang='lat' dir='ltr'>habet</span> <span class='ocrx_word' id='word_1_16' title='bbox 809 343 979 370; x_wconf 89' lang='lat' dir='ltr'>versum</span> <span class='ocrx_word' id='word_1_17' title='bbox 1011 329 1163 371; x_wconf 87' lang='lat' dir='ltr'>talem:</span> 
     </span>
    </p>
   </div>
   <div class='ocr_carea' id='block_1_3' title="bbox 634 403 1307 447">
    <p class='ocr_par' dir='ltr' id='par_1_3' title="bbox 634 403 1307 447">
     <span class='ocr_line' id='line_1_4' title="bbox 634 403 1307 447; baseline -0.001 -9"><span class='ocrx_word' id='word_1_18' title='bbox 634 403 819 438; x_wconf 79' lang='lat' dir='ltr'>Venerem</span> <span class='ocrx_word' id='word_1_19' title='bbox 844 403 956 447; x_wconf 81' lang='lat' dir='ltr'>igitur</span> <span class='ocrx_word' id='word_1_20' title='bbox 984 403 1115 437; x_wconf 75' lang='lat' dir='ltr'>almam</span> <span class='ocrx_word' id='word_1_21' title='bbox 1141 403 1307 437; x_wconf 79' lang='lat' dir='ltr'>adorans.</span> 
     </span>
    </p>
   </div>
   <div class='ocr_carea' id='block_1_4' title="bbox 220 471 1738 2250">
    <p class='ocr_par' dir='ltr' id='par_1_4' title="bbox 220 471 1734 801">
     <span class='ocr_line' id='line_1_5' title="bbox 222 471 1733 525; baseline -0.001 -12"><span class='ocrx_word' id='word_1_22' title='bbox 222 472 296 514; x_wconf 88' lang='lat' dir='ltr'>sed</span> <span class='ocrx_word' id='word_1_23' title='bbox 337 472 447 513; x_wconf 91' lang='lat' dir='ltr'>enim</span> <span class='ocrx_word' id='word_1_24' title='bbox 490 471 603 513; x_wconf 88' lang='lat' dir='ltr'>idem</span> <span class='ocrx_word' id='word_1_25' title='bbox 642 485 727 513; x_wconf 89' lang='lat' dir='ltr'>non</span> <span class='ocrx_word' id='word_1_26' title='bbox 758 472 931 525; x_wconf 75' lang='lat' dir='ltr'>scripsit</span> <span class='ocrx_word' id='word_1_27' title='bbox 959 472 1003 512; x_wconf 91' lang='lat' dir='ltr'>in</span> <span class='ocrx_word' id='word_1_28' title='bbox 1036 472 1185 513; x_wconf 91' lang='lat' dir='ltr'>eodem</span> <span class='ocrx_word' id='word_1_29' title='bbox 1217 472 1405 513; x_wconf 82' lang='lat' dir='ltr'>carmine</span> <span class='ocrx_word' id='word_1_30' title='bbox 1450 471 1540 513; x_wconf 73' lang='lat' dir='ltr'>‘seu</span> <span class='ocrx_word' id='word_1_31' title='bbox 1575 475 1733 523; x_wconf 74' lang='lat' dir='ltr'>semina</span> 
     </span>
     <span class='ocr_line' id='line_1_6' title="bbox 220 538 1733 593; baseline -0.001 -11"><span class='ocrx_word' id='word_1_32' title='bbox 220 545 304 582; x_wconf 74' lang='lat' dir='ltr'>sive</span> <span class='ocrx_word' id='word_1_33' title='bbox 335 555 421 582; x_wconf 76' lang='lat' dir='ltr'>mas</span> <span class='ocrx_word' id='word_1_34' title='bbox 449 538 528 582; x_wconf 68' lang='grc' dir='ltr'>θεῖ’</span> <span class='ocrx_word' id='word_1_35' title='bbox 578 566 632 570; x_wconf 90' lang='grc'><strong>-</strong></span> <span class='ocrx_word' id='word_1_36' title='bbox 674 554 773 581; x_wconf 90' lang='lat' dir='ltr'>nam</span> <span class='ocrx_word' id='word_1_37' title='bbox 816 540 898 581; x_wconf 90' lang='lat' dir='ltr'>hoc</span> <span class='ocrx_word' id='word_1_38' title='bbox 942 540 1148 593; x_wconf 74' lang='lat' dir='ltr'>aequabit</span> <span class='ocrx_word' id='word_1_39' title='bbox 1178 544 1362 582; x_wconf 89' lang='lat' dir='ltr'>metrum</span> <span class='ocrx_word' id='word_1_40' title='bbox 1394 541 1556 582; x_wconf 89' lang='lat' dir='ltr'>ionicos</span> <span class='ocrx_word' id='word_1_41' title='bbox 1589 554 1614 581; x_wconf 89' lang='lat' dir='ltr'>a</span> <span class='ocrx_word' id='word_1_42' title='bbox 1645 554 1733 581; x_wconf 90' lang='lat' dir='ltr'>ma-</span> 
     </span>
     <span class='ocr_line' id='line_1_7' title="bbox 220 609 1734 663; baseline -0.001 -13"><span class='ocrx_word' id='word_1_43' title='bbox 220 610 300 651; x_wconf 90' lang='lat' dir='ltr'>iori</span> <span class='ocrx_word' id='word_1_44' title='bbox 323 635 389 660; x_wconf 88' lang='lat'>-—,</span> <span class='ocrx_word' id='word_1_45' title='bbox 423 609 596 663; x_wconf 75' lang='lat' dir='ltr'>scripsit</span> <span class='ocrx_word' id='word_1_46' title='bbox 618 609 732 662; x_wconf 91' lang='lat' dir='ltr'>quod</span> <span class='ocrx_word' id='word_1_47' title='bbox 756 609 935 663; x_wconf 84' lang='lat' dir='ltr'>Hauptii</span> <span class='ocrx_word' id='word_1_48' title='bbox 958 609 1174 650; x_wconf 84' lang='lat' dir='ltr'>inventum</span> <span class='ocrx_word' id='word_1_49' title='bbox 1198 612 1370 650; x_wconf 88' lang='lat' dir='ltr'>secutus</span> <span class='ocrx_word' id='word_1_50' title='bbox 1391 610 1515 663; x_wconf 87' lang='lat' dir='ltr'>posui</span> <span class='ocrx_word' id='word_1_51' title='bbox 1545 609 1570 649; x_wconf 94' lang='grc'>1.</span> <span class='ocrx_word' id='word_1_52' title='bbox 1589 609 1734 662; x_wconf 81' lang='lat' dir='ltr'>priore</span> 
     </span>
     <span class='ocr_line' id='line_1_8' title="bbox 234 675 1734 730; baseline -0.001 -12"><span class='ocrx_word' id='word_1_53' title='bbox 234 692 305 719; x_wconf 66' lang='lat' dir='ltr'>seza</span> <span class='ocrx_word' id='word_1_54' title='bbox 338 682 497 730; x_wconf 76' lang='lat' dir='ltr'>femina</span> <span class='ocrx_word' id='word_1_55' title='bbox 528 682 610 718; x_wconf 55' lang='lat' dir='ltr'>{sve</span> <span class='ocrx_word' id='word_1_56' title='bbox 640 692 725 719; x_wconf 71' lang='lat' dir='ltr'>mas</span> <span class='ocrx_word' id='word_1_57' title='bbox 758 675 854 718; x_wconf 67' lang='grc' dir='ltr'><em>θεῖ’.</em></span> <span class='ocrx_word' id='word_1_58' title='bbox 907 677 1060 718; x_wconf 90' lang='lat' dir='ltr'>deinde</span> <span class='ocrx_word' id='word_1_59' title='bbox 1082 677 1288 718; x_wconf 86' lang='lat' dir='ltr'>Boethius</span> <span class='ocrx_word' id='word_1_60' title='bbox 1316 679 1451 719; x_wconf 86' lang='lat' dir='ltr'>ternis</span> <span class='ocrx_word' id='word_1_61' title='bbox 1474 677 1734 718; x_wconf 78' lang='lat' dir='ltr'>carminibus</span> 
     </span>
     <span class='ocr_line' id='line_1_9' title="bbox 222 746 1467 801; baseline 0 -14"><span class='ocrx_word' id='word_1_62' title='bbox 222 747 292 801; x_wconf 78' lang='lat' dir='ltr'>[IL</span> <span class='ocrx_word' id='word_1_63' title='bbox 326 750 373 798; x_wconf 79' lang='lat'>23</span> <span class='ocrx_word' id='word_1_64' title='bbox 406 750 452 798; x_wconf 80' lang='lat'>43</span> <span class='ocrx_word' id='word_1_65' title='bbox 483 746 556 797; x_wconf 91' lang='lat' dir='ltr'>III,</span> <span class='ocrx_word' id='word_1_66' title='bbox 581 747 623 801; x_wconf 86' lang='grc'>6]</span> <span class='ocrx_word' id='word_1_67' title='bbox 656 760 788 800; x_wconf 85' lang='lat' dir='ltr'>puros</span> <span class='ocrx_word' id='word_1_68' title='bbox 820 746 1018 787; x_wconf 82' lang='lat' dir='ltr'>adhibuit</span> <span class='ocrx_word' id='word_1_69' title='bbox 1048 746 1211 787; x_wconf 89' lang='lat' dir='ltr'>ionicos</span> <span class='ocrx_word' id='word_1_70' title='bbox 1244 746 1467 787; x_wconf 86' lang='lat' dir='ltr'>dimetros:</span> 
     </span>
    </p>

    <p class='ocr_par' dir='ltr' id='par_1_5' title="bbox 222 825 1733 1016">
     <span class='ocr_line' id='line_1_10' title="bbox 634 825 1093 869; baseline 0 -10"><span class='ocrx_word' id='word_1_71' title='bbox 634 826 711 859; x_wconf 86' lang='lat' dir='ltr'>sitis</span> <span class='ocrx_word' id='word_1_72' title='bbox 740 825 900 859; x_wconf 71' lang='lat' dir='ltr'>ardescit</span> <span class='ocrx_word' id='word_1_73' title='bbox 923 825 1093 869; x_wconf 74' lang='lat' dir='ltr'>habendi,</span> 
     </span>
     <span class='ocr_line' id='line_1_11' title="bbox 222 893 1733 948; baseline 0 -14"><span class='ocrx_word' id='word_1_74' title='bbox 222 897 270 935; x_wconf 92' lang='lat' dir='ltr'>ut</span> <span class='ocrx_word' id='word_1_75' title='bbox 302 898 445 935; x_wconf 85' lang='lat' dir='ltr'>tamen</span> <span class='ocrx_word' id='word_1_76' title='bbox 488 897 666 947; x_wconf 89' lang='lat' dir='ltr'>propter</span> <span class='ocrx_word' id='word_1_77' title='bbox 712 893 1023 935; x_wconf 82' lang='lat' dir='ltr'>abundantiam</span> <span class='ocrx_word' id='word_1_78' title='bbox 1065 894 1299 947; x_wconf 37' lang='lat' dir='ltr'>longarum*</span> <span class='ocrx_word' id='word_1_79' title='bbox 1339 895 1511 948; x_wconf 87' lang='lat' dir='ltr'>saepius</span> <span class='ocrx_word' id='word_1_80' title='bbox 1551 894 1733 947; x_wconf 86' lang='lat' dir='ltr'>primam</span> 
     </span>
     <span class='ocr_line' id='line_1_12' title="bbox 223 962 1733 1016; baseline 0.001 -13"><span class='ocrx_word' id='word_1_81' title='bbox 223 967 391 1016; x_wconf 88' lang='lat' dir='ltr'>partem</span> <span class='ocrx_word' id='word_1_82' title='bbox 423 962 648 1003; x_wconf 88' lang='lat' dir='ltr'>incoharet</span> <span class='ocrx_word' id='word_1_83' title='bbox 678 962 877 1013; x_wconf 82' lang='lat' dir='ltr'>molosso,</span> <span class='ocrx_word' id='word_1_84' title='bbox 911 976 994 1016; x_wconf 94' lang='lat' dir='ltr'>quo</span> <span class='ocrx_word' id='word_1_85' title='bbox 1024 962 1212 1004; x_wconf 90' lang='lat' dir='ltr'>admisso</span> <span class='ocrx_word' id='word_1_86' title='bbox 1245 963 1409 1016; x_wconf 90' lang='lat' dir='ltr'>species</span> <span class='ocrx_word' id='word_1_87' title='bbox 1442 963 1579 1004; x_wconf 87' lang='lat' dir='ltr'>oritur</span> <span class='ocrx_word' id='word_1_88' title='bbox 1610 964 1733 1004; x_wconf 86' lang='lat' dir='ltr'>talis:</span> 
     </span>
    </p>

    <p class='ocr_par' dir='ltr' id='par_1_6' title="bbox 222 1022 1735 1501">
     <span class='ocr_line' id='line_1_13' title="bbox 635 1022 1065 1081; baseline -0.002 -11"><span class='ocrx_word' id='word_1_89' title='bbox 635 1022 738 1070; x_wconf 76' lang='lat' dir='ltr'>caelo</span> <span class='ocrx_word' id='word_1_90' title='bbox 764 1028 885 1070; x_wconf 74' lang='lat' dir='ltr'>sidera</span> <span class='ocrx_word' id='word_1_91' title='bbox 911 1026 1065 1081; x_wconf 73' lang='lat' dir='ltr'>fulgent.</span> 
     </span>
     <span class='ocr_line' id='line_1_14' title="bbox 222 1104 1733 1158; baseline 0.001 -13"><span class='ocrx_word' id='word_1_92' title='bbox 222 1105 320 1145; x_wconf 88' lang='lat' dir='ltr'>hinc</span> <span class='ocrx_word' id='word_1_93' title='bbox 351 1104 576 1146; x_wconf 83' lang='lat' dir='ltr'>Boethium</span> <span class='ocrx_word' id='word_1_94' title='bbox 613 1105 685 1158; x_wconf 90' lang='lat' dir='ltr'>qui</span> <span class='ocrx_word' id='word_1_95' title='bbox 727 1108 972 1146; x_wconf 82' lang='lat' dir='ltr'>tractarunt</span> <span class='ocrx_word' id='word_1_96' title='bbox 1015 1106 1176 1158; x_wconf 81' lang='lat' dir='ltr'>egregii</span> <span class='ocrx_word' id='word_1_97' title='bbox 1218 1106 1382 1147; x_wconf 87' lang='lat' dir='ltr'>iudices</span> <span class='ocrx_word' id='word_1_98' title='bbox 1424 1107 1485 1147; x_wconf 87' lang='lat' dir='ltr'>rei</span> <span class='ocrx_word' id='word_1_99' title='bbox 1527 1106 1733 1147; x_wconf 86' lang='lat' dir='ltr'>metricae</span> 
     </span>
     <span class='ocr_line' id='line_1_15' title="bbox 222 1173 1735 1228; baseline 0.001 -14"><span class='ocrx_word' id='word_1_100' title='bbox 222 1177 396 1227; x_wconf 87' lang='lat' dir='ltr'>praeter</span> <span class='ocrx_word' id='word_1_101' title='bbox 418 1173 700 1226; x_wconf 90' lang='lat' dir='ltr'>paucissimos</span> <span class='ocrx_word' id='word_1_102' title='bbox 723 1177 968 1215; x_wconf 80' lang='lat' dir='ltr'>statuerunt</span> <span class='ocrx_word' id='word_1_103' title='bbox 988 1173 1142 1215; x_wconf 88' lang='lat' dir='ltr'>haberi</span> <span class='ocrx_word' id='word_1_104' title='bbox 1166 1174 1427 1215; x_wconf 87' lang='lat' dir='ltr'>carminibus</span> <span class='ocrx_word' id='word_1_105' title='bbox 1458 1175 1551 1215; x_wconf 88' lang='lat' dir='ltr'>istis</span> <span class='ocrx_word' id='word_1_106' title='bbox 1583 1175 1735 1228; x_wconf 86' lang='lat' dir='ltr'>phere-</span> 
     </span>
     <span class='ocr_line' id='line_1_16' title="bbox 224 1241 1735 1294; baseline 0.001 -12"><span class='ocrx_word' id='word_1_107' title='bbox 224 1246 416 1292; x_wconf 90' lang='lat' dir='ltr'>crateos,</span> <span class='ocrx_word' id='word_1_108' title='bbox 460 1255 642 1294; x_wconf 88' lang='lat' dir='ltr'>quorum</span> <span class='ocrx_word' id='word_1_109' title='bbox 683 1241 918 1283; x_wconf 85' lang='lat' dir='ltr'>identidem</span> <span class='ocrx_word' id='word_1_110' title='bbox 963 1242 1105 1283; x_wconf 90' lang='lat' dir='ltr'>soluta</span> <span class='ocrx_word' id='word_1_111' title='bbox 1147 1246 1260 1284; x_wconf 92' lang='lat' dir='ltr'>esset</span> <span class='ocrx_word' id='word_1_112' title='bbox 1296 1243 1405 1284; x_wconf 86' lang='lat' dir='ltr'>arsis</span> <span class='ocrx_word' id='word_1_113' title='bbox 1439 1243 1629 1284; x_wconf 89' lang='lat' dir='ltr'>initialis.</span> <span class='ocrx_word' id='word_1_114' title='bbox 1690 1246 1735 1283; x_wconf 89' lang='lat' dir='ltr'>at</span> 
     </span>
     <span class='ocr_line' id='line_1_17' title="bbox 226 1309 1734 1365; baseline 0.001 -15"><span class='ocrx_word' id='word_1_115' title='bbox 226 1309 405 1351; x_wconf 85' lang='lat' dir='ltr'>meliora</span> <span class='ocrx_word' id='word_1_116' title='bbox 436 1310 582 1351; x_wconf 88' lang='lat' dir='ltr'>doceri</span> <span class='ocrx_word' id='word_1_117' title='bbox 612 1313 848 1364; x_wconf 87' lang='lat' dir='ltr'>potuerunt</span> <span class='ocrx_word' id='word_1_118' title='bbox 879 1311 1073 1364; x_wconf 82' lang='lat' dir='ltr'>exemplo</span> <span class='ocrx_word' id='word_1_119' title='bbox 1109 1311 1324 1362; x_wconf 83' lang='lat' dir='ltr'>Martiani,</span> <span class='ocrx_word' id='word_1_120' title='bbox 1358 1312 1431 1365; x_wconf 90' lang='lat' dir='ltr'>qui</span> <span class='ocrx_word' id='word_1_121' title='bbox 1462 1311 1487 1353; x_wconf 92' lang='grc'>1.</span> <span class='ocrx_word' id='word_1_122' title='bbox 1520 1312 1579 1352; x_wconf 83' lang='lat' dir='ltr'>IX</span> <span class='ocrx_word' id='word_1_123' title='bbox 1613 1311 1734 1365; x_wconf 84' lang='lat'>[919]</span> 
     </span>
     <span class='ocr_line' id='line_1_18' title="bbox 225 1378 1733 1434; baseline 0.001 -15"><span class='ocrx_word' id='word_1_124' title='bbox 225 1392 319 1419; x_wconf 88' lang='lat' dir='ltr'>cum</span> <span class='ocrx_word' id='word_1_125' title='bbox 360 1378 521 1419; x_wconf 86' lang='lat' dir='ltr'>habeat</span> <span class='ocrx_word' id='word_1_126' title='bbox 560 1381 743 1420; x_wconf 88' lang='lat' dir='ltr'>metrum</span> <span class='ocrx_word' id='word_1_127' title='bbox 785 1379 872 1420; x_wconf 88' lang='lat' dir='ltr'>tale</span> <span class='ocrx_word' id='word_1_128' title='bbox 916 1378 1097 1420; x_wconf 77' lang='lat' dir='ltr'>‘carmen</span> <span class='ocrx_word' id='word_1_129' title='bbox 1139 1378 1469 1429; x_wconf 73' lang='lat' dir='ltr'>Ladmiadeum&#39;,</span> <span class='ocrx_word' id='word_1_130' title='bbox 1519 1381 1561 1421; x_wconf 90' lang='lat' dir='ltr'>id</span> <span class='ocrx_word' id='word_1_131' title='bbox 1607 1380 1733 1434; x_wconf 89' lang='lat' dir='ltr'>quale</span> 
     </span>
     <span class='ocr_line' id='line_1_19' title="bbox 223 1446 1314 1501; baseline 0.003 -14"><span class='ocrx_word' id='word_1_132' title='bbox 223 1451 336 1488; x_wconf 89' lang='lat' dir='ltr'>esset</span> <span class='ocrx_word' id='word_1_133' title='bbox 367 1447 458 1501; x_wconf 90' lang='lat' dir='ltr'>ipse</span> <span class='ocrx_word' id='word_1_134' title='bbox 491 1446 747 1500; x_wconf 80' lang='lat' dir='ltr'>significavit</span> <span class='ocrx_word' id='word_1_135' title='bbox 781 1448 972 1489; x_wconf 83' lang='lat' dir='ltr'>inmixtis</span> <span class='ocrx_word' id='word_1_136' title='bbox 1004 1448 1197 1490; x_wconf 84' lang='lat' dir='ltr'>versibus</span> <span class='ocrx_word' id='word_1_137' title='bbox 1228 1448 1314 1491; x_wconf 87' lang='lat' dir='ltr'>his:</span> 
     </span>
    </p>

    <p class='ocr_par' dir='ltr' id='par_1_7' title="bbox 635 1521 1087 1566">
     <span class='ocr_line' id='line_1_20' title="bbox 635 1521 1087 1566; baseline 0.004 -12"><span class='ocrx_word' id='word_1_138' title='bbox 635 1521 793 1566; x_wconf 80' lang='lat' dir='ltr'>palmam</span> <span class='ocrx_word' id='word_1_139' title='bbox 819 1521 921 1556; x_wconf 82' lang='lat' dir='ltr'>dedit</span> <span class='ocrx_word' id='word_1_140' title='bbox 945 1522 1087 1556; x_wconf 76' lang='lat' dir='ltr'>cicutis.</span> 
     </span>
    </p>

    <p class='ocr_par' dir='ltr' id='par_1_8' title="bbox 635 1579 1150 1624">
     <span class='ocr_line' id='line_1_21' title="bbox 635 1579 1150 1624; baseline 0.002 -12"><span class='ocrx_word' id='word_1_141' title='bbox 635 1590 741 1622; x_wconf 83' lang='lat' dir='ltr'>mage</span> <span class='ocrx_word' id='word_1_142' title='bbox 767 1581 966 1623; x_wconf 71' lang='lat' dir='ltr'>percrepat</span> <span class='ocrx_word' id='word_1_143' title='bbox 990 1579 1150 1624; x_wconf 82' lang='lat' dir='ltr'>flagello.</span> 
     </span>
    </p>

    <p class='ocr_par' dir='ltr' id='par_1_9' title="bbox 223 1646 1735 1963">
     <span class='ocr_line' id='line_1_22' title="bbox 339 1646 1734 1700; baseline 0.003 -14"><span class='ocrx_word' id='word_1_144' title='bbox 339 1646 423 1687; x_wconf 69' lang='lat' dir='ltr'>Sed</span> <span class='ocrx_word' id='word_1_145' title='bbox 454 1647 539 1687; x_wconf 89' lang='lat' dir='ltr'>iam</span> <span class='ocrx_word' id='word_1_146' title='bbox 567 1646 619 1688; x_wconf 92' lang='lat' dir='ltr'>de</span> <span class='ocrx_word' id='word_1_147' title='bbox 652 1646 926 1700; x_wconf 83' lang='lat' dir='ltr'>galliambico</span> <span class='ocrx_word' id='word_1_148' title='bbox 958 1648 1184 1689; x_wconf 88' lang='lat' dir='ltr'>dicendum</span> <span class='ocrx_word' id='word_1_149' title='bbox 1223 1652 1377 1700; x_wconf 86' lang='lat' dir='ltr'>metro,</span> <span class='ocrx_word' id='word_1_150' title='bbox 1419 1650 1540 1690; x_wconf 89' lang='lat' dir='ltr'>cuius</span> <span class='ocrx_word' id='word_1_151' title='bbox 1580 1662 1734 1690; x_wconf 90' lang='lat' dir='ltr'>nomen</span> 
     </span>
     <span class='ocr_line' id='line_1_23' title="bbox 223 1715 1735 1771; baseline 0.002 -16"><span class='ocrx_word' id='word_1_152' title='bbox 223 1715 438 1769; x_wconf 85' lang='lat' dir='ltr'>pravitate</span> <span class='ocrx_word' id='word_1_153' title='bbox 472 1718 613 1756; x_wconf 88' lang='lat' dir='ltr'>ortum</span> <span class='ocrx_word' id='word_1_154' title='bbox 645 1716 1048 1769; x_wconf 82' lang='lat' dir='ltr'>grammaticorum,</span> <span class='ocrx_word' id='word_1_155' title='bbox 1092 1718 1165 1770; x_wconf 88' lang='lat' dir='ltr'>qui</span> <span class='ocrx_word' id='word_1_156' title='bbox 1203 1721 1410 1771; x_wconf 85' lang='lat' dir='ltr'>putarent</span> <span class='ocrx_word' id='word_1_157' title='bbox 1450 1731 1501 1758; x_wconf 83' lang='lat' dir='ltr'>ex</span> <span class='ocrx_word' id='word_1_158' title='bbox 1534 1718 1735 1758; x_wconf 87' lang='lat' dir='ltr'>anacrusi</span> 
     </span>
     <span class='ocr_line' id='line_1_24' title="bbox 224 1783 1735 1840; baseline 0.001 -16"><span class='ocrx_word' id='word_1_159' title='bbox 224 1783 504 1837; x_wconf 88' lang='lat' dir='ltr'>anapaestica</span> <span class='ocrx_word' id='word_1_160' title='bbox 534 1788 576 1825; x_wconf 88' lang='lat' dir='ltr'>et</span> <span class='ocrx_word' id='word_1_161' title='bbox 610 1784 764 1825; x_wconf 86' lang='lat' dir='ltr'>iambis</span> <span class='ocrx_word' id='word_1_162' title='bbox 797 1785 1079 1839; x_wconf 88' lang='lat' dir='ltr'>compositum</span> <span class='ocrx_word' id='word_1_163' title='bbox 1110 1786 1180 1840; x_wconf 87' lang='lat' dir='ltr'>[cf.</span> <span class='ocrx_word' id='word_1_164' title='bbox 1204 1786 1357 1827; x_wconf 83' lang='lat' dir='ltr'>Christ.</span> <span class='ocrx_word' id='word_1_165' title='bbox 1380 1790 1502 1828; x_wconf 87' lang='lat' dir='ltr'>metr.</span> <span class='ocrx_word' id='word_1_166' title='bbox 1524 1800 1593 1839; x_wconf 81' lang='lat' dir='ltr'>pg.</span> <span class='ocrx_word' id='word_1_167' title='bbox 1621 1786 1735 1840; x_wconf 54' lang='lat'>502}</span> 
     </span>
     <span class='ocr_line' id='line_1_25' title="bbox 224 1852 1734 1907; baseline 0.003 -15"><span class='ocrx_word' id='word_1_168' title='bbox 224 1852 267 1893; x_wconf 92' lang='lat' dir='ltr'>id</span> <span class='ocrx_word' id='word_1_169' title='bbox 311 1852 426 1905; x_wconf 90' lang='lat' dir='ltr'>quod</span> <span class='ocrx_word' id='word_1_170' title='bbox 463 1852 529 1893; x_wconf 87' lang='lat' dir='ltr'>vel</span> <span class='ocrx_word' id='word_1_171' title='bbox 569 1853 679 1893; x_wconf 90' lang='lat' dir='ltr'>arsis</span> <span class='ocrx_word' id='word_1_172' title='bbox 722 1852 888 1894; x_wconf 91' lang='lat' dir='ltr'>solutae</span> <span class='ocrx_word' id='word_1_173' title='bbox 931 1853 1056 1894; x_wconf 92' lang='lat' dir='ltr'>modo</span> <span class='ocrx_word' id='word_1_174' title='bbox 1098 1867 1149 1895; x_wconf 91' lang='lat' dir='ltr'>ac</span> <span class='ocrx_word' id='word_1_175' title='bbox 1189 1854 1434 1907; x_wconf 87' lang='lat' dir='ltr'>frequentia</span> <span class='ocrx_word' id='word_1_176' title='bbox 1476 1854 1734 1896; x_wconf 87' lang='lat' dir='ltr'>confutatur.</span> 
     </span>
     <span class='ocr_line' id='line_1_26' title="bbox 224 1920 1244 1963; baseline 0.003 -3"><span class='ocrx_word' id='word_1_177' title='bbox 224 1921 266 1961; x_wconf 89' lang='lat' dir='ltr'>in</span> <span class='ocrx_word' id='word_1_178' title='bbox 297 1920 379 1961; x_wconf 90' lang='lat' dir='ltr'>hoc</span> <span class='ocrx_word' id='word_1_179' title='bbox 411 1920 592 1961; x_wconf 89' lang='lat' dir='ltr'>multum</span> <span class='ocrx_word' id='word_1_180' title='bbox 625 1920 782 1962; x_wconf 87' lang='lat' dir='ltr'>diversi</span> <span class='ocrx_word' id='word_1_181' title='bbox 815 1921 971 1963; x_wconf 88' lang='lat' dir='ltr'>Graeci</span> <span class='ocrx_word' id='word_1_182' title='bbox 1008 1936 1058 1963; x_wconf 85' lang='lat' dir='ltr'>ac</span> <span class='ocrx_word' id='word_1_183' title='bbox 1090 1922 1244 1963; x_wconf 91' lang='lat' dir='ltr'>Latini.</span> 
     </span>
    </p>

    <p class='ocr_par' dir='ltr' id='par_1_10' title="bbox 225 1988 1738 2250">
     <span class='ocr_line' id='line_1_27' title="bbox 341 1988 1738 2045; baseline 0.001 -15"><span class='ocrx_word' id='word_1_184' title='bbox 341 1989 467 2043; x_wconf 89' lang='lat' dir='ltr'>Apud</span> <span class='ocrx_word' id='word_1_185' title='bbox 499 1988 577 2030; x_wconf 91' lang='lat' dir='ltr'>hos</span> <span class='ocrx_word' id='word_1_186' title='bbox 607 1990 877 2042; x_wconf 90' lang='lat' dir='ltr'>potissimum</span> <span class='ocrx_word' id='word_1_187' title='bbox 910 1991 1265 2044; x_wconf 87' lang='lat' dir='ltr'>notissimumque</span> <span class='ocrx_word' id='word_1_188' title='bbox 1288 1991 1528 2045; x_wconf 84' lang='lat' dir='ltr'>exemplum</span> <span class='ocrx_word' id='word_1_189' title='bbox 1550 1991 1738 2032; x_wconf 89' lang='lat' dir='ltr'>habetur</span> 
     </span>
     <span class='ocr_line' id='line_1_28' title="bbox 225 2058 1736 2114; baseline 0.001 -16"><span class='ocrx_word' id='word_1_190' title='bbox 225 2058 381 2099; x_wconf 87' lang='lat' dir='ltr'>Catulli</span> <span class='ocrx_word' id='word_1_191' title='bbox 414 2058 602 2099; x_wconf 86' lang='lat' dir='ltr'>carmine</span> <span class='ocrx_word' id='word_1_192' title='bbox 634 2058 783 2099; x_wconf 83' lang='lat' dir='ltr'>LXIII.</span> <span class='ocrx_word' id='word_1_193' title='bbox 847 2058 898 2099; x_wconf 89' lang='lat' dir='ltr'>de</span> <span class='ocrx_word' id='word_1_194' title='bbox 942 2073 1025 2112; x_wconf 91' lang='lat' dir='ltr'>quo</span> <span class='ocrx_word' id='word_1_195' title='bbox 1058 2074 1153 2101; x_wconf 90' lang='lat' dir='ltr'>cum</span> <span class='ocrx_word' id='word_1_196' title='bbox 1185 2074 1269 2101; x_wconf 89' lang='lat' dir='ltr'>non</span> <span class='ocrx_word' id='word_1_197' title='bbox 1301 2060 1406 2101; x_wconf 88' lang='lat' dir='ltr'>satis</span> <span class='ocrx_word' id='word_1_198' title='bbox 1438 2060 1561 2113; x_wconf 92' lang='lat' dir='ltr'>plene</span> <span class='ocrx_word' id='word_1_199' title='bbox 1592 2060 1736 2114; x_wconf 88' lang='lat' dir='ltr'>dispu-</span> 
     </span>
     <span class='ocr_line' id='line_1_29' title="bbox 226 2127 1736 2181; baseline 0.001 -14"><span class='ocrx_word' id='word_1_200' title='bbox 226 2130 362 2168; x_wconf 88' lang='lat' dir='ltr'>tatum</span> <span class='ocrx_word' id='word_1_201' title='bbox 396 2127 452 2167; x_wconf 90' lang='lat' dir='ltr'>sit</span> <span class='ocrx_word' id='word_1_202' title='bbox 483 2140 507 2167; x_wconf 93' lang='lat' dir='ltr'>a</span> <span class='ocrx_word' id='word_1_203' title='bbox 537 2141 603 2167; x_wconf 88' lang='lat' dir='ltr'>me</span> <span class='ocrx_word' id='word_1_204' title='bbox 636 2140 747 2168; x_wconf 89' lang='lat' dir='ltr'>anno</span> <span class='ocrx_word' id='word_1_205' title='bbox 787 2130 913 2179; x_wconf 78' lang='grc'>1861,</span> <span class='ocrx_word' id='word_1_206' title='bbox 957 2142 1067 2181; x_wconf 91' lang='lat' dir='ltr'>quae</span> <span class='ocrx_word' id='word_1_207' title='bbox 1098 2129 1140 2169; x_wconf 91' lang='lat' dir='ltr'>in</span> <span class='ocrx_word' id='word_1_208' title='bbox 1178 2128 1364 2170; x_wconf 89' lang='lat' dir='ltr'>editione</span> <span class='ocrx_word' id='word_1_209' title='bbox 1396 2128 1552 2170; x_wconf 83' lang='lat' dir='ltr'>Catulli</span> <span class='ocrx_word' id='word_1_210' title='bbox 1584 2142 1736 2170; x_wconf 87' lang='lat' dir='ltr'>novem</span> 
     </span>
     <span class='ocr_line' id='line_1_30' title="bbox 227 2195 1736 2250; baseline 0.002 -15"><span class='ocrx_word' id='word_1_211' title='bbox 227 2195 479 2248; x_wconf 82' lang='lat' dir='ltr'>annis&#39;post</span> <span class='ocrx_word' id='word_1_212' title='bbox 510 2196 713 2248; x_wconf 78' lang='lat' dir='ltr'>prompsi,</span> <span class='ocrx_word' id='word_1_213' title='bbox 756 2195 838 2236; x_wconf 89' lang='lat' dir='ltr'>hoc</span> <span class='ocrx_word' id='word_1_214' title='bbox 870 2195 965 2237; x_wconf 92' lang='lat' dir='ltr'>loco</span> <span class='ocrx_word' id='word_1_215' title='bbox 994 2200 1255 2250; x_wconf 86' lang='lat' dir='ltr'>repetentur.</span> <span class='ocrx_word' id='word_1_216' title='bbox 1315 2198 1448 2250; x_wconf 78' lang='lat' dir='ltr'>igitur</span> <span class='ocrx_word' id='word_1_217' title='bbox 1480 2197 1736 2250; x_wconf 85' lang='lat' dir='ltr'>galliambus</span> 
     </span>
    </p>
   </div>
   <div class='ocr_carea' id='block_1_5' title="bbox 227 2264 1736 2418">
    <p class='ocr_par' dir='ltr' id='par_1_11' title="bbox 227 2264 1736 2418">
     <span class='ocr_line' id='line_1_31' title="bbox 229 2264 1736 2316; baseline 0.001 -13"><span class='ocrx_word' id='word_1_218' title='bbox 229 2264 444 2316; x_wconf 81' lang='lat' dir='ltr'>geminato</span> <span class='ocrx_word' id='word_1_219' title='bbox 477 2277 570 2304; x_wconf 90' lang='lat' dir='ltr'>cum</span> <span class='ocrx_word' id='word_1_220' title='bbox 613 2267 780 2305; x_wconf 90' lang='lat' dir='ltr'>constet</span> <span class='ocrx_word' id='word_1_221' title='bbox 820 2268 1130 2311; x_wconf 87' lang='lat' dir='ltr'>anacreonteo,</span> <span class='ocrx_word' id='word_1_222' title='bbox 1176 2265 1250 2306; x_wconf 92' lang='lat' dir='ltr'>sed</span> <span class='ocrx_word' id='word_1_223' title='bbox 1291 2266 1429 2307; x_wconf 90' lang='lat' dir='ltr'>altero</span> <span class='ocrx_word' id='word_1_224' title='bbox 1470 2265 1736 2315; x_wconf 85' lang='lat' dir='ltr'>catalectico,</span> 
     </span>
     <span class='ocr_line' id='line_1_32' title="bbox 227 2331 567 2373; baseline 0 -1"><span class='ocrx_word' id='word_1_225' title='bbox 227 2334 270 2372; x_wconf 83' lang='lat' dir='ltr'>et</span> <span class='ocrx_word' id='word_1_226' title='bbox 300 2331 439 2372; x_wconf 84' lang='lat' dir='ltr'>forma</span> <span class='ocrx_word' id='word_1_227' title='bbox 468 2331 567 2373; x_wconf 91' lang='lat' dir='ltr'>tali:</span> 
     </span>
     <span class='ocr_line' id='line_1_33' title="bbox 635 2398 1162 2418; baseline 0.006 -3"><span class='ocrx_word' id='word_1_228' title='bbox 635 2398 647 2415; x_wconf 88' lang='grc' dir='ltr'><em>Ι</em></span> <span class='ocrx_word' id='word_1_229' title='bbox 680 2398 692 2415; x_wconf 90' lang='grc' dir='ltr'><em>Ι</em></span> <span class='ocrx_word' id='word_1_230' title='bbox 787 2399 800 2416; x_wconf 88' lang='grc' dir='ltr'><em>Ι</em></span> <span class='ocrx_word' id='word_1_231' title='bbox 832 2399 845 2416; x_wconf 92' lang='grc' dir='ltr'><em>Ι</em></span> <span class='ocrx_word' id='word_1_232' title='bbox 997 2399 1010 2416; x_wconf 90' lang='grc' dir='ltr'><em>Ι</em></span> <span class='ocrx_word' id='word_1_233' title='bbox 1041 2399 1054 2417; x_wconf 98' lang='grc' dir='ltr'><em>Ι</em></span> <span class='ocrx_word' id='word_1_234' title='bbox 1149 2400 1162 2418; x_wconf 88' lang='grc' dir='ltr'><em>Ι</em></span> 
     </span>
    </p>
   </div>
   <div class='ocr_carea' id='block_1_6' title="bbox 559 2389 1414 2499">
    <p class='ocr_par' dir='ltr' id='par_1_12' title="bbox 559 2389 1414 2499">
     <span class='ocr_line' id='line_1_34' title="bbox 559 2389 1167 2445; baseline 0.003 -16"><span class='ocrx_word' id='word_1_235' title='bbox 559 2413 849 2433; x_wconf 56' lang='grc' dir='ltr'><strong>υυ-«υυ--</strong></span> <span class='ocrx_word' id='word_1_236' title='bbox 883 2389 886 2445; x_wconf 86' lang='grc' dir='ltr'>Ι</span> <span class='ocrx_word' id='word_1_237' title='bbox 922 2413 1167 2431; x_wconf 82' lang='grc' dir='ltr'><strong>υυ--υυ-</strong></span> 
     </span>
     <span class='ocr_line' id='line_1_35' title="bbox 559 2452 1414 2499; baseline 0.004 -14"><span class='ocrx_word' id='word_1_238' title='bbox 559 2453 670 2486; x_wconf 87' lang='lat' dir='ltr'>abero</span> <span class='ocrx_word' id='word_1_239' title='bbox 699 2452 785 2486; x_wconf 88' lang='lat' dir='ltr'>sede</span> <span class='ocrx_word' id='word_1_240' title='bbox 811 2455 974 2497; x_wconf 84' lang='lat' dir='ltr'>paterna,</span> <span class='ocrx_word' id='word_1_241' title='bbox 1001 2453 1118 2487; x_wconf 86' lang='lat' dir='ltr'>stadio</span> <span class='ocrx_word' id='word_1_242' title='bbox 1145 2456 1182 2488; x_wconf 91' lang='lat' dir='ltr'>et</span> <span class='ocrx_word' id='word_1_243' title='bbox 1206 2455 1414 2499; x_wconf 79' lang='lat' dir='ltr'>gymnasiis,</span> 
     </span>
    </p>
   </div>
   <div class='ocr_carea' id='block_1_7' title="bbox 228 2519 1739 2914">
    <p class='ocr_par' dir='ltr' id='par_1_13' title="bbox 228 2519 1739 2914">
     <span class='ocr_line' id='line_1_36' title="bbox 229 2519 1737 2573; baseline 0.002 -13"><span class='ocrx_word' id='word_1_244' title='bbox 229 2519 421 2561; x_wconf 85' lang='lat' dir='ltr'>Catullus</span> <span class='ocrx_word' id='word_1_245' title='bbox 462 2534 696 2573; x_wconf 88' lang='lat' dir='ltr'>numquam</span> <span class='ocrx_word' id='word_1_246' title='bbox 744 2521 918 2562; x_wconf 87' lang='lat' dir='ltr'>admisit</span> <span class='ocrx_word' id='word_1_247' title='bbox 958 2522 1144 2563; x_wconf 88' lang='lat' dir='ltr'>ionicum</span> <span class='ocrx_word' id='word_1_248' title='bbox 1188 2536 1213 2563; x_wconf 91' lang='lat' dir='ltr'>a</span> <span class='ocrx_word' id='word_1_249' title='bbox 1253 2523 1419 2564; x_wconf 88' lang='lat' dir='ltr'>minori.</span> <span class='ocrx_word' id='word_1_250' title='bbox 1481 2536 1578 2564; x_wconf 89' lang='lat' dir='ltr'>nam</span> <span class='ocrx_word' id='word_1_251' title='bbox 1615 2537 1650 2564; x_wconf 89' lang='lat' dir='ltr'>v.</span> <span class='ocrx_word' id='word_1_252' title='bbox 1686 2525 1737 2563; x_wconf 75' lang='lat'>18</span> 
     </span>
     <span class='ocr_line' id='line_1_37' title="bbox 228 2587 1738 2641; baseline 0.003 -13"><span class='ocrx_word' id='word_1_253' title='bbox 228 2587 478 2641; x_wconf 79' lang='lat' dir='ltr'>legendum:</span> <span class='ocrx_word' id='word_1_254' title='bbox 511 2592 689 2629; x_wconf 71' lang='lat' dir='ltr'>hilarate</span> <span class='ocrx_word' id='word_1_255' title='bbox 711 2603 808 2630; x_wconf 76' lang='lat' dir='ltr'>erae</span> <span class='ocrx_word' id='word_1_256' title='bbox 831 2593 965 2630; x_wconf 71' lang='lat' dir='ltr'>citatis</span> <span class='ocrx_word' id='word_1_257' title='bbox 988 2593 1198 2631; x_wconf 75' lang='lat' dir='ltr'>erroribus</span> <span class='ocrx_word' id='word_1_258' title='bbox 1221 2595 1420 2641; x_wconf 75' lang='lat' dir='ltr'>animum;</span> <span class='ocrx_word' id='word_1_259' title='bbox 1452 2595 1505 2632; x_wconf 80' lang='lat'>54</span> <span class='ocrx_word' id='word_1_260' title='bbox 1539 2598 1575 2632; x_wconf 78' lang='lat' dir='ltr'>el</span> <span class='ocrx_word' id='word_1_261' title='bbox 1598 2605 1738 2632; x_wconf 72' lang='lat' dir='ltr'>earum</span> 
     </span>
     <span class='ocr_line' id='line_1_38' title="bbox 230 2656 1737 2711; baseline 0.001 -14"><span class='ocrx_word' id='word_1_262' title='bbox 230 2664 372 2707; x_wconf 65' lang='lat' dir='ltr'>oper-la</span> <span class='ocrx_word' id='word_1_263' title='bbox 402 2656 485 2711; x_wconf 86' lang='lat' dir='ltr'>(vel</span> <span class='ocrx_word' id='word_1_264' title='bbox 518 2658 665 2711; x_wconf 76' lang='lat' dir='ltr'>opaca)</span> <span class='ocrx_word' id='word_1_265' title='bbox 699 2660 856 2698; x_wconf 74' lang='lat' dir='ltr'>adirem</span> <span class='ocrx_word' id='word_1_266' title='bbox 891 2661 1124 2709; x_wconf 76' lang='lat' dir='ltr'>furibunda</span> <span class='ocrx_word' id='word_1_267' title='bbox 1156 2662 1351 2709; x_wconf 75' lang='lat' dir='ltr'>Zalibula;</span> <span class='ocrx_word' id='word_1_268' title='bbox 1393 2662 1445 2700; x_wconf 88' lang='grc'>60</span> <span class='ocrx_word' id='word_1_269' title='bbox 1478 2662 1602 2700; x_wconf 72' lang='lat' dir='ltr'>abero</span> <span class='ocrx_word' id='word_1_270' title='bbox 1627 2664 1737 2710; x_wconf 80' lang='lat' dir='ltr'>foro,</span> 
     </span>
     <span class='ocr_line' id='line_1_39' title="bbox 228 2726 1739 2781; baseline 0.001 -16"><span class='ocrx_word' id='word_1_271' title='bbox 228 2729 459 2774; x_wconf 77' lang='lat' dir='ltr'>palaestra,</span> <span class='ocrx_word' id='word_1_272' title='bbox 491 2728 623 2765; x_wconf 76' lang='lat' dir='ltr'>stadio</span> <span class='ocrx_word' id='word_1_273' title='bbox 656 2731 694 2765; x_wconf 83' lang='lat' dir='ltr'>et</span> <span class='ocrx_word' id='word_1_274' title='bbox 722 2728 961 2776; x_wconf 55' lang='lat' dir='ltr'>meminus-iis</span> <span class='ocrx_word' id='word_1_275' title='bbox 993 2726 1194 2779; x_wconf 89' lang='lat' dir='ltr'>(ideoque</span> <span class='ocrx_word' id='word_1_276' title='bbox 1230 2731 1301 2778; x_wconf 82' lang='grc'>64,</span> <span class='ocrx_word' id='word_1_277' title='bbox 1334 2741 1595 2781; x_wconf 86' lang='lat' dir='ltr'>quamquam</span> <span class='ocrx_word' id='word_1_278' title='bbox 1629 2727 1739 2767; x_wconf 86' lang='lat' dir='ltr'>citra</span> 
     </span>
     <span class='ocr_line' id='line_1_40' title="bbox 230 2793 1738 2849; baseline 0.001 -16"><span class='ocrx_word' id='word_1_279' title='bbox 230 2793 531 2834; x_wconf 86' lang='lat' dir='ltr'>necessitatem</span> <span class='ocrx_word' id='word_1_280' title='bbox 563 2793 713 2835; x_wconf 87' lang='lat' dir='ltr'>metri:</span> <span class='ocrx_word' id='word_1_281' title='bbox 742 2807 816 2844; x_wconf 68' lang='lat'>690</span> <span class='ocrx_word' id='word_1_282' title='bbox 846 2797 1050 2845; x_wconf 69' lang='lat' dir='ltr'>quminasz‘</span> <span class='ocrx_word' id='word_1_283' title='bbox 1083 2798 1152 2846; x_wconf 72' lang='lat' dir='ltr'>feci</span> <span class='ocrx_word' id='word_1_284' title='bbox 1182 2796 1298 2849; x_wconf 72' lang='lat' dir='ltr'>flos),</span> <span class='ocrx_word' id='word_1_285' title='bbox 1339 2809 1437 2836; x_wconf 89' lang='lat' dir='ltr'>nam</span> <span class='ocrx_word' id='word_1_286' title='bbox 1468 2799 1738 2846; x_wconf 67' lang='lat' dir='ltr'>yuminasium</span> 
     </span>
     <span class='ocr_line' id='line_1_41' title="bbox 231 2861 1387 2914; baseline 0.003 -14"><span class='ocrx_word' id='word_1_287' title='bbox 231 2861 359 2901; x_wconf 86' lang='lat' dir='ltr'>etiam</span> <span class='ocrx_word' id='word_1_288' title='bbox 393 2875 458 2914; x_wconf 91' lang='lat' dir='ltr'>ap.</span> <span class='ocrx_word' id='word_1_289' title='bbox 494 2862 729 2903; x_wconf 89' lang='lat' dir='ltr'>Varronem</span> <span class='ocrx_word' id='word_1_290' title='bbox 764 2861 801 2902; x_wconf 93' lang='lat' dir='ltr'>d.</span> <span class='ocrx_word' id='word_1_291' title='bbox 825 2876 856 2902; x_wconf 91' lang='lat' dir='ltr'>r.</span> <span class='ocrx_word' id='word_1_292' title='bbox 879 2876 911 2902; x_wconf 86' lang='lat' dir='ltr'>r.</span> <span class='ocrx_word' id='word_1_293' title='bbox 944 2862 973 2912; x_wconf 95' lang='lat' dir='ltr'>I,</span> <span class='ocrx_word' id='word_1_294' title='bbox 1007 2867 1072 2912; x_wconf 79' lang='lat'>55,</span> <span class='ocrx_word' id='word_1_295' title='bbox 1105 2867 1130 2903; x_wconf 87' lang='lat'>4</span> <span class='ocrx_word' id='word_1_296' title='bbox 1162 2864 1387 2904; x_wconf 85' lang='lat' dir='ltr'>invenitur.</span> 
     </span>
    </p>
   </div>
  </div>
 </body>
</html>
