1898 3292
258 153 336 190 198
851 159 970 184 L1BER
989 158 1163 183 TERTIVS.

254 263 393 304 minus
426 262 611 303 dilucide
644 263 945 302 discernantur
977 275 1104 314 quam
1135 261 1458 301 sententiarum.
1521 262 1635 314 quod
1668 262 1761 302 ubi—

255 345 437 385 cumque
482 330 716 385 impeditur
761 330 905 371 mixtis
951 330 1082 370 nimia
1127 328 1438 382 inaequalitate
1485 333 1527 370 et
1574 330 1761 372 turbatis

253 401 414 441 interse
444 399 656 453 partibus,
690 412 773 439 non
804 402 948 439 tamen
981 397 1151 439 decebit
1181 411 1259 451 per
1289 397 1522 439 ludibrium
1556 412 1645 439 rem
1677 399 1761 440 dis-

254 468 465 519 simulari,
505 467 706 521 quoniam
738 467 910 508 minime
942 466 1107 508 elevato
1138 465 1407 507 incommodo
1438 470 1606 507 tantum
1638 468 1690 508 ob
1718 468 1762 509 id

252 539 393 591 ipsum
436 535 781 590 reprehensionis
822 535 938 589 apud
980 535 1143 588 peritos
1181 534 1402 575 auditores
1443 535 1629 577 adicitur
1660 550 1761 577 ana—

254 608 446 659 gnostae,
478 607 687 658 quantum
719 603 965 644 detrahitur
994 607 1149 657 poetae
1172 602 1287 657 apud
1309 616 1392 643 non
1414 603 1588 656 peritos.
1650 608 1761 645 cete-

254 689 347 715 rum
370 673 568 714 videntur
589 676 755 715 veteres
786 672 946 714 diutius
977 672 1103 713 metri
1132 686 1259 725 quam
1293 672 1531 713 sententiae
1558 672 1641 713 fine
1665 687 1762 714 con-

253 741 431 784 tinuisse
462 755 620 783 vocem.

368 811 459 851 Iam
510 823 621 864 quae
671 809 798 850 modo
850 809 1124 863 exposuimus
1175 808 1490 862 quadamtenus
1545 810 1763 852 immutari

254 882 461 930 verumst,
505 878 765 932 ubicumque
802 878 947 932 plures
978 891 1126 919 versus
1158 878 1401 932 systematis
1433 880 1553 919 certa
1582 879 1761 931 iungun-

253 952 324 990 tur
356 947 576 1003 synaphia.
638 950 683 988 at
713 946 797 988 illis
827 946 899 1000 qui
932 946 1130 999 suptilius
1162 949 1310 987 utetur
1338 945 1596 997 rationibus‚
1636 946 1762 989 facile

253 1018 339 1058 iam
370 1016 574 1067 inveniet,
608 1029 685 1057 cur
715 1018 757 1057 et
788 1015 832 1056 in
866 1015 1113 1068 compositis
1142 1014 1348 1065 numeris,
1391 1028 1442 1055 ex
1470 1015 1638 1056 duobus
1671 1030 1762 1056 ver-

254 1086 373 1127 sibus
406 1088 481 1126 aut
510 1098 594 1126 uno
626 1092 668 1125 et
699 1087 821 1138 parte
855 1083 1034 1124 alterius
1067 1083 1139 1136 qui
1172 1087 1389 1134 constant,
1431 1083 1539 1124 haec
1579 1084 1764 1126 discerni

254 1153 448 1196 membra
488 1156 688 1207 oporteat
723 1152 855 1193 finitis
897 1151 1118 1193 vocabulis
1159 1155 1202 1193 et
1240 1152 1284 1192 in
1325 1151 1590 1206 simplicibus
1631 1153 1762 1207 aptis-

255 1223 408 1264 simum
441 1222 497 1263 sit
525 1222 589 1263 ita
620 1220 833 1262 collocare
865 1234 1106 1271 caesuram,
1137 1220 1188 1261 de
1221 1234 1306 1274 qua
1334 1221 1481 1262 statim
1514 1221 1762 1274 disseretur,

253 1292 351 1334 novi
384 1294 433 1333 ut
465 1290 672 1332 divisione
703 1289 820 1330 facta
850 1303 998 1330 versus
1028 1288 1253 1343 prodeant.

369 1360 503 1402 Porro
535 1358 801 1412 intellegitur
832 1358 1039 1399 interesse
1060 1371 1350 1408 numerorum,
1382 1371 1434 1398 ne
1457 1359 1610 1412 singuli
1632 1359 1764 1413 pedes

254 1429 380 1470 nimis
413 1442 542 1482 saepe
573 1427 752 1481 singulis
781 1426 1024 1468 efficiantur
1057 1426 1211 1468 verbis.
1265 1440 1375 1480 quae
1399 1426 1612 1481 dirempta
1633 1428 1763 1469 inter-

254 1498 372 1539 stitio
411 1497 545 1548 vocis,
588 1495 702 1549 quod
739 1495 788 1536 fit
829 1495 942 1537 inter
981 1498 1130 1549 partes
1173 1496 1397 1547 orationis,
1440 1510 1607 1537 versum
1650 1496 1689 1537 h.
1729 1512 1762 1538 e.

257 1580 364 1620 opus
396 1568 489 1607 arte
519 1564 761 1606 confectum
792 1564 835 1605 in
869 1577 947 1605 sua
968 1563 1188 1605 resolvunt
1210 1563 1422 1605 elementa
1444 1568 1486 1605 et
1518 1565 1763 1618 primordia,

254 1648 337 1676 non
368 1636 417 1675 ut
455 1632 586 1687 pedes
619 1646 778 1674 arcano
810 1632 996 1686 quodam
1029 1633 1135 1673 artis
1168 1632 1336 1674 vinculo
1373 1633 1526 1685 iuncti,
1563 1633 1638 1675 sed
1678 1634 1763 1675 vel-

254 1702 317 1743 uti
348 1701 611 1754 margaritae
644 1715 718 1743 seu
748 1701 886 1755 lapilli
917 1701 961 1742 in
995 1701 1189 1742 ornanda
1217 1704 1334 1743 veste
1366 1715 1469 1744 casu
1497 1702 1626 1756 positi
1647 1702 1762 1744 vide-

254 1774 393 1812 antur.

368 1839 528 1881 Verum
573 1838 681 1880 haec
721 1852 816 1879 cum
858 1838 901 1879 in
941 1838 1104 1880 maiore
1134 1852 1282 1880 versus
1321 1842 1446 1893 parte
1486 1839 1603 1881 haud
1634 1840 1763 1882 dubie

255 1908 448 1962 optineat
484 1907 616 1959 ratio,
658 1910 801 1948 tamen
842 1907 1077 1949 servandus
1114 1911 1180 1949 est
1206 1908 1377 1960 modus,
1426 1909 1646 1962 quoniam,
1681 1910 1763 1951 nisi

254 1979 376 2018 certa
405 1979 623 2017 statuetur
654 1990 815 2027 norma,
850 1976 1005 2017 inverti
1034 1979 1216 2030 possunt
1236 1976 1428 2018 funditus
1452 1981 1494 2018 et
1514 1977 1763 2031 perturbari

256 2045 422 2087 numeri
454 2044 733 2099 principaleS,
778 2045 950 2087 minime
982 2046 1068 2087 iam
1097 2049 1145 2087 ut
1176 2049 1343 2087 constet
1378 2046 1556 2087 carmini
1587 2047 1764 2100 propria

254 2117 412 2155 natura
455 2116 498 2155 et
539 2113 671 2167 origo.
743 2114 858 2167 quod
901 2114 1216 2156 incommodum
1258 2118 1305 2156 ut
1350 2115 1528 2166 vitetur⁷
1566 2115 1762 2157 ultimum

255 2185 370 2224 certe
411 2181 564 2236 pedem
609 2196 703 2223 cum
745 2182 1009 2236 paenultimo
1050 2183 1271 2237 proprium
1313 2183 1498 2224 retinere
1538 2199 1763 2226 numerum

255 2265 336 2306 par
372 2254 455 2302 est⁷
495 2264 579 2304 quo
619 2251 813 2292 nitantur
844 2251 960 2293 velut
990 2251 1269 2293 fundamento
1302 2255 1463 2303 cetera,
1507 2266 1585 2294 nec
1623 2253 1762 2295 minus

254 2319 350 2361 ideo
383 2319 499 2373 quod
530 2319 827 2360 recentissima
859 2334 1055 2374 quaeque
1078 2321 1263 2361 maxime
1284 2320 1512 2362 inhaerent
1533 2321 1762 2364 mentibus.

368 2399 602 2440 Praeterea
634 2413 730 2440 cum
760 2399 803 2440 in
834 2401 982 2441 metris
1012 2400 1279 2453 longioribus
1309 2401 1375 2442 vel
1406 2401 1551 2443 mixtis
1584 2405 1626 2443 et
1664 2417 1761 2444 con-

254 2468 360 2510 fusis
390 2467 516 2508 facile
542 2468 710 2521 possint
739 2468 842 2509 oriri
873 2482 1021 2510 versus
1051 2469 1149 2510 novi
1177 2483 1255 2510 nec
1276 2483 1359 2510 non
1380 2470 1423 2510 in
1445 2469 1606 2512 talibus
1630 2471 1763 2512 taedii

255 2535 410 2578 afferat
432 2535 596 2590 aliquid
619 2549 700 2577 vox
730 2550 814 2577 non
844 2528 1082 2579 subsistens
1115 2537 1196 2578 nisi
1227 2541 1324 2591 post
1354 2541 1521 2592 partem
1553 2539 1760 2592 ultimam,

254 2605 480 2646 voluerunt
531 2604 670 2646 medio
721 2619 898 2646 numero
948 2606 1099 2648 adesse
1150 2605 1467 2648 distinctionem
1513 2621 1591 2661 per
1634 2608 1761 2650 finem

254 2672 373 2714 verbi
405 2672 582 2714 auribus
621 2673 786 2726 pariter
818 2674 1038 2727 oculisque
1075 2674 1396 2728 percipiendam
1439 2678 1482 2716 et
1524 2676 1761 2729 elegantiae

253 2741 405 2794 regula
425 2741 764 2795 temperandam,
801 2756 884 2795 quo
906 2742 1100 2795 legitima
1120 2743 1244 2785 fieret
1273 2757 1411 2797 pausa
1437 2744 1604 2798 rythmi.
1649 2760 1760 2799 quae

253 2808 365 2865 τομή
396 2823 422 2850 a
448 2809 639 2862 Graecis,
671 2824 696 2852 a
727 2810 930 2852 Romanis
963 2814 1141 2854 vocatur
1173 2826 1363 2857 caesura.
