1898 3292
791 245 911 270 LIBER
929 244 1104 270 Tssnrrvs.
1622 233 1702 273 207

189 349 404 401 LXXVII,
441 349 484 390 in
517 347 713 389 omnibus
745 347 992 397 Bucolicon,
1034 346 1292 399 Georgicon,
1335 345 1546 386 Aeneidos
1578 344 1699 385 libris

190 432 337 459 versus
382 417 582 459 muliebri
629 429 810 458 caesura
854 415 1076 469 praeditos
1121 414 1243 468 ponit
1287 414 1427 454 minus
1471 414 1557 454 LX.
1599 427 1697 454 nam

190 486 372 528 eundem
413 485 631 527 difficilest
672 484 727 526 ad
773 483 1033 525 credendum
1081 483 1354 524 continuasse
1401 482 1443 522 in
1485 481 1699 522 Bucolicis

189 555 246 609 [6,
280 555 352 609 80]
383 554 634 596 incisionem
668 552 846 594 eandem
878 552 1073 594 versibus
1103 551 1191 593 his:

464 645 535 678 quo
564 644 672 667 cursu
698 633 845 667 deserta
868 631 1042 677 petiverit
1067 634 1104 666 et
1130 631 1263 675 quibus
1291 633 1373 664 ante

462 690 589 724 infelix
614 702 678 724 sua
703 692 803 724 tecta
829 689 1150 733 supervolitaverit
1177 688 1253 722 alis.

190 773 329 813 neque
370 759 481 800 enim
524 759 639 812 quod
670 758 887 800 Ciceronis
920 761 995 799 aut
1024 757 1214 798 Lucretii
1247 759 1289 797 et
1320 755 1490 797 Horatii
1532 756 1702 809 paucis-

190 829 307 870 simis
339 828 479 870 evenit
511 827 734 881 exemplis,
777 826 948 868 decebit
978 826 1115 876 illum,
1161 839 1256 866 cum
1298 838 1437 878 neque
1474 825 1565 878 ipse
1599 824 1702 865 alibi

190 910 327 950 neque
358 896 674 949 insequentium
706 896 933 948 quisquam
976 894 1256 935 classicorum
1294 907 1476 946 usquam
1510 893 1597 933 tale
1628 892 1702 933 ad—

189 965 365 1006 miserit.
427 978 560 1018 quare
594 964 746 1005 melius
777 963 884 1005 illud
921 965 1276 1014 supervolitaverit
1310 961 1523 1002 distinctis
1555 960 1702 1002 effere-

191 1048 284 1075 mus
315 1033 502 1075 vocibus.
534 1059 589 1063 -—
617 1037 662 1074 at
693 1033 856 1074 Statius
888 1033 1026 1086 primo
1049 1030 1294 1072 Thebaidos
1328 1030 1540 1071 volumine
1571 1029 1704 1070 habet

190 1102 370 1144 totidem
399 1116 547 1144 versus
585 1102 941 1156 semiseptenaria
974 1114 1154 1142 caesura
1187 1099 1431 1150 distinctos,
1465 1102 1570 1152 quot
1600 1098 1703 1139 totis

191 1171 364 1225 scriptis
396 1172 486 1213 eius
520 1174 668 1213 extant
700 1185 795 1212 cum
826 1170 957 1211 tertia
993 1169 1228 1211 trochaica.
1289 1168 1502 1210 Iuvenalis
1545 1169 1703 1208 saturis

193 1241 248 1281 VI
279 1244 322 1281 et
351 1240 451 1282 XIV
479 1240 613 1282 habet
642 1240 759 1281 illam
784 1252 1007 1281 caesuram
1030 1237 1322 1291 quadragiens
1344 1236 1423 1287 bis,
1456 1239 1501 1278 at
1522 1236 1703 1277 alteram

193 1309 363 1350 omnino
403 1309 616 1350 undecies.
678 1311 906 1362 praeterea
943 1306 1141 1348 Valerius
1174 1306 1355 1347 Flaccus
1399 1304 1521 1346 libris
1563 1305 1702 1358 primo

193 1380 236 1418 et
257 1380 408 1419 octavo
430 1377 542 1419 virili
564 1377 701 1418 utitur
733 1376 1005 1418 distinctione
1038 1375 1328 1428 quadragiens
1360 1374 1547 1425 noviens,
1579 1373 1702 1414 muli-

194 1446 286 1487 ebri
317 1460 394 1501 per
423 1448 562 1487 totum
595 1459 701 1499 opus
730 1445 861 1487 semel
892 1445 954 1486 ita
986 1444 1076 1499 [III,
1110 1444 1230 1498 191]:

387 1526 501 1560 frater
524 1525 657 1570 Hagen
683 1525 941 1569 Thapsumque
971 1524 1296 1568 securigerumque
1324 1522 1499 1557 Nealcen.

192 1609 321 1650 porro
353 1595 552 1636 Lucanus
584 1608 807 1636 caesuram
843 1593 955 1634 hanc
998 1607 1093 1634 cum
1134 1605 1368 1645 numquam
1410 1591 1590 1642 habeat,
1630 1590 1705 1631 illa

194 1668 309 1706 certe
348 1664 486 1705 utitur
527 1663 704 1704 triciens
746 1663 925 1704 sexiens.
992 1675 1092 1703 mox
1133 1660 1393 1702 Prudentius
1439 1659 1702 1701 trochaicam

193 1732 443 1774 divisionem
475 1731 609 1773 habet
645 1731 757 1773 senis
788 1731 911 1781 locis,
953 1743 1099 1771 verum
1143 1729 1325 1771 alteram
1366 1729 1479 1770 senis
1519 1742 1570 1769 ac
1610 1741 1704 1782 sep-

192 1800 405 1855 tuagenis.

305 1870 396 1911 Iam
429 1869 545 1923 apud
576 1869 653 1911 hos
687 1872 729 1911 et
758 1868 867 1910 tales
911 1871 1110 1909 auctores
1154 1867 1256 1921 quin
1294 1880 1420 1908 versu
1455 1865 1546 1917 illo,
1587 1864 1700 1906 unde

194 1939 280 1980 orsi
314 1953 471 1990 sumus,
517 1937 750 1990 ‘infandum
781 1940 929 1989 reyina
961 1939 1073 1978 iubes
1103 1949 1305 1977 renovare
1337 1932 1536 1976 dolorem'
1580 1948 1705 1988 prae—

193 2010 259 2048 ter
288 2007 633 2049 trithemimerim
666 2007 759 2047 sola
800 2006 903 2047 insit
945 2004 1341 2059 hephthemimeris,
1380 2003 1531 2057 paucis
1575 2003 1703 2044 credo

194 2075 286 2117 fore
316 2075 506 2117 dubium.
569 2075 727 2116 etenim
759 2074 794 2115 si
825 2074 908 2115 fuit
936 2074 1087 2115 incisio
1118 2076 1218 2127 post
1246 2072 1499 2114 trochaeum
1527 2072 1702 2113 tertium

193 2144 288 2196 isto,
319 2144 432 2186 unde
464 2158 608 2186 sumus
639 2143 835 2197 profecti,
867 2146 1017 2194 metro,
1046 2156 1121 2183 cur
1154 2155 1301 2183 versus
1332 2140 1406 2193 illi,
1439 2141 1512 2195 qui
1542 2140 1705 2182 habent

196 2226 419 2255 caesuram
452 2213 631 2254 eandem
662 2226 745 2253 non
774 2211 897 2253 finita
927 2212 970 2252 in
1008 2214 1164 2265 quarta
1205 2210 1291 2252 arsi
1330 2213 1455 2264 parte
1486 2209 1705 2260 orationis,

192 2284 282 2323 tam
312 2281 402 2323 rari
433 2295 611 2323 evenere
644 2280 758 2335 apud
781 2280 984 2322 eosdem?
1014 2293 1144 2334 porro
1167 2279 1280 2321 unde
1300 2278 1452 2320 lectori
1474 2281 1706 2332 appareret

192 2350 398 2392 incisione
436 2350 659 2391 trochaica
695 2350 860 2403 potius,
910 2349 1071 2402 alioqui
1111 2362 1248 2402 paene
1293 2347 1523 2398 inusitata,
1575 2360 1704 2400 quam

195 2432 258 2469 ea,
290 2432 401 2472 quae
430 2419 591 2473 passim
613 2418 808 2472 plurimis
832 2417 1115 2459 adhiberetur
1136 2416 1355 2470 exemplis,
1386 2429 1556 2457 versum
1579 2428 1704 2468 opor-

194 2490 286 2528 tere
316 2487 551 2540 distingui'?
613 2500 747 2540 quare
780 2486 884 2527 mihi
915 2486 1022 2527 illud
1059 2486 1196 2527 solum
1236 2485 1374 2540 possit
1417 2484 1548 2534 obici,
1591 2483 1706 2537 quod

193 2559 344 2609 poetas
388 2555 506 2596 haud
549 2568 712 2609 paucos
759 2558 801 2596 et
841 2558 986 2597 cetera
1026 2554 1424 2608 praestantissimos
1464 2551 1578 2593 infra
1624 2552 1703 2592 sim

195 2623 569 2665 demonstraturus
619 2637 719 2664 raro
770 2624 833 2664 uti
885 2623 1242 2676 semiseptenaria
1290 2622 1417 2663 aliter
1477 2635 1605 2674 quam
1656 2624 1705 2661 ut

194 2692 359 2745 pariter
393 2694 469 2732 aut
497 2695 596 2745 post
625 2691 798 2732 tertiam
829 2692 945 2733 arsin
987 2695 1062 2732 aut
1101 2694 1198 2745 post
1238 2690 1470 2732 secundam
1502 2689 1617 2730 arsin
1650 2689 1704 2728 si-

195 2760 283 2801 mul
315 2764 357 2801 et
386 2759 562 2801 tertium
594 2760 848 2801 trochaeum
876 2759 1104 2810 incidatur,
1137 2772 1318 2812 quorum
1350 2758 1543 2811 legitima
1565 2760 1704 2798 metra

196 2829 282 2869 sint
311 2828 445 2869 haec:

469 2907 595 2941 oscula
617 2907 746 2941 libavit
771 2910 888 2942 natae,
937 2907 1069 2942 dehinc
1096 2907 1183 2941 talia
1207 2906 1314 2939 fatur.

469 2964 656 2998 infandum
684 2965 807 3007 regina
833 2965 936 2999 iubes
962 2975 1138 2998 renovare
1165 2964 1351 3005 dolorem3
