1898 3292
264 227 346 265 498
849 234 969 259 LIBER
989 233 1190 259 SEPTIMVS.

264 336 377 389 apud
419 336 695 389 antiquiores
765 336 828 376 ita
867 336 976 376 enim
1018 335 1153 375 habes
1199 334 1313 388 apud
1356 333 1563 375 Lucilium
1613 333 1652 389 [1.
1685 334 1764 376 inc.

268 405 363 457 113]
399 407 581 451 Allicorm
619 403 732 456 apud
768 404 1002 444 Varronem
1041 403 1233 456 [Eumen.
1268 406 1340 452 453
1371 402 1545 454 Mam-ip.
1581 405 1624 453 33
1657 403 1766 443 mod.

265 472 305 526 5]
340 475 513 521 Altiees;
544 475 748 520 astrice22;
777 474 983 521 Delphice.
1036 471 1110 511 sed
1140 483 1435 523 quaecumque
1471 469 1585 522 apud
1612 470 1767 511 Lucre—

262 540 366 581 tium
395 540 506 581 libro
538 540 594 581 IV
627 553 652 580 a
683 554 718 580 v.
753 542 860 581 1152
902 552 1038 592 usque
1081 538 1136 579 ad
1166 542 1213 579 61
1250 542 1348 579 sunt
1378 537 1637 590 perscripta,
1675 539 1768 579 iure

263 609 432 659 omitto,
470 608 571 661 quia
603 607 781 648 Graecis
814 607 957 661 potius
989 606 1175 648 debuere
1206 605 1329 647 reddi
1360 605 1526 646 litteris.
1589 609 1634 646 at
1667 607 1767 647 Ver-

263 677 388 730 gilius
421 676 529 717 dixit
560 675 716 731 [bucol.
749 679 811 725 10,
845 676 912 728 12]
947 678 1091 721 Aonie,
1129 674 1257 716 Silius
1291 673 1417 730 [XIV,
1449 674 1547 727 515]
1588 676 1767 726 Orlyffl'e,

263 749 305 786 et
343 746 406 786 ita
439 748 594 795 Paphie
625 744 691 784 vel
726 747 905 794 Paphien
949 743 1084 793 multi,
1127 747 1174 783 ut
1216 741 1450 784 Columella
1491 742 1626 796 [193],
1673 742 1767 783 Sta-

262 813 347 854 tius
386 812 492 867 [silv.
524 812 603 863 111,
634 816 672 861 4,
705 812 795 865 82],
839 811 1050 852 Martialis
1084 811 1191 865 [VIL
1223 814 1287 860 74,
1320 809 1378 865 4],
1421 810 1631 850 Ausonius
1673 824 1768 851 cum

263 881 477 922 Martiano
512 879 660 935 [epigr.
695 884 761 929 94,
795 882 840 930 3;
871 878 920 919 cf.
948 879 1000 920 id.
1039 883 1100 927 14,
1134 882 1210 929 213
1242 878 1314 929 VI,
1349 881 1442 929 704,
1480 877 1530 933 l].
1559 903 1612 907 —-
1644 892 1767 931 gene-

261 950 393 990 tivum
436 948 636 989 adieetivi
676 947 839 1001 proprii
882 961 956 1000 per
995 950 1008 987 ἱ
1050 961 1179 988 unum
1220 946 1372 987 efferre
1412 945 1527 987 solus
1567 947 1768 987 sustinuit

262 1019 425 1059 Seneca
470 1016 641 1070 Hippol.
688 1019 816 1057 1022:
860 1018 1064 1066 Epidauri
1107 1018 1183 1056 dei.
1251 1018 1479 1068 praeterea
1520 1028 1598 1067 per
1643 1029 1768 1068 epen-

261 1086 401 1127 thesin
444 1088 650 1125 himerium
692 1097 769 1138 pro
810 1086 958 1125 bucer-0
990 1080 1112 1124 'dixit
1152 1083 1376 1124 Lucretius
1417 1082 1442 1123 1.
1479 1083 1518 1123 II
1565 1081 1679 1139 [663]
1728 1088 1770 1124 et

261 1154 448 1195 barbare
479 1153 763 1194 Terentianus
804 1151 950 1207 [2170]
994 1156 1153 1192 Ausone
1185 1158 1299 1193 terra,
1342 1164 1420 1205 pro
1451 1154 1681 1199 Ausonida·
1719 1165 1769 1192 ac

261 1223 329 1263 vix
352 1221 502 1262 melius
524 1221 695 1262 Persius
728 1221 784 1275 [6,
809 1220 852 1274 6]
884 1222 1008 1271 [ῥίφω
1040 1220 1106 1261 vel
1138 1222 1260 1271 Liyys
1293 1234 1367 1260 ora
1396 1233 1474 1272 pro
1498 1222 1681 1271 Liqyssa.
1716 1245 1763 1249 —

263 1289 626 1343 comparationem
659 1289 957 1342 graecanicam
997 1288 1069 1341 qui
1102 1287 1253 1329 fecerit
1282 1301 1365 1328 non
1397 1287 1564 1329 invenio
1596 1292 1771 1341 praeter

264 1358 487 1407 Lucilium,
521 1357 641 1398 cuius
673 1361 738 1398 est
769 1357 867 1411 [inc.
901 1357 973 1411 33]
1017 1355 1087 1397 ‘ne
1117 1359 1424 1397 rhetoricotero'
1457 1362 1497 1396 tu
1530 1359 1626 1397 sis'.

376 1428 431 1467 At
463 1426 574 1467 enim
604 1425 809 1480 hybridas
842 1425 1001 1466 formas
1034 1427 1076 1465 et
1103 1425 1259 1465 mixtas
1292 1437 1343 1464 ex
1376 1437 1569 1465 sermone
1603 1424 1769 1466 Graeco

262 1509 313 1536 ac
344 1495 496 1536 Latino
523 1494 593 1535 vix
634 1507 837 1547 umquam
878 1493 1113 1534 adhibuere
1156 1492 1368 1546 dactylici.
1431 1496 1581 1533 contra
1622 1496 1769 1533 notum

260 1563 450 1604 barbara
471 1563 644 1604 nomina
675 1561 928 1616 graecanice
959 1560 1075 1602 flecti
1106 1560 1221 1602 haud
1254 1573 1366 1610 raro,
1401 1564 1444 1601 et
1476 1560 1646 1613 quidem
1680 1561 1769 1601 sine

262 1631 495 1672 offensione
532 1630 631 1681 ulla,
674 1630 755 1671 nisi
793 1630 925 1671 insint
964 1629 1006 1670 in
1048 1629 1108 1670 eis
1149 1629 1320 1670 litterae
1361 1642 1387 1669 a
1428 1642 1584 1682 graeca
1624 1628 1770 1682 lingua

262 1699 445 1749 alienae,
489 1711 750 1752 quamquam
793 1711 845 1739 ne
888 1697 969 1738 hoc
1008 1697 1177 1750 quidem
1222 1701 1342 1738 caret
1372 1697 1578 1750 exemplo.
1639 1697 1770 1749 igitur

262 1770 479 1819 Allobroya
511 1767 620 1807 dixit
650 1766 863 1808 Iuvenalis
897 1766 954 1820 [7,
977 1766 1096 1820 214],
1135 1768 1368 1816 Allobrogses
1401 1769 1601 1819 correpta
1633 1779 1654 1805 e
1686 1766 1768 1806 Au-

261 1835 406 1876 sonius
438 1835 562 1890 [ordo
594 1834 691 1876 nob.
714 1833 806 1875 urb.
835 1834 943 1889 110].
994 1834 1055 1875 ita
1092 1833 1207 1888 apud
1239 1833 1418 1875 eundem
1446 1833 1551 1874 illud
1580 1836 1769 1874 Haedues

261 1902 420 1956 legitur
454 1903 711 1957 dactylicum
744 1903 970 1957 [parental.
1003 1907 1040 1953 4,
1074 1903 1127 1956 6].
1189 1915 1326 1955 neque
1359 1905 1479 1943 caret
1510 1901 1634 1942 venia
1665 1915 1769 1954 qua-

261 1972 372 2022 dam,
405 1971 520 2025 quod
550 1975 699 2022 scr-eyes
732 1970 978 2012 nominandi
1011 1984 1113 2011 casu
1143 1970 1412 2025 pyrrichiace
1442 1970 1585 2023 posuit
1607 1969 1770 2010 Statius

261 2039 394 2095 [theb.
426 2040 507 2090 ΙΙΙ,
540 2039 658 2093 511];
702 2053 801 2080 nam
831 2039 913 2080 fuit
943 2040 1103 2094 στρίγξ.
1165 2038 1239 2079 sed
1279 2038 1418 2079 fornia
1449 2037 1547 2079 olim
1581 2037 1771 2079 emollita

261 2121 334 2149 ore
356 2108 521 2149 Latino.
569 2121 647 2149 nec
668 2111 812 2148 tamen
843 2107 905 2148 ita
936 2111 1179 2157 excusatur,
1209 2106 1324 2160 quod
1354 2109 1534 2158 vimine<
1565 2105 1768 2147 Paulinus

261 2177 353 2230 [36,
394 2176 491 2230 142]
536 2179 737 2229 correpta
781 2175 935 2217 extulit
974 2175 1091 2216 finali
1135 2175 1218 2216 ita:
1269 2177 1409 2216 restae
1449 2188 1549 2225 quas
1589 2177 1768 2225 virgsines

260 2247 386 2286 aiunt.
419 2269 474 2274 —
508 2247 553 2285 at
574 2244 642 2285 vix
664 2244 878 2285 mentione
902 2243 1089 2296 dignum,
1121 2243 1235 2296 quod
1263 2242 1377 2297 apud
1411 2242 1561 2284 Silium
1593 2243 1640 2297 [L
1666 2245 1766 2293 5023

261 2315 365 2364 5733
398 2312 449 2363 ΙΙ,
482 2312 582 2365 446]
624 2312 782 2364 legitur
821 2314 1023 2363 Safflmtos
1064 2324 1141 2365 pro
1186 2314 1393 2363 Safflmtus
1429 2311 1494 2352 vel
1530 2314 1767 2362 ὁάρῑιηῖηηι,

261 2393 356 2421 cum
380 2383 523 2421 aetate
546 2379 673 2421 huius
694 2379 810 2430 urbs,
844 2393 954 2433 quae
982 2380 1080 2420 olim
1115 2378 1341 2430 Ζάκανθα,
1370 2380 1455 2420 iam
1479 2384 1521 2420 et
1543 2392 1568 2420 a
1591 2378 1767 2420 Graecis

260 2448 478 2489 diceretur
509 2446 774 2502 Σάγουντον
809 2448 875 2489 vel
906 2447 1176 2503 Σάγουντος.
1229 2447 1345 2501 apud
1371 2446 1651 2488 Claudianum
1682 2447 1766 2501 [41,

260 2516 304 2570 4]
338 2519 467 2566 recte,
507 2519 555 2555 ut
586 2515 766 2566 videtur,
811 2515 925 2557 docti
958 2529 1009 2557 ex
1041 2515 1306 2556 Lucensibus
1338 2515 1551 2568 excerptis
1582 2517 1765 2555 earmina

258 2598 330 2625 seu
354 2587 501 2635 fundis
532 2597 604 2624 seu
643 2586 839 2624 Cicer-ona
868 2592 1004 2633 lones;
1035 2583 1109 2624 ubi
1143 2584 1273 2625 ceteri
1306 2582 1405 2624 libri
1434 2585 1638 2624 Cicerone.
1682 2595 1765 2635 quo

259 2651 480 2704 aliquanto
504 2651 690 2692 crassius
713 2654 788 2701 est,
821 2651 935 2704 quod
972 2654 1168 2692 Trevidon
1203 2651 1398 2692 breviata
1429 2665 1477 2691 οη
1510 2654 1765 2703 usurpatum

259 2733 284 2760 a
329 2719 502 2761 Sidonio
551 2719 813 2773 [propempt.
848 2719 903 2760 ad
939 2719 1034 2760 libr.
1074 2720 1161 2773 32].
1234 2722 1384 2760 contra
1425 2719 1494 2759 vix
1541 2721 1605 2759 est
1651 2717 1765 2770 quod

258 2800 454 2828 moneam
497 2800 581 2829 non
624 2787 830 2840 scriptum
870 2800 895 2827 a
930 2787 1103 2828 Lucano
1146 2787 1199 2841 [I,
1233 2787 1332 2841 231]
1376 2790 1606 2834 Arinn'non,
1651 2787 1765 2839 quod

259 2855 507 2896 coniectura
538 2855 576 2896 ei
613 2854 766 2896 tribuit
798 2855 986 2896 Grotius.
1018 2880 1071 2885 ——-
1110 2868 1248 2908 neque
1280 2854 1395 2908 apud
1427 2854 1690 2896 Priscianum
1722 2853 1765 2894 in

259 2923 473 2976 Periegesi
507 2926 622 2964 recte
654 2923 814 2964 habere
847 2923 1044 2964 existimo
1077 2924 1195 2977 [470]
1227 2923 1341 2976 quod
1373 2922 1530 2963 fertur:
