1898 3292
196 179 249 218 94
800 187 919 212 LIBER
937 186 1092 212 PRIMVS.

304 288 371 322 IX.
398 288 523 322 inferis
548 288 657 322 manu
683 289 827 322 sinistra

398 346 628 380 immolamus
653 346 798 390 pocula.

396 403 499 437 laeva
524 414 615 446 quae
641 402 752 445 vidos,
778 402 977 444 Lavernae,

399 459 557 493 Palladis
583 462 668 493 sunt
693 459 855 493 dextera.

326 517 371 551 X.
400 517 549 562 pusioni
576 521 660 550 meo

400 576 613 619 septuennis
640 572 762 607 cadus.

306 632 374 666 XI.
401 631 446 666 ad
472 633 675 664 mercatum
702 642 756 674 eo,
783 631 900 664 vilice.

399 688 486 733 quid
512 689 565 721 vis
590 688 675 722 inde
703 687 785 721 vehi
812 688 875 721 aut
900 688 983 732 agi?
1010 708 1053 711 —

400 749 548 790 agitque
575 748 672 779 intus
698 745 734 778 in
762 744 941 789 Oppidum

399 803 550 836 anhelos
576 802 728 846 Panope
753 804 895 846 greges.

282 861 372 895 XII.
399 860 488 894 Iane
514 861 628 903 pater,
656 858 745 893 Iane
771 861 889 901 tuens,
917 858 998 892 dive
1027 858 1165 902 biceps,
1192 858 1369 903 biformis,

401 922 422 951 o
449 919 530 950 cate
560 916 682 950 rerum
711 919 819 959 sator,
849 920 870 947 ό
896 915 1120 960 principium
1147 915 1311 959 deorum,

398 973 552 1008 stridula
580 978 638 1007 cui
666 973 802 1016 limina,
831 977 889 1006 oui
917 972 1079 1006 cardinei
1107 973 1297 1017 tumultus,

400 1037 459 1065 cui
485 1033 647 1064 reserata
671 1029 843 1074 mugiunt
868 1030 975 1064 aurea
1004 1029 1164 1064 claustra
1188 1030 1324 1073 mundi,

399 1089 466 1123 tibi
493 1091 597 1122 vetus
623 1092 685 1122 ara
711 1088 823 1121 caluit
847 1075 1077 1132 Aborigineo
1104 1088 1249 1122 sacello.

306 1179 578 1233 Intellegitur
617 1180 720 1230 iam,
767 1179 936 1233 opinor,
981 1193 1110 1233 quam
1158 1179 1430 1221 multiformis
1477 1180 1608 1221 fuerit
1661 1185 1703 1221 et

193 1253 333 1291 tersus
374 1249 417 1288 in
461 1248 609 1289 metris
651 1248 846 1290 Serenus.
907 1248 1027 1289 cuius
1069 1248 1241 1301 quidem
1283 1248 1325 1288 in
1364 1248 1558 1289 versibus
1597 1249 1703 1289 nihil

196 1321 335 1368 extat,
376 1316 490 1370 quod
532 1317 678 1358 Laevii
721 1330 805 1358 non
847 1320 1005 1370 arguat
1045 1317 1340 1358 imitationem.
1402 1321 1565 1370 quanta
1604 1331 1702 1358 vero

193 1386 353 1427 fuerint
394 1385 655 1426 auctoritate
700 1389 742 1426 et
785 1385 855 1426 hic
898 1389 941 1426 et
968 1385 1188 1426 Annianus
1228 1385 1554 1439 insequentibus
1597 1389 1701 1426 tem-

193 1454 388 1508 poribus,
431 1467 481 1494 ea
512 1468 558 1495 re
591 1453 856 1504 declaratur,
895 1453 1009 1507 quod
1041 1467 1170 1508 saepe
1201 1454 1426 1507 utriusque
1458 1455 1605 1496 metris
1637 1454 1703 1495 usi

192 1526 429 1564 noscuntur
471 1523 751 1575 posteriores,
799 1522 1001 1576 quodque
1048 1536 1099 1563 ex
1147 1526 1235 1563 tam
1278 1523 1428 1577 paucis
1466 1523 1702 1564 carminum

194 1605 341 1633 eorum
382 1591 635 1644 fragmentis
676 1591 759 1632 duo
800 1591 1009 1632 imitando
1054 1595 1362 1645 expresserunt
1402 1592 1616 1633 Ausonius
1662 1594 1704 1633 et

194 1659 401 1701 Boethius
433 1658 640 1712 exemplis
670 1659 808 1700 hisce:
852 1658 910 1701 ‘et
942 1663 1064 1713 antica
1104 1662 1275 1701 Veneria
1295 1663 1537 1711 properiter
1568 1657 1701 1701 obiit'.

187 1727 276 1779 ‘qui
306 1741 448 1769 serere
478 1730 697 1779 inyenuum
729 1732 830 1769 volet
861 1725 1045 1780 aqrzcm'.

310 1797 446 1850 Igitur
476 1800 631 1850 poetae
665 1810 775 1838 saec.
799 1811 834 1838 a.
858 1811 898 1838 u.
922 1811 955 1838 c.
978 1797 1016 1838 X
1039 1796 1171 1847 fuere,
1204 1800 1252 1838 ut
1273 1796 1374 1849 dixi,
1406 1796 1702 1849 multiformes,

194 1865 358 1917 tenelli,
402 1865 561 1918 arguti,
602 1869 832 1919 praeterea
872 1866 1025 1907 nitoris
1067 1880 1199 1919 supra
1242 1879 1370 1919 quam
1413 1866 1704 1920 credipotest

194 1937 404 1985 amantes,
447 1947 708 1987 quamquam
748 1933 1012 1976 fatendumst
1054 1934 1311 1987 elegantiam
1355 1935 1545 1976 nativam
1576 1935 1704 1977 nullis

194 2016 320 2057 posse
350 2002 573 2044 lenociniis
606 2016 684 2044 nec
714 2002 863 2044 fucata
895 2003 1037 2057 specie
1070 2003 1351 2057 compensari.

309 2071 532 2124 Congruus
579 2074 723 2113 autem
770 2071 971 2113 varietati
1017 2072 1054 2113 ei
1103 2074 1360 2123 metrorum,
1415 2085 1525 2126 quae
1570 2071 1703 2113 Fron-

195 2141 468 2182 tonianorum
515 2140 569 2181 ab
613 2143 756 2182 aetate
796 2154 932 2194 usque
979 2140 1035 2182 ad
1076 2140 1228 2181 ultima
1267 2144 1466 2195 tempora
1507 2140 1704 2194 optinuit,

193 2207 409 2263 reperitur
438 2208 549 2250 liber
581 2208 839 2250 Terentiam.
897 2223 1023 2262 quem
1056 2208 1171 2262 quod
1202 2209 1504 2250 Lachmannus
1536 2208 1704 2250 Diocle-

193 2277 301 2318 tiani
333 2277 442 2318 dixit
472 2278 709 2330 aequalem,
740 2277 785 2318 id
816 2290 963 2319 omnes
994 2276 1315 2330 probabilitatis
1337 2277 1470 2319 habet
1491 2291 1703 2319 numeros.

193 2347 261 2387 cui
290 2345 475 2400 proximi
504 2346 671 2387 ratione
710 2349 752 2387 et
793 2349 987 2400 tempore
1024 2345 1143 2387 fuere
1185 2346 1335 2388 Avitus
1376 2359 1427 2387 ac
1469 2346 1705 2397 Marianus,

195 2414 268 2468 qui
315 2414 509 2455 dimetris
552 2413 749 2456 iambicis
795 2428 864 2456 res
910 2414 1059 2468 populi
1102 2414 1284 2456 Romani
1331 2427 1600 2456 enarravere.
1661 2415 1704 2455 in

197 2481 354 2536 quibus
406 2481 602 2524 omnibus
653 2496 860 2536 agnosces
913 2483 1104 2533 rationes
1152 2483 1355 2524 metricas
1405 2484 1703 2525 convenientes

195 2550 463 2605 temporibus
509 2550 610 2603 illis,
654 2551 809 2605 quibus
852 2551 1047 2593 obsoleta
1079 2565 1130 2592 ac
1160 2552 1267 2593 trita
1296 2555 1390 2593 arte
1421 2552 1588 2606 vulgari
1618 2552 1704 2592 iam

199 2619 373 2660 insolita
401 2632 598 2672 quaeque
630 2623 929 2674 captarentur,
972 2621 1059 2662 sive
1099 2623 1147 2662 ut
1179 2619 1464 2662 obruerentur
1495 2620 1704 2662 lectorum

197 2687 327 2728 animi
359 2691 595 2729 metrorum
627 2689 887 2730 variantium
928 2689 1039 2730 mole
1080 2689 1167 2730 sive
1209 2692 1257 2730 ut
1300 2688 1601 2743 deciperentur
1632 2688 1704 2739 eis,

199 2769 309 2809 quae
357 2769 442 2797 non
495 2756 690 2808 deceret,
734 2771 935 2799 versuum
979 2757 1207 2811 generibus
1255 2756 1472 2798 adhibitis.
1519 2782 1575 2786 -
1618 2757 1704 2798 iam

198 2824 357 2865 Sereno
381 2823 540 2867 similes
561 2839 775 2878 paresque
796 2825 1070 2867 multitudine
1092 2829 1326 2867 metrorum
1347 2826 1468 2867 fuere
1491 2825 1704 2867 Ausonius

197 2892 542 2946 Prudentiusque
583 2897 626 2934 et
666 2893 905 2936 Martianus
946 2908 997 2937 ac
1038 2894 1244 2936 Boethius
1282 2894 1591 2947 Luxoriusque.
1653 2908 1704 2934 ex
