<?xml version="1.0" encoding="UTF-8"?>
<!DOCTYPE html PUBLIC "-//W3C//DTD XHTML 1.0 Transitional//EN"
    "http://www.w3.org/TR/xhtml1/DTD/xhtml1-transitional.dtd">
<html xmlns="http://www.w3.org/1999/xhtml" xml:lang="en" lang="en">
 <head>
  <title>
</title>
<meta http-equiv="Content-Type" content="text/html;charset=utf-8" />
  <meta name='ocr-system' content='tesseract 3.04.00' />
  <meta name='ocr-capabilities' content='ocr_page ocr_carea ocr_par ocr_line ocrx_word'/>
</head>
<body>
  <div class='ocr_page' id='page_1' title='image "./deremetricapoeta00mluoft_0553.png"; bbox 0 0 1898 3292; ppageno 0'>
   <div class='ocr_carea' id='block_1_1' title="bbox 745 184 1633 222">
    <p class='ocr_par' dir='ltr' id='par_1_1' title="bbox 745 184 1633 222">
     <span class='ocr_line' id='line_1_1' title="bbox 745 184 1633 222; baseline 0.01 -9"><span class='ocrx_word' id='word_1_1' title='bbox 745 188 980 215; x_wconf 64' lang='lat' dir='ltr'>OPVSCVLVM</span> <span class='ocrx_word' id='word_1_2' title='bbox 999 190 1021 214; x_wconf 89' lang='lat'>1.</span> <span class='ocrx_word' id='word_1_3' title='bbox 1554 184 1633 222; x_wconf 79' lang='lat'>529</span> 
     </span>
    </p>
   </div>
   <div class='ocr_carea' id='block_1_2' title="bbox 123 291 1633 1170">
    <p class='ocr_par' dir='ltr' id='par_1_2' title="bbox 126 291 1633 539">
     <span class='ocr_line' id='line_1_2' title="bbox 128 291 1632 345; baseline 0.002 -13"><span class='ocrx_word' id='word_1_4' title='bbox 128 291 305 332; x_wconf 89' lang='lat' dir='ltr'>Latinus</span> <span class='ocrx_word' id='word_1_5' title='bbox 337 305 475 332; x_wconf 85' lang='lat' dir='ltr'>sermo</span> <span class='ocrx_word' id='word_1_6' title='bbox 508 294 664 332; x_wconf 89' lang='lat' dir='ltr'>natura</span> <span class='ocrx_word' id='word_1_7' title='bbox 698 305 775 332; x_wconf 90' lang='lat' dir='ltr'>sua</span> <span class='ocrx_word' id='word_1_8' title='bbox 816 291 976 332; x_wconf 84' lang='lat' dir='ltr'>referat</span> <span class='ocrx_word' id='word_1_9' title='bbox 1007 291 1259 345; x_wconf 86' lang='lat' dir='ltr'>plerumque</span> <span class='ocrx_word' id='word_1_10' title='bbox 1299 307 1498 334; x_wconf 89' lang='lat' dir='ltr'>numeros</span> <span class='ocrx_word' id='word_1_11' title='bbox 1526 293 1632 335; x_wconf 86' lang='lat' dir='ltr'>illos.</span> 
     </span>
     <span class='ocr_line' id='line_1_3' title="bbox 126 359 1633 413; baseline 0.001 -13"><span class='ocrx_word' id='word_1_12' title='bbox 126 360 234 400; x_wconf 85' lang='lat' dir='ltr'>haec</span> <span class='ocrx_word' id='word_1_13' title='bbox 255 360 386 413; x_wconf 84' lang='lat' dir='ltr'>igitur</span> <span class='ocrx_word' id='word_1_14' title='bbox 409 359 621 412; x_wconf 87' lang='lat' dir='ltr'>quomodo</span> <span class='ocrx_word' id='word_1_15' title='bbox 645 360 1029 400; x_wconf 81' lang='lat' dir='ltr'>existimaverimus</span> <span class='ocrx_word' id='word_1_16' title='bbox 1052 360 1333 413; x_wconf 81' lang='lat' dir='ltr'>temperanda</span> <span class='ocrx_word' id='word_1_17' title='bbox 1364 375 1414 401; x_wconf 86' lang='lat' dir='ltr'>ex</span> <span class='ocrx_word' id='word_1_18' title='bbox 1447 362 1633 402; x_wconf 85' lang='lat' dir='ltr'>edit-ione</span> 
     </span>
     <span class='ocr_line' id='line_1_4' title="bbox 127 427 683 481; baseline -0.002 -13"><span class='ocrx_word' id='word_1_19' title='bbox 127 441 384 481; x_wconf 75' lang='lat' dir='ltr'>cognoscere</span> <span class='ocrx_word' id='word_1_20' title='bbox 415 427 515 468; x_wconf 89' lang='lat' dir='ltr'>licet</span> <span class='ocrx_word' id='word_1_21' title='bbox 547 427 683 467; x_wconf 85' lang='lat' dir='ltr'>Nonii.</span> 
     </span>
     <span class='ocr_line' id='line_1_5' title="bbox 239 495 1633 539; baseline 0.001 -4"><span class='ocrx_word' id='word_1_22' title='bbox 239 497 325 536; x_wconf 79' lang='lat' dir='ltr'>lam</span> <span class='ocrx_word' id='word_1_23' title='bbox 372 509 464 535; x_wconf 89' lang='lat' dir='ltr'>cum</span> <span class='ocrx_word' id='word_1_24' title='bbox 509 495 645 535; x_wconf 86' lang='lat' dir='ltr'>ultimi</span> <span class='ocrx_word' id='word_1_25' title='bbox 688 495 728 535; x_wconf 88' lang='lat' dir='ltr'>in</span> <span class='ocrx_word' id='word_1_26' title='bbox 771 509 895 536; x_wconf 86' lang='lat' dir='ltr'>versu</span> <span class='ocrx_word' id='word_1_27' title='bbox 937 495 1069 536; x_wconf 87' lang='lat' dir='ltr'>iambi</span> <span class='ocrx_word' id='word_1_28' title='bbox 1111 497 1319 537; x_wconf 85' lang='lat' dir='ltr'>servanda</span> <span class='ocrx_word' id='word_1_29' title='bbox 1363 498 1415 537; x_wconf 78' lang='lat' dir='ltr'>sit</span> <span class='ocrx_word' id='word_1_30' title='bbox 1463 499 1633 539; x_wconf 86' lang='lat' dir='ltr'>omnino</span> 
     </span>
    </p>

    <p class='ocr_par' dir='ltr' id='par_1_3' title="bbox 124 563 1633 823">
     <span class='ocr_line' id='line_1_6' title="bbox 125 563 1633 618; baseline 0.002 -14"><span class='ocrx_word' id='word_1_31' title='bbox 125 564 363 617; x_wconf 77' lang='lat' dir='ltr'>integritas,</span> <span class='ocrx_word' id='word_1_32' title='bbox 393 563 716 616; x_wconf 79' lang='lat' dir='ltr'>aequabilitatis</span> <span class='ocrx_word' id='word_1_33' title='bbox 748 563 891 604; x_wconf 88' lang='lat' dir='ltr'>studio</span> <span class='ocrx_word' id='word_1_34' title='bbox 923 563 1174 613; x_wconf 78' lang='lat' dir='ltr'>effectumst,</span> <span class='ocrx_word' id='word_1_35' title='bbox 1207 568 1255 605; x_wconf 85' lang='lat' dir='ltr'>ut</span> <span class='ocrx_word' id='word_1_36' title='bbox 1284 565 1324 604; x_wconf 87' lang='lat' dir='ltr'>in</span> <span class='ocrx_word' id='word_1_37' title='bbox 1350 567 1633 618; x_wconf 83' lang='lat' dir='ltr'>praecedente</span> 
     </span>
     <span class='ocr_line' id='line_1_7' title="bbox 126 631 1632 686; baseline 0.003 -15"><span class='ocrx_word' id='word_1_38' title='bbox 126 632 218 672; x_wconf 86' lang='lat' dir='ltr'>loco</span> <span class='ocrx_word' id='word_1_39' title='bbox 268 631 521 684; x_wconf 90' lang='lat' dir='ltr'>plerumque</span> <span class='ocrx_word' id='word_1_40' title='bbox 563 634 795 684; x_wconf 74' lang='lat' dir='ltr'>poneretur</span> <span class='ocrx_word' id='word_1_41' title='bbox 840 632 1065 686; x_wconf 79' lang='lat' dir='ltr'>spondeus.</span> <span class='ocrx_word' id='word_1_42' title='bbox 1140 647 1250 685; x_wconf 88' lang='lat' dir='ltr'>quae</span> <span class='ocrx_word' id='word_1_43' title='bbox 1293 637 1437 674; x_wconf 87' lang='lat' dir='ltr'>tamen</span> <span class='ocrx_word' id='word_1_44' title='bbox 1478 634 1546 675; x_wconf 82' lang='lat' dir='ltr'>lex</span> <span class='ocrx_word' id='word_1_45' title='bbox 1590 636 1632 675; x_wconf 91' lang='lat' dir='ltr'>in</span> 
     </span>
     <span class='ocr_line' id='line_1_8' title="bbox 125 699 1632 755; baseline 0.004 -16"><span class='ocrx_word' id='word_1_46' title='bbox 125 699 343 740; x_wconf 85' lang='lat' dir='ltr'>vocabulis</span> <span class='ocrx_word' id='word_1_47' title='bbox 367 703 572 752; x_wconf 85' lang='lat' dir='ltr'>quattuor</span> <span class='ocrx_word' id='word_1_48' title='bbox 604 703 678 740; x_wconf 84' lang='lat' dir='ltr'>aut</span> <span class='ocrx_word' id='word_1_49' title='bbox 705 700 890 753; x_wconf 89' lang='lat' dir='ltr'>plurium</span> <span class='ocrx_word' id='word_1_50' title='bbox 922 700 1183 754; x_wconf 69' lang='lat' dir='ltr'>syllabarum</span> <span class='ocrx_word' id='word_1_51' title='bbox 1216 702 1373 755; x_wconf 83' lang='lat' dir='ltr'>inpune</span> <span class='ocrx_word' id='word_1_52' title='bbox 1409 703 1632 755; x_wconf 79' lang='lat' dir='ltr'>migratur.</span> 
     </span>
     <span class='ocr_line' id='line_1_9' title="bbox 124 766 847 823; baseline 0.001 -15"><span class='ocrx_word' id='word_1_53' title='bbox 124 767 240 808; x_wconf 82' lang='lat' dir='ltr'>velut</span> <span class='ocrx_word' id='word_1_54' title='bbox 273 766 470 823; x_wconf 84' lang='lat' dir='ltr'>[Phaedr.</span> <span class='ocrx_word' id='word_1_55' title='bbox 503 768 533 817; x_wconf 94' lang='lat' dir='ltr'>I,</span> <span class='ocrx_word' id='word_1_56' title='bbox 567 771 602 817; x_wconf 79' lang='lat'>2,</span> <span class='ocrx_word' id='word_1_57' title='bbox 637 771 681 820; x_wconf 81' lang='lat'>33</span> <span class='ocrx_word' id='word_1_58' title='bbox 713 771 749 819; x_wconf 72' lang='grc'>8,</span> <span class='ocrx_word' id='word_1_59' title='bbox 783 769 847 823; x_wconf 78' lang='lat' dir='ltr'>S]:</span> 
     </span>
    </p>

    <p class='ocr_par' dir='ltr' id='par_1_4' title="bbox 444 847 1197 892">
     <span class='ocr_line' id='line_1_10' title="bbox 444 847 1197 892; baseline 0.005 -13"><span class='ocrx_word' id='word_1_60' title='bbox 444 847 658 891; x_wconf 74' lang='lat' dir='ltr'>frenumque</span> <span class='ocrx_word' id='word_1_61' title='bbox 685 848 793 882; x_wconf 80' lang='lat' dir='ltr'>solvit</span> <span class='ocrx_word' id='word_1_62' title='bbox 817 849 1012 892; x_wconf 85' lang='lat' dir='ltr'>pristinum</span> <span class='ocrx_word' id='word_1_63' title='bbox 1038 849 1197 883; x_wconf 85' lang='lat' dir='ltr'>licentia.</span> 
     </span>
    </p>

    <p class='ocr_par' dir='ltr' id='par_1_5' title="bbox 123 904 1630 1170">
     <span class='ocr_line' id='line_1_11' title="bbox 444 904 1218 950; baseline 0.004 -13"><span class='ocrx_word' id='word_1_64' title='bbox 444 904 622 948; x_wconf 80' lang='lat' dir='ltr'>gulaeque</span> <span class='ocrx_word' id='word_1_65' title='bbox 650 904 803 938; x_wconf 82' lang='lat' dir='ltr'>credens</span> <span class='ocrx_word' id='word_1_66' title='bbox 830 905 913 938; x_wconf 89' lang='lat' dir='ltr'>colli</span> <span class='ocrx_word' id='word_1_67' title='bbox 939 906 1218 950; x_wconf 74' lang='lat' dir='ltr'>longitudinem.</span> 
     </span>
     <span class='ocr_line' id='line_1_12' title="bbox 123 978 1630 1033; baseline 0.002 -15"><span class='ocrx_word' id='word_1_68' title='bbox 123 978 319 1032; x_wconf 83' lang='lat' dir='ltr'>proxima</span> <span class='ocrx_word' id='word_1_69' title='bbox 352 981 416 1019; x_wconf 87' lang='lat' dir='ltr'>est</span> <span class='ocrx_word' id='word_1_70' title='bbox 449 978 584 1029; x_wconf 82' lang='lat' dir='ltr'>venia,</span> <span class='ocrx_word' id='word_1_71' title='bbox 617 978 690 1019; x_wconf 90' lang='lat' dir='ltr'>ubi</span> <span class='ocrx_word' id='word_1_72' title='bbox 715 979 1048 1033; x_wconf 76' lang='lat' dir='ltr'>amphibrachus</span> <span class='ocrx_word' id='word_1_73' title='bbox 1072 980 1135 1021; x_wconf 84' lang='lat' dir='ltr'>vel</span> <span class='ocrx_word' id='word_1_74' title='bbox 1160 981 1343 1021; x_wconf 87' lang='lat' dir='ltr'>creticus</span> <span class='ocrx_word' id='word_1_75' title='bbox 1368 982 1460 1022; x_wconf 84' lang='lat' dir='ltr'>cum</span> <span class='ocrx_word' id='word_1_76' title='bbox 1487 997 1630 1023; x_wconf 56' lang='lat' dir='ltr'>mono«</span> 
     </span>
     <span class='ocr_line' id='line_1_13' title="bbox 123 1046 1628 1106; baseline 0.003 -20"><span class='ocrx_word' id='word_1_77' title='bbox 123 1047 287 1100; x_wconf 77' lang='lat' dir='ltr'>syllabo</span> <span class='ocrx_word' id='word_1_78' title='bbox 327 1046 579 1099; x_wconf 77' lang='lat' dir='ltr'>insequente</span> <span class='ocrx_word' id='word_1_79' title='bbox 619 1047 706 1088; x_wconf 86' lang='lat' dir='ltr'>sive</span> <span class='ocrx_word' id='word_1_80' title='bbox 745 1048 1030 1100; x_wconf 74' lang='lat' dir='ltr'>praecedente</span> <span class='ocrx_word' id='word_1_81' title='bbox 1065 1049 1265 1090; x_wconf 77' lang='lat' dir='ltr'>coalescit</span> <span class='ocrx_word' id='word_1_82' title='bbox 1299 1050 1340 1089; x_wconf 89' lang='lat' dir='ltr'>in</span> <span class='ocrx_word' id='word_1_83' title='bbox 1373 1065 1502 1091; x_wconf 89' lang='lat' dir='ltr'>unum</span> <span class='ocrx_word' id='word_1_84' title='bbox 1536 1051 1628 1106; x_wconf 75' lang='lat' dir='ltr'>[Ph.</span> 
     </span>
     <span class='ocr_line' id='line_1_14' title="bbox 124 1115 620 1170; baseline 0.002 -15"><span class='ocrx_word' id='word_1_85' title='bbox 124 1115 192 1165; x_wconf 81' lang='lat' dir='ltr'>IV,</span> <span class='ocrx_word' id='word_1_86' title='bbox 228 1118 289 1165; x_wconf 84' lang='lat'>12,</span> <span class='ocrx_word' id='word_1_87' title='bbox 324 1119 368 1166; x_wconf 80' lang='lat'>73</span> <span class='ocrx_word' id='word_1_88' title='bbox 401 1115 451 1166; x_wconf 91' lang='grc' dir='ltr'>ΙΙ,</span> <span class='ocrx_word' id='word_1_89' title='bbox 486 1120 521 1166; x_wconf 77' lang='grc'>5,</span> <span class='ocrx_word' id='word_1_90' title='bbox 555 1115 620 1170; x_wconf 85' lang='lat'>2]:</span> 
     </span>
    </p>
   </div>
   <div class='ocr_carea' id='block_1_3' title="bbox 442 1201 1299 1302">
    <p class='ocr_par' dir='ltr' id='par_1_6' title="bbox 442 1201 1299 1302">
     <span class='ocr_line' id='line_1_15' title="bbox 443 1201 1299 1245; baseline 0.005 -12"><span class='ocrx_word' id='word_1_91' title='bbox 443 1201 513 1244; x_wconf 89' lang='lat' dir='ltr'>odi,</span> <span class='ocrx_word' id='word_1_92' title='bbox 540 1201 668 1244; x_wconf 88' lang='lat' dir='ltr'>inquit,</span> <span class='ocrx_word' id='word_1_93' title='bbox 694 1201 805 1243; x_wconf 89' lang='lat' dir='ltr'>illum,</span> <span class='ocrx_word' id='word_1_94' title='bbox 833 1202 917 1245; x_wconf 83' lang='lat' dir='ltr'>quia</span> <span class='ocrx_word' id='word_1_95' title='bbox 941 1202 1044 1235; x_wconf 88' lang='lat' dir='ltr'>malis</span> <span class='ocrx_word' id='word_1_96' title='bbox 1070 1203 1208 1236; x_wconf 81' lang='lat' dir='ltr'>amicus</span> <span class='ocrx_word' id='word_1_97' title='bbox 1235 1206 1299 1238; x_wconf 84' lang='lat' dir='ltr'>est.</span> 
     </span>
     <span class='ocr_line' id='line_1_16' title="bbox 442 1257 1228 1302; baseline 0.004 -12"><span class='ocrx_word' id='word_1_98' title='bbox 442 1257 586 1301; x_wconf 79' lang='lat' dir='ltr'>trepide</span> <span class='ocrx_word' id='word_1_99' title='bbox 614 1268 846 1300; x_wconf 83' lang='lat' dir='ltr'>concursans,</span> <span class='ocrx_word' id='word_1_100' title='bbox 875 1262 1054 1302; x_wconf 77' lang='lat' dir='ltr'>occupata</span> <span class='ocrx_word' id='word_1_101' title='bbox 1081 1260 1115 1292; x_wconf 90' lang='lat' dir='ltr'>in</span> <span class='ocrx_word' id='word_1_102' title='bbox 1144 1260 1228 1293; x_wconf 77' lang='lat' dir='ltr'>otio.</span> 
     </span>
    </p>
   </div>
   <div class='ocr_carea' id='block_1_4' title="bbox 123 1337 1630 1463">
    <p class='ocr_par' dir='ltr' id='par_1_7' title="bbox 123 1337 1630 1463">
     <span class='ocr_line' id='line_1_17' title="bbox 123 1337 1630 1395; baseline 0.004 -18"><span class='ocrx_word' id='word_1_103' title='bbox 123 1341 240 1378; x_wconf 89' lang='lat' dir='ltr'>recte</span> <span class='ocrx_word' id='word_1_104' title='bbox 273 1337 402 1377; x_wconf 86' lang='lat' dir='ltr'>etiam</span> <span class='ocrx_word' id='word_1_105' title='bbox 431 1337 658 1390; x_wconf 88' lang='lat' dir='ltr'>copulatur</span> <span class='ocrx_word' id='word_1_106' title='bbox 699 1338 740 1377; x_wconf 89' lang='lat' dir='ltr'>in</span> <span class='ocrx_word' id='word_1_107' title='bbox 780 1337 863 1378; x_wconf 89' lang='lat' dir='ltr'>fine</span> <span class='ocrx_word' id='word_1_108' title='bbox 905 1338 1150 1380; x_wconf 78' lang='lat' dir='ltr'>trochaicus</span> <span class='ocrx_word' id='word_1_109' title='bbox 1192 1340 1331 1381; x_wconf 77' lang='lat' dir='ltr'>exitus</span> <span class='ocrx_word' id='word_1_110' title='bbox 1367 1341 1484 1382; x_wconf 85' lang='lat' dir='ltr'>verbi</span> <span class='ocrx_word' id='word_1_111' title='bbox 1516 1342 1630 1395; x_wconf 88' lang='lat' dir='ltr'>plus-</span> 
     </span>
     <span class='ocr_line' id='line_1_18' title="bbox 123 1404 1282 1463; baseline 0.003 -17"><span class='ocrx_word' id='word_1_112' title='bbox 123 1419 250 1458; x_wconf 83' lang='lat' dir='ltr'>quam</span> <span class='ocrx_word' id='word_1_113' title='bbox 285 1404 484 1459; x_wconf 82' lang='lat' dir='ltr'>disyllabi</span> <span class='ocrx_word' id='word_1_114' title='bbox 517 1419 612 1446; x_wconf 88' lang='lat' dir='ltr'>cum</span> <span class='ocrx_word' id='word_1_115' title='bbox 648 1406 819 1456; x_wconf 84' lang='lat' dir='ltr'>cretico,</span> <span class='ocrx_word' id='word_1_116' title='bbox 853 1409 898 1447; x_wconf 89' lang='lat' dir='ltr'>ut</span> <span class='ocrx_word' id='word_1_117' title='bbox 931 1406 1011 1460; x_wconf 75' lang='lat' dir='ltr'>[Ph</span> <span class='ocrx_word' id='word_1_118' title='bbox 1057 1408 1086 1457; x_wconf 88' lang='grc' dir='ltr'>Ι,</span> <span class='ocrx_word' id='word_1_119' title='bbox 1122 1412 1184 1459; x_wconf 83' lang='grc'>19,</span> <span class='ocrx_word' id='word_1_120' title='bbox 1219 1409 1282 1463; x_wconf 81' lang='lat'>3]:</span> 
     </span>
    </p>
   </div>
   <div class='ocr_carea' id='block_1_5' title="bbox 442 1491 1262 1536">
    <p class='ocr_par' dir='ltr' id='par_1_8' title="bbox 442 1491 1262 1536">
     <span class='ocr_line' id='line_1_19' title="bbox 442 1491 1262 1536; baseline 0.004 -12"><span class='ocrx_word' id='word_1_121' title='bbox 442 1491 541 1524; x_wconf 79' lang='lat' dir='ltr'>canis</span> <span class='ocrx_word' id='word_1_122' title='bbox 568 1491 775 1535; x_wconf 80' lang='lat' dir='ltr'>parturiens</span> <span class='ocrx_word' id='word_1_123' title='bbox 801 1503 884 1524; x_wconf 87' lang='lat' dir='ltr'>cum</span> <span class='ocrx_word' id='word_1_124' title='bbox 909 1497 1074 1536; x_wconf 80' lang='lat' dir='ltr'>rogasset</span> <span class='ocrx_word' id='word_1_125' title='bbox 1099 1493 1262 1528; x_wconf 79' lang='lat' dir='ltr'>alteram.</span> 
     </span>
    </p>
   </div>
   <div class='ocr_carea' id='block_1_6' title="bbox 118 1570 1630 2651">
    <p class='ocr_par' dir='ltr' id='par_1_9' title="bbox 119 1570 1629 1898">
     <span class='ocr_line' id='line_1_20' title="bbox 122 1570 1629 1624; baseline 0.003 -13"><span class='ocrx_word' id='word_1_126' title='bbox 122 1584 219 1612; x_wconf 85' lang='lat' dir='ltr'>nam</span> <span class='ocrx_word' id='word_1_127' title='bbox 252 1571 330 1611; x_wconf 84' lang='lat' dir='ltr'>etsi</span> <span class='ocrx_word' id='word_1_128' title='bbox 360 1570 500 1620; x_wconf 87' lang='lat' dir='ltr'>fuere,</span> <span class='ocrx_word' id='word_1_129' title='bbox 543 1571 616 1624; x_wconf 90' lang='lat' dir='ltr'>qui</span> <span class='ocrx_word' id='word_1_130' title='bbox 660 1571 742 1612; x_wconf 88' lang='lat' dir='ltr'>hoc</span> <span class='ocrx_word' id='word_1_131' title='bbox 783 1584 915 1624; x_wconf 80' lang='lat' dir='ltr'>genus</span> <span class='ocrx_word' id='word_1_132' title='bbox 946 1572 1146 1613; x_wconf 81' lang='lat' dir='ltr'>licentiae</span> <span class='ocrx_word' id='word_1_133' title='bbox 1179 1588 1204 1614; x_wconf 92' lang='lat' dir='ltr'>a</span> <span class='ocrx_word' id='word_1_134' title='bbox 1236 1574 1432 1615; x_wconf 84' lang='lat' dir='ltr'>Phaedro</span> <span class='ocrx_word' id='word_1_135' title='bbox 1464 1575 1629 1616; x_wconf 88' lang='lat' dir='ltr'>abiudi-</span> 
     </span>
     <span class='ocr_line' id='line_1_21' title="bbox 121 1639 1629 1697; baseline 0.003 -18"><span class='ocrx_word' id='word_1_136' title='bbox 121 1642 285 1689; x_wconf 86' lang='lat' dir='ltr'>carent,</span> <span class='ocrx_word' id='word_1_137' title='bbox 326 1653 401 1680; x_wconf 86' lang='lat' dir='ltr'>cur</span> <span class='ocrx_word' id='word_1_138' title='bbox 442 1639 612 1680; x_wconf 89' lang='lat' dir='ltr'>omnino</span> <span class='ocrx_word' id='word_1_139' title='bbox 657 1639 711 1680; x_wconf 90' lang='lat' dir='ltr'>ab</span> <span class='ocrx_word' id='word_1_140' title='bbox 750 1653 799 1680; x_wconf 93' lang='lat' dir='ltr'>eo</span> <span class='ocrx_word' id='word_1_141' title='bbox 832 1653 1121 1693; x_wconf 70' lang='lat' dir='ltr'>segregarem,</span> <span class='ocrx_word' id='word_1_142' title='bbox 1162 1656 1244 1682; x_wconf 84' lang='lat' dir='ltr'>non</span> <span class='ocrx_word' id='word_1_143' title='bbox 1278 1643 1428 1692; x_wconf 85' lang='lat' dir='ltr'>habui,</span> <span class='ocrx_word' id='word_1_144' title='bbox 1471 1645 1629 1697; x_wconf 87' lang='lat' dir='ltr'>quippe</span> 
     </span>
     <span class='ocr_line' id='line_1_22' title="bbox 121 1707 1629 1760; baseline 0.004 -13"><span class='ocrx_word' id='word_1_145' title='bbox 121 1707 235 1760; x_wconf 89' lang='lat' dir='ltr'>quod</span> <span class='ocrx_word' id='word_1_146' title='bbox 278 1707 420 1748; x_wconf 90' lang='lat' dir='ltr'>Plauti</span> <span class='ocrx_word' id='word_1_147' title='bbox 462 1707 738 1760; x_wconf 87' lang='lat' dir='ltr'>Terentiique</span> <span class='ocrx_word' id='word_1_148' title='bbox 778 1708 987 1749; x_wconf 89' lang='lat' dir='ltr'>hactenus</span> <span class='ocrx_word' id='word_1_149' title='bbox 1027 1709 1222 1751; x_wconf 86' lang='lat' dir='ltr'>firmetur</span> <span class='ocrx_word' id='word_1_150' title='bbox 1261 1712 1538 1759; x_wconf 80' lang='lat' dir='ltr'>auctoritate,</span> <span class='ocrx_word' id='word_1_151' title='bbox 1582 1716 1629 1753; x_wconf 91' lang='lat' dir='ltr'>ut</span> 
     </span>
     <span class='ocr_line' id='line_1_23' title="bbox 120 1775 1628 1833; baseline 0.003 -17"><span class='ocrx_word' id='word_1_152' title='bbox 120 1789 222 1816; x_wconf 89' lang='lat' dir='ltr'>rara</span> <span class='ocrx_word' id='word_1_153' title='bbox 253 1775 483 1816; x_wconf 80' lang='lat' dir='ltr'>admodum</span> <span class='ocrx_word' id='word_1_154' title='bbox 515 1776 629 1830; x_wconf 89' lang='lat' dir='ltr'>apud</span> <span class='ocrx_word' id='word_1_155' title='bbox 665 1776 861 1825; x_wconf 81' lang='lat' dir='ltr'>Ennium,</span> <span class='ocrx_word' id='word_1_156' title='bbox 895 1777 1122 1827; x_wconf 87' lang='lat' dir='ltr'>Lucilium,</span> <span class='ocrx_word' id='word_1_157' title='bbox 1157 1779 1391 1819; x_wconf 88' lang='lat' dir='ltr'>Varronem</span> <span class='ocrx_word' id='word_1_158' title='bbox 1433 1781 1628 1833; x_wconf 81' lang='lat' dir='ltr'>exempla</span> 
     </span>
     <span class='ocr_line' id='line_1_24' title="bbox 119 1844 1411 1898; baseline 0.003 -14"><span class='ocrx_word' id='word_1_159' title='bbox 119 1844 330 1898; x_wconf 76' lang='lat' dir='ltr'>paucitati</span> <span class='ocrx_word' id='word_1_160' title='bbox 361 1844 699 1897; x_wconf 76' lang='lat' dir='ltr'>fragmentorum</span> <span class='ocrx_word' id='word_1_161' title='bbox 734 1844 1018 1886; x_wconf 83' lang='lat' dir='ltr'>adscribenda</span> <span class='ocrx_word' id='word_1_162' title='bbox 1051 1860 1142 1887; x_wconf 88' lang='lat' dir='ltr'>esse</span> <span class='ocrx_word' id='word_1_163' title='bbox 1174 1847 1411 1888; x_wconf 88' lang='lat' dir='ltr'>videantur.</span> 
     </span>
    </p>

    <p class='ocr_par' dir='ltr' id='par_1_10' title="bbox 118 1912 1630 2651">
     <span class='ocr_line' id='line_1_25' title="bbox 236 1912 1628 1968; baseline 0.003 -16"><span class='ocrx_word' id='word_1_164' title='bbox 236 1912 395 1953; x_wconf 88' lang='lat' dir='ltr'>Contra</span> <span class='ocrx_word' id='word_1_165' title='bbox 422 1912 649 1953; x_wconf 89' lang='lat' dir='ltr'>alienumst</span> <span class='ocrx_word' id='word_1_166' title='bbox 672 1926 697 1953; x_wconf 88' lang='lat' dir='ltr'>a</span> <span class='ocrx_word' id='word_1_167' title='bbox 718 1913 868 1966; x_wconf 81' lang='lat' dir='ltr'>poetiS,</span> <span class='ocrx_word' id='word_1_168' title='bbox 901 1913 952 1954; x_wconf 91' lang='lat' dir='ltr'>de</span> <span class='ocrx_word' id='word_1_169' title='bbox 975 1914 1130 1967; x_wconf 89' lang='lat' dir='ltr'>quibus</span> <span class='ocrx_word' id='word_1_170' title='bbox 1153 1915 1222 1955; x_wconf 92' lang='lat' dir='ltr'>hic</span> <span class='ocrx_word' id='word_1_171' title='bbox 1245 1916 1399 1968; x_wconf 82' lang='lat' dir='ltr'>agitur,</span> <span class='ocrx_word' id='word_1_172' title='bbox 1433 1916 1628 1957; x_wconf 86' lang='lat' dir='ltr'>omnibus</span> 
     </span>
     <span class='ocr_line' id='line_1_26' title="bbox 120 1980 1627 2034; baseline 0.003 -14"><span class='ocrx_word' id='word_1_173' title='bbox 120 1980 307 2021; x_wconf 86' lang='lat' dir='ltr'>formare</span> <span class='ocrx_word' id='word_1_174' title='bbox 338 1980 528 2021; x_wconf 91' lang='lat' dir='ltr'>iambum</span> <span class='ocrx_word' id='word_1_175' title='bbox 558 1981 868 2034; x_wconf 88' lang='lat' dir='ltr'>paenultimum</span> <span class='ocrx_word' id='word_1_176' title='bbox 897 1982 1106 2023; x_wconf 86' lang='lat' dir='ltr'>vocabulo</span> <span class='ocrx_word' id='word_1_177' title='bbox 1138 1983 1322 2024; x_wconf 86' lang='lat' dir='ltr'>iambico</span> <span class='ocrx_word' id='word_1_178' title='bbox 1355 1983 1420 2024; x_wconf 84' lang='lat' dir='ltr'>vel</span> <span class='ocrx_word' id='word_1_179' title='bbox 1450 1985 1493 2024; x_wconf 89' lang='lat' dir='ltr'>in</span> <span class='ocrx_word' id='word_1_180' title='bbox 1524 1985 1627 2024; x_wconf 86' lang='lat' dir='ltr'>iam-</span> 
     </span>
     <span class='ocr_line' id='line_1_27' title="bbox 119 2047 1628 2104; baseline 0.003 -16"><span class='ocrx_word' id='word_1_181' title='bbox 119 2047 222 2089; x_wconf 88' lang='lat' dir='ltr'>bum</span> <span class='ocrx_word' id='word_1_182' title='bbox 265 2052 458 2090; x_wconf 86' lang='lat' dir='ltr'>exeunte.</span> <span class='ocrx_word' id='word_1_183' title='bbox 531 2062 665 2102; x_wconf 91' lang='lat' dir='ltr'>quare</span> <span class='ocrx_word' id='word_1_184' title='bbox 709 2050 850 2102; x_wconf 85' lang='lat' dir='ltr'>siquid</span> <span class='ocrx_word' id='word_1_185' title='bbox 892 2050 980 2091; x_wconf 87' lang='lat' dir='ltr'>tale</span> <span class='ocrx_word' id='word_1_186' title='bbox 1024 2051 1263 2104; x_wconf 87' lang='lat' dir='ltr'>antiquitus</span> <span class='ocrx_word' id='word_1_187' title='bbox 1309 2052 1538 2103; x_wconf 82' lang='lat' dir='ltr'>traditum,</span> <span class='ocrx_word' id='word_1_188' title='bbox 1586 2053 1628 2093; x_wconf 88' lang='lat' dir='ltr'>id</span> 
     </span>
     <span class='ocr_line' id='line_1_28' title="bbox 118 2117 1628 2173; baseline 0.003 -16"><span class='ocrx_word' id='word_1_189' title='bbox 118 2130 220 2158; x_wconf 85' lang='lat' dir='ltr'>vero</span> <span class='ocrx_word' id='word_1_190' title='bbox 263 2117 423 2170; x_wconf 88' lang='lat' dir='ltr'>ubique</span> <span class='ocrx_word' id='word_1_191' title='bbox 464 2131 576 2158; x_wconf 88' lang='lat' dir='ltr'>nunc</span> <span class='ocrx_word' id='word_1_192' title='bbox 618 2118 760 2159; x_wconf 88' lang='lat' dir='ltr'>iudico</span> <span class='ocrx_word' id='word_1_193' title='bbox 795 2118 1041 2159; x_wconf 89' lang='lat' dir='ltr'>tollendum.</span> <span class='ocrx_word' id='word_1_194' title='bbox 1101 2133 1200 2161; x_wconf 90' lang='lat' dir='ltr'>nam</span> <span class='ocrx_word' id='word_1_195' title='bbox 1242 2123 1284 2160; x_wconf 90' lang='lat' dir='ltr'>et</span> <span class='ocrx_word' id='word_1_196' title='bbox 1324 2120 1479 2173; x_wconf 84' lang='lat' dir='ltr'>tragici</span> <span class='ocrx_word' id='word_1_197' title='bbox 1511 2124 1628 2161; x_wconf 88' lang='lat' dir='ltr'>vetu-</span> 
     </span>
     <span class='ocr_line' id='line_1_29' title="bbox 123 2185 1626 2242; baseline 0.003 -16"><span class='ocrx_word' id='word_1_198' title='bbox 123 2185 276 2227; x_wconf 82' lang='lat' dir='ltr'>stiores</span> <span class='ocrx_word' id='word_1_199' title='bbox 299 2185 531 2227; x_wconf 84' lang='lat' dir='ltr'>exclusisse</span> <span class='ocrx_word' id='word_1_200' title='bbox 553 2186 752 2227; x_wconf 78' lang='lat' dir='ltr'>videntur</span> <span class='ocrx_word' id='word_1_201' title='bbox 782 2186 909 2238; x_wconf 71' lang='lat' dir='ltr'>illud,</span> <span class='ocrx_word' id='word_1_202' title='bbox 941 2187 1135 2241; x_wconf 89' lang='lat' dir='ltr'>adeoque</span> <span class='ocrx_word' id='word_1_203' title='bbox 1166 2202 1219 2229; x_wconf 93' lang='lat' dir='ltr'>ne</span> <span class='ocrx_word' id='word_1_204' title='bbox 1252 2189 1425 2229; x_wconf 86' lang='lat' dir='ltr'>comicis</span> <span class='ocrx_word' id='word_1_205' title='bbox 1457 2189 1626 2242; x_wconf 89' lang='lat' dir='ltr'>quidem</span> 
     </span>
     <span class='ocr_line' id='line_1_30' title="bbox 120 2254 1629 2311; baseline 0.002 -17"><span class='ocrx_word' id='word_1_206' title='bbox 120 2255 226 2294; x_wconf 85' lang='lat' dir='ltr'>satis</span> <span class='ocrx_word' id='word_1_207' title='bbox 267 2257 363 2295; x_wconf 87' lang='lat' dir='ltr'>tuto</span> <span class='ocrx_word' id='word_1_208' title='bbox 404 2254 656 2307; x_wconf 86' lang='lat' dir='ltr'>plerumque</span> <span class='ocrx_word' id='word_1_209' title='bbox 697 2254 830 2296; x_wconf 85' lang='lat' dir='ltr'>tribui</span> <span class='ocrx_word' id='word_1_210' title='bbox 865 2255 978 2296; x_wconf 90' lang='lat' dir='ltr'>idem</span> <span class='ocrx_word' id='word_1_211' title='bbox 1010 2256 1052 2296; x_wconf 94' lang='lat' dir='ltr'>in</span> <span class='ocrx_word' id='word_1_212' title='bbox 1085 2256 1270 2297; x_wconf 87' lang='lat' dir='ltr'>editione</span> <span class='ocrx_word' id='word_1_213' title='bbox 1302 2256 1427 2297; x_wconf 90' lang='lat' dir='ltr'>Nonii</span> <span class='ocrx_word' id='word_1_214' title='bbox 1459 2257 1629 2311; x_wconf 89' lang='lat' dir='ltr'>saepius</span> 
     </span>
     <span class='ocr_line' id='line_1_31' title="bbox 123 2321 1630 2375; baseline 0.003 -13"><span class='ocrx_word' id='word_1_215' title='bbox 123 2321 444 2363; x_wconf 85' lang='lat' dir='ltr'>declaratumst.</span> <span class='ocrx_word' id='word_1_216' title='bbox 503 2323 635 2375; x_wconf 84' lang='lat' dir='ltr'>igitur</span> <span class='ocrx_word' id='word_1_217' title='bbox 674 2326 716 2363; x_wconf 90' lang='lat' dir='ltr'>et</span> <span class='ocrx_word' id='word_1_218' title='bbox 751 2323 794 2363; x_wconf 91' lang='lat' dir='ltr'>in</span> <span class='ocrx_word' id='word_1_219' title='bbox 826 2323 951 2364; x_wconf 89' lang='lat' dir='ltr'>Ennii</span> <span class='ocrx_word' id='word_1_220' title='bbox 983 2324 1237 2365; x_wconf 82' lang='lat' dir='ltr'>Saturarum</span> <span class='ocrx_word' id='word_1_221' title='bbox 1280 2324 1337 2365; x_wconf 82' lang='lat' dir='ltr'>VI</span> <span class='ocrx_word' id='word_1_222' title='bbox 1368 2325 1630 2375; x_wconf 89' lang='lat' dir='ltr'>damnatum,</span> 
     </span>
     <span class='ocr_line' id='line_1_32' title="bbox 120 2389 1629 2444; baseline 0.003 -14"><span class='ocrx_word' id='word_1_223' title='bbox 120 2389 234 2443; x_wconf 90' lang='lat' dir='ltr'>quod</span> <span class='ocrx_word' id='word_1_224' title='bbox 275 2393 317 2430; x_wconf 91' lang='lat' dir='ltr'>et</span> <span class='ocrx_word' id='word_1_225' title='bbox 357 2389 485 2430; x_wconf 87' lang='lat' dir='ltr'>aliam</span> <span class='ocrx_word' id='word_1_226' title='bbox 528 2390 583 2432; x_wconf 92' lang='lat' dir='ltr'>ob</span> <span class='ocrx_word' id='word_1_227' title='bbox 626 2404 798 2432; x_wconf 87' lang='lat' dir='ltr'>causam</span> <span class='ocrx_word' id='word_1_228' title='bbox 842 2391 1051 2444; x_wconf 86' lang='lat' dir='ltr'>displicet,</span> <span class='ocrx_word' id='word_1_229' title='bbox 1092 2407 1184 2433; x_wconf 70' lang='lat' dir='ltr'>moa:</span> <span class='ocrx_word' id='word_1_230' title='bbox 1215 2396 1384 2434; x_wconf 75' lang='lat' dir='ltr'>alterius</span> <span class='ocrx_word' id='word_1_231' title='bbox 1415 2407 1503 2434; x_wconf 74' lang='lat' dir='ltr'>cum</span> <span class='ocrx_word' id='word_1_232' title='bbox 1535 2396 1629 2434; x_wconf 78' lang='lat' dir='ltr'>oble·—</span> 
     </span>
     <span class='ocr_line' id='line_1_33' title="bbox 119 2458 1626 2513; baseline 0.002 -15"><span class='ocrx_word' id='word_1_233' title='bbox 119 2461 288 2509; x_wconf 72' lang='lat' dir='ltr'>yurrias</span> <span class='ocrx_word' id='word_1_234' title='bbox 328 2461 455 2508; x_wconf 81' lang='lat' dir='ltr'>bona;</span> <span class='ocrx_word' id='word_1_235' title='bbox 498 2458 571 2499; x_wconf 90' lang='lat' dir='ltr'>ubi</span> <span class='ocrx_word' id='word_1_236' title='bbox 616 2459 909 2512; x_wconf 88' lang='lat' dir='ltr'>reponendum</span> <span class='ocrx_word' id='word_1_237' title='bbox 956 2460 1041 2501; x_wconf 87' lang='lat' dir='ltr'>iam</span> <span class='ocrx_word' id='word_1_238' title='bbox 1089 2461 1286 2502; x_wconf 86' lang='lat' dir='ltr'>existimo</span> <span class='ocrx_word' id='word_1_239' title='bbox 1329 2464 1626 2513; x_wconf 62' lang='lat' dir='ltr'>obliqzc7&#39;7·iet·is.</span> 
     </span>
     <span class='ocr_line' id='line_1_34' title="bbox 121 2526 1629 2580; baseline 0.001 -14"><span class='ocrx_word' id='word_1_240' title='bbox 121 2526 308 2567; x_wconf 89' lang='lat' dir='ltr'>omnium</span> <span class='ocrx_word' id='word_1_241' title='bbox 340 2530 482 2568; x_wconf 91' lang='lat' dir='ltr'>autem</span> <span class='ocrx_word' id='word_1_242' title='bbox 515 2527 686 2567; x_wconf 89' lang='lat' dir='ltr'>minime</span> <span class='ocrx_word' id='word_1_243' title='bbox 717 2527 824 2568; x_wconf 88' lang='lat' dir='ltr'>haec</span> <span class='ocrx_word' id='word_1_244' title='bbox 865 2528 1040 2569; x_wconf 88' lang='lat' dir='ltr'>licentia</span> <span class='ocrx_word' id='word_1_245' title='bbox 1078 2529 1305 2570; x_wconf 86' lang='lat' dir='ltr'>toleranda</span> <span class='ocrx_word' id='word_1_246' title='bbox 1345 2530 1389 2569; x_wconf 91' lang='lat' dir='ltr'>in</span> <span class='ocrx_word' id='word_1_247' title='bbox 1419 2529 1629 2580; x_wconf 83' lang='lat' dir='ltr'>Phaedro,</span> 
     </span>
     <span class='ocr_line' id='line_1_35' title="bbox 122 2594 1629 2651; baseline 0.003 -17"><span class='ocrx_word' id='word_1_248' title='bbox 122 2595 242 2635; x_wconf 91' lang='lat' dir='ltr'>cuius</span> <span class='ocrx_word' id='word_1_249' title='bbox 273 2608 422 2635; x_wconf 86' lang='lat' dir='ltr'>versus</span> <span class='ocrx_word' id='word_1_250' title='bbox 458 2594 630 2647; x_wconf 88' lang='lat' dir='ltr'>quidam</span> <span class='ocrx_word' id='word_1_251' title='bbox 677 2595 779 2649; x_wconf 84' lang='lat' dir='ltr'>[sab.</span> <span class='ocrx_word' id='word_1_252' title='bbox 810 2596 970 2637; x_wconf 88' lang='lat' dir='ltr'>Perott.</span> <span class='ocrx_word' id='word_1_253' title='bbox 1004 2600 1070 2647; x_wconf 79' lang='lat'>28,</span> <span class='ocrx_word' id='word_1_254' title='bbox 1103 2597 1146 2651; x_wconf 82' lang='lat'>9]</span> <span class='ocrx_word' id='word_1_255' title='bbox 1187 2611 1279 2638; x_wconf 88' lang='lat' dir='ltr'>cum</span> <span class='ocrx_word' id='word_1_256' title='bbox 1321 2597 1381 2637; x_wconf 91' lang='lat' dir='ltr'>sic</span> <span class='ocrx_word' id='word_1_257' title='bbox 1420 2597 1629 2638; x_wconf 86' lang='lat' dir='ltr'>ferretur:</span> 
     </span>
    </p>
   </div>
   <div class='ocr_carea' id='block_1_7' title="bbox 443 2674 1261 2719">
    <p class='ocr_par' dir='ltr' id='par_1_11' title="bbox 443 2674 1261 2719">
     <span class='ocr_line' id='line_1_36' title="bbox 443 2674 1261 2719; baseline 0.004 -12"><span class='ocrx_word' id='word_1_258' title='bbox 443 2674 580 2708; x_wconf 83' lang='lat' dir='ltr'>omittit</span> <span class='ocrx_word' id='word_1_259' title='bbox 605 2674 725 2717; x_wconf 87' lang='lat' dir='ltr'>ipsum</span> <span class='ocrx_word' id='word_1_260' title='bbox 750 2675 921 2719; x_wconf 85' lang='lat' dir='ltr'>persequi</span> <span class='ocrx_word' id='word_1_261' title='bbox 947 2678 984 2710; x_wconf 87' lang='lat' dir='ltr'>et</span> <span class='ocrx_word' id='word_1_262' title='bbox 1007 2679 1117 2710; x_wconf 83' lang='lat' dir='ltr'>vocat</span> <span class='ocrx_word' id='word_1_263' title='bbox 1142 2687 1261 2719; x_wconf 81' lang='lat' dir='ltr'>canes,</span> 
     </span>
    </p>
   </div>
   <div class='ocr_carea' id='block_1_8' title="bbox 115 2746 1630 2995">
    <p class='ocr_par' dir='ltr' id='par_1_12' title="bbox 121 2746 1628 2802">
     <span class='ocr_line' id='line_1_37' title="bbox 121 2746 1628 2802; baseline 0.001 -14"><span class='ocrx_word' id='word_1_264' title='bbox 121 2746 221 2788; x_wconf 85' lang='lat' dir='ltr'>olim</span> <span class='ocrx_word' id='word_1_265' title='bbox 251 2747 541 2788; x_wconf 88' lang='lat' dir='ltr'>restitutumst</span> <span class='ocrx_word' id='word_1_266' title='bbox 573 2761 598 2788; x_wconf 93' lang='lat' dir='ltr'>a</span> <span class='ocrx_word' id='word_1_267' title='bbox 626 2747 749 2788; x_wconf 88' lang='lat' dir='ltr'>nobis</span> <span class='ocrx_word' id='word_1_268' title='bbox 781 2748 886 2789; x_wconf 91' lang='lat' dir='ltr'>illud</span> <span class='ocrx_word' id='word_1_269' title='bbox 917 2757 1093 2791; x_wconf 70' lang='lat' dir='ltr'>revocat.</span> <span class='ocrx_word' id='word_1_270' title='bbox 1128 2774 1179 2779; x_wconf 90' lang='lat'>—</span> <span class='ocrx_word' id='word_1_271' title='bbox 1221 2750 1334 2802; x_wconf 87' lang='lat' dir='ltr'>quod</span> <span class='ocrx_word' id='word_1_272' title='bbox 1369 2750 1411 2790; x_wconf 91' lang='lat' dir='ltr'>in</span> <span class='ocrx_word' id='word_1_273' title='bbox 1443 2749 1628 2790; x_wconf 84' lang='lat' dir='ltr'>editione</span> 
     </span>
    </p>

    <p class='ocr_par' dir='ltr' id='par_1_13' title="bbox 120 2815 1629 2871">
     <span class='ocr_line' id='line_1_38' title="bbox 120 2815 1629 2871; baseline 0.001 -16"><span class='ocrx_word' id='word_1_274' title='bbox 120 2815 272 2856; x_wconf 87' lang='lat' dir='ltr'>Lucilii</span> <span class='ocrx_word' id='word_1_275' title='bbox 302 2815 345 2870; x_wconf 91' lang='lat' dir='ltr'>[l.</span> <span class='ocrx_word' id='word_1_276' title='bbox 376 2816 455 2856; x_wconf 87' lang='lat' dir='ltr'>inc.</span> <span class='ocrx_word' id='word_1_277' title='bbox 493 2816 590 2870; x_wconf 79' lang='lat'>142]</span> <span class='ocrx_word' id='word_1_278' title='bbox 622 2816 706 2856; x_wconf 89' lang='lat' dir='ltr'>iam</span> <span class='ocrx_word' id='word_1_279' title='bbox 738 2821 957 2870; x_wconf 83' lang='lat' dir='ltr'>receptum</span> <span class='ocrx_word' id='word_1_280' title='bbox 992 2821 1086 2858; x_wconf 88' lang='lat' dir='ltr'>erat</span> <span class='ocrx_word' id='word_1_281' title='bbox 1121 2821 1221 2858; x_wconf 71' lang='lat' dir='ltr'>‚salsi</span> <span class='ocrx_word' id='word_1_282' title='bbox 1253 2823 1391 2869; x_wconf 73' lang='lat' dir='ltr'>fretus</span> <span class='ocrx_word' id='word_1_283' title='bbox 1423 2831 1500 2871; x_wconf 90' lang='lat' dir='ltr'>pro</span> <span class='ocrx_word' id='word_1_284' title='bbox 1531 2821 1629 2858; x_wconf 74' lang='lat' dir='ltr'>salis</span> 
     </span>
    </p>

    <p class='ocr_par' dir='ltr' id='par_1_14' title="bbox 115 2884 1630 2995">
     <span class='ocr_line' id='line_1_39' title="bbox 115 2884 1630 2935; baseline 0.002 -12"><span class='ocrx_word' id='word_1_285' title='bbox 115 2888 253 2935; x_wconf 76' lang='lat' dir='ltr'>fretus</span> <span class='ocrx_word' id='word_1_286' title='bbox 285 2884 400 2924; x_wconf 85' lang='lat' dir='ltr'>circa</span> <span class='ocrx_word' id='word_1_287' title='bbox 429 2884 553 2924; x_wconf 85' lang='lat' dir='ltr'>finem</span> <span class='ocrx_word' id='word_1_288' title='bbox 586 2885 788 2934; x_wconf 87' lang='lat' dir='ltr'>trimetri,</span> <span class='ocrx_word' id='word_1_289' title='bbox 827 2885 1011 2926; x_wconf 81' lang='lat' dir='ltr'>Charisii</span> <span class='ocrx_word' id='word_1_290' title='bbox 1044 2887 1302 2926; x_wconf 83' lang='lat' dir='ltr'>auctoritate</span> <span class='ocrx_word' id='word_1_291' title='bbox 1334 2886 1497 2927; x_wconf 87' lang='lat' dir='ltr'>firmari</span> <span class='ocrx_word' id='word_1_292' title='bbox 1528 2887 1630 2926; x_wconf 74' lang='lat' dir='ltr'>Sca-</span> 
     </span>
     <span class='ocr_line' id='line_1_40' title="bbox 189 2955 1355 2995; baseline 0 -8"><span class='ocrx_word' id='word_1_293' title='bbox 189 2963 214 2987; x_wconf 85' lang='lat' dir='ltr'>L</span> <span class='ocrx_word' id='word_1_294' title='bbox 242 2963 432 2995; x_wconf 82' lang='lat' dir='ltr'>Muelleri;</span> <span class='ocrx_word' id='word_1_295' title='bbox 462 2964 506 2989; x_wconf 86' lang='lat' dir='ltr'>De</span> <span class='ocrx_word' id='word_1_296' title='bbox 525 2972 546 2989; x_wconf 83' lang='lat' dir='ltr'>r.</span> <span class='ocrx_word' id='word_1_297' title='bbox 566 2972 603 2989; x_wconf 87' lang='lat' dir='ltr'>m.</span> <span class='ocrx_word' id='word_1_298' title='bbox 623 2972 651 2994; x_wconf 87' lang='lat' dir='ltr'>p.</span> <span class='ocrx_word' id='word_1_299' title='bbox 669 2964 701 2989; x_wconf 87' lang='lat' dir='ltr'>L.</span> <span class='ocrx_word' id='word_1_300' title='bbox 1311 2955 1355 2988; x_wconf 79' lang='lat'>34</span> 
     </span>
    </p>
   </div>
  </div>
 </body>
</html>
