1898 3292
774 194 1012 221 OPVSCVLVM
1032 195 1083 219 111.
1600 184 1680 221 573

176 301 262 347 ton,
303 298 339 338 si
381 297 568 338 secunda
606 297 771 351 syllaba
812 296 969 349 prioris
1010 296 1147 348 partis
1178 294 1374 336 elidendo
1403 295 1680 335 imminuitur.

177 366 290 419 quod
323 366 495 418 quidem
526 366 697 406 minime
731 369 847 406 caret
879 364 1097 416 exemplis,
1130 363 1261 404 veluti
1292 366 1392 404 Aen.
1421 363 1493 412 ΙΙΙ,
1518 367 1622 404 549:

452 456 589 479 cornua
613 445 815 478 velatarum
845 444 1068 477 obvertimus
1095 447 1371 482 antemncwum

177 514 348 555 Metam.
382 513 494 564 XIII,
528 517 629 554 550:

451 604 524 626 non
550 592 664 626 oblita
689 593 900 634 animorum,
925 603 1103 625 annorum
1134 590 1246 624 oblita
1271 600 1428 624 suorum.

292 674 382 714 Iam
424 673 496 714 ubi
537 673 785 713 intendatur
826 672 868 712 in
911 671 1063 712 Latina
1104 671 1274 724 poetica
1315 684 1417 710 usus
1465 670 1682 719 rimorum,

178 756 262 783 non
303 742 470 782 invenio
511 746 683 795 praeter
723 740 929 793 quosdam
974 739 1151 794 hymnos
1203 739 1533 779 christianorum
1588 752 1682 778 cum

178 811 410 865 rythmicos
450 815 539 850 tum
581 810 802 859 metricos,
846 823 938 849 cum
981 808 1176 861 plerique
1217 820 1299 847 non
1352 806 1478 846 alian]
1537 820 1682 846 eorum

178 879 386 919 rationem
426 892 553 931 quam
594 891 723 931 supra
767 877 1011 930 explicitam
1056 876 1286 916 declarent.
1349 879 1537 915 ceterum
1571 874 1684 927 quod

178 947 369 988 nonnulli
414 946 637 987 Ambrosio
687 946 861 986 nimium
904 944 1116 998 placuisse
1158 944 1277 984 aiunt
1328 943 1685 983 homoeoteleuta.

177 1016 515 1068 haudquaquam
558 1013 692 1055 firmis
733 1017 899 1054 constat
949 1027 1017 1053 res
1059 1012 1334 1065 argumentis.
1410 1025 1594 1064 namque
1636 1025 1687 1051 ex

179 1084 376 1125 undecim
428 1083 706 1133 carminibus,
758 1095 868 1135 quae
919 1080 1186 1121 Benedictini
1237 1079 1297 1119 illi
1346 1079 1589 1120 tribuerunt
1640 1083 1686 1119 ut

179 1166 316 1194 vacua
338 1166 363 1193 a
385 1152 632 1206 suspitione,
664 1155 882 1204 postrema
906 1153 1121 1202 quattuor,
1154 1162 1248 1188 cum
1279 1152 1475 1201 apertum
1498 1147 1686 1188 studium

180 1221 383 1261 rimorum
418 1219 722 1269 testificentur,
768 1217 1040 1259 auctoritatis
1071 1220 1168 1257 sunt
1209 1220 1277 1256 sat
1308 1215 1487 1265 dubiae,
1530 1216 1687 1268 quippe

182 1303 291 1342 quae
332 1288 593 1329 tenuissimis
626 1287 845 1327 Hincmari
890 1291 931 1326 et
960 1285 1206 1338 Ildephonsi
1248 1283 1503 1324 testimoniis
1547 1283 1687 1335 adsig-

181 1362 337 1399 nentur
369 1357 418 1403 ei.
481 1360 526 1397 at
557 1369 666 1409 quae
708 1355 866 1395 rectius
907 1353 1213 1394 adscribuntur
1245 1351 1402 1401 eidem,
1448 1365 1531 1391 non
1564 1352 1688 1391 nimis

181 1426 430 1479 frequenter
459 1425 622 1465 habent
652 1422 1006 1464 homoeoteleutis
1044 1422 1211 1462 iunctos
1244 1433 1463 1461 numeros.
1508 1423 1556 1460 ut
1583 1423 1689 1473 puta

182 1494 256 1535 XL
300 1494 343 1534 in
389 1493 582 1534 versibus
629 1491 788 1533 CCXX.
865 1494 1013 1531 contra
1066 1493 1272 1530 certumst
1324 1488 1429 1528 alios
1481 1487 1688 1540 quosdam

184 1562 415 1616 scriptores
446 1561 719 1616 hymnorum,
763 1563 917 1612 quarto
960 1558 1194 1611 quintoque
1228 1557 1398 1597 saeculo
1431 1557 1502 1609 qui
1534 1556 1689 1604 vixere,

184 1644 330 1672 amare
361 1631 469 1670 rimo
501 1629 566 1670 vel
598 1628 843 1669 assonantia
876 1627 1025 1679 iugare
1059 1625 1272 1666 clausulas
1304 1638 1514 1665 versuum.
1562 1637 1688 1676 quam

185 1699 357 1753 quidem
388 1712 475 1739 rem
508 1697 679 1738 minime
704 1695 877 1737 dubiam
909 1708 992 1736 non
1016 1694 1204 1735 dicemus
1236 1694 1298 1734 ita
1333 1693 1536 1742 evenisse,
1567 1693 1690 1745 quasi

184 1768 238 1809 ab
278 1767 362 1808 illis
407 1766 722 1807 vetustissimae
765 1778 814 1804 ac
853 1764 969 1804 Livio
1016 1763 1172 1816 prioris
1217 1763 1358 1815 poesis
1404 1761 1589 1814 repetita
1635 1761 1689 1801 sit

184 1836 445 1890 proprietas,
479 1835 636 1887 quippe
666 1833 785 1874 cuius
818 1832 984 1886 pridem
1013 1831 1255 1872 evanuisset
1286 1830 1461 1880 notitia,
1499 1830 1572 1870 sed
1603 1829 1691 1883 ple-

184 1904 376 1945 beiorum
420 1903 639 1944 hominum
685 1902 781 1942 usui
828 1900 889 1941 sic
931 1899 1232 1949 consultumst,
1279 1898 1434 1951 quibus
1484 1899 1691 1938 varietate

184 1972 453 2025 negotiorum
486 1975 528 2011 et
559 1969 793 2011 communis
824 1969 936 2009 vitae
978 1967 1091 2008 curis
1123 1967 1330 2007 districtis
1360 1966 1692 2007 homoeoteleuti

187 2039 446 2082 adminiculo
493 2038 660 2080 adiecto
706 2037 875 2078 facilius
921 2036 1269 2090 perdiscerentur
1320 2035 1530 2085 carmina,
1582 2048 1692 2087 quae

185 2107 484 2163 ignorantibus
536 2112 736 2148 aeternae
784 2109 926 2146 essent
976 2118 1139 2158 poenae
1187 2104 1229 2144 in
1279 2099 1414 2144 morte
1464 2103 1691 2144 timendae.

185 2191 283 2219 mox
323 2177 526 2229 antiquae
578 2175 684 2216 artis
725 2174 933 2215 memoria
973 2172 1107 2214 ferme
1156 2172 1318 2213 abolita
1361 2171 1487 2213 facile
1534 2171 1694 2212 coaluit

186 2260 289 2287 usus
319 2246 537 2286 rimorum.
597 2243 709 2285 unde
751 2244 793 2283 in
837 2242 1028 2283 carmina
1069 2241 1258 2295 gentium
1289 2245 1331 2281 et
1362 2240 1693 2281 Romanicarum

187 2320 230 2355 et
251 2313 583 2355 Teutonicarum
605 2311 871 2353 transierunt
899 2311 1034 2363 magis
1056 2310 1279 2362 magisque
1311 2308 1693 2357 increbrescentes,

187 2387 235 2423 ut
264 2382 350 2423 iam
381 2381 638 2422 necessitate
672 2379 858 2433 quadam
894 2379 1073 2419 metrica
1095 2377 1343 2419 viderentur
1371 2377 1472 2418 addi
1494 2376 1694 2426 numeris,

188 2451 268 2491 nisi
300 2449 559 2499 assonantia,
592 2461 719 2501 quam
753 2452 920 2497 vocant,
956 2447 1092 2500 magis
1125 2446 1310 2499 optinuit
1331 2445 1620 2499 Hispanorum
1652 2444 1695 2484 in

188 2518 271 2558 fine
303 2520 654 2558 tetrametroruni
684 2516 1026 2565 trochaicorum,
1067 2528 1196 2567 quam
1226 2514 1418 2554 imitatus
1457 2517 1521 2553 est
1555 2512 1693 2552 Plate-

189 2600 268 2627 nus
308 2585 569 2626 carminibus
612 2584 662 2624 de
705 2583 815 2624 Dido
857 2597 906 2624 ac
949 2583 1000 2623 de
1045 2582 1333 2623 Gambacorte
1376 2586 1417 2622 et
1458 2580 1693 2630 Gualande,

188 2655 291 2695 item
323 2652 562 2694 Uhlandius
593 2651 798 2706 opusculo
832 2652 883 2692 de
916 2651 1109 2691 Rolando
1143 2654 1185 2690 et
1217 2649 1336 2690 Alda.

306 2721 498 2774 Denique
532 2720 583 2761 de
612 2720 766 2770 verbis,
799 2719 954 2772 quibus
984 2722 1151 2759 constet¹
1177 2718 1326 2762 oratio,
1359 2718 1541 2771 primum
1566 2717 1695 2767 Quin-

190 2789 327 2830 tiliani
372 2788 615 2830 adscribam
656 2788 797 2829 locum
842 2786 928 2843 [1X,
961 2792 998 2837 4,
1030 2787 1102 2840 42]
1141 2785 1455 2836 ‘monosyllaba,
1500 2788 1535 2825 se·
1569 2788 1695 2834 plura

191 2865 305 2907 sunt,
345 2861 448 2898 male
497 2859 860 2903 continuabwzlm‘,
904 2859 998 2906 qula
1047 2861 1249 2895 necesses-l
1292 2857 1521 2904 compos-ilio
1565 2856 1695 2892 mullis
