1898 3292
158 234 238 271 26ss
755 242 874 267 LIBER
893 243 1067 267 TERTIVS.

157 346 296 385 minus
327 344 505 386 habebit
537 344 800 393 offensionis,
846 359 929 398 quo
962 346 1097 396 magis
1130 345 1480 386 accommodatur
1510 345 1665 399 pedum

157 413 438 455 divisionibus
477 428 552 454 seu
595 413 828 454 conexibus
872 414 950 464 eis,
993 413 1149 466 quibus
1188 413 1243 454 ad
1285 414 1540 467 optinendas
1580 429 1666 456 me-

155 486 320 524 trorum
362 481 478 536 leges
520 482 755 536 rythmicas
796 485 996 523 auctores
1031 486 1197 522 veteres
1230 497 1330 523 usos
1361 496 1454 524 esse
1486 471 1665 524 ostendi.

155 552 221 592 his
252 551 385 603 igitur
419 550 590 592 subnixi
622 550 748 591 facile
778 549 1106 604 explanabimus
1139 551 1292 591 omnia.

270 620 331 660 Ac
362 619 546 673 primum
580 618 752 673 quidem
784 619 890 660 satis
920 622 1128 660 certumst
1158 633 1241 660 non
1273 633 1398 672 posse
1429 620 1667 673 principem

155 688 295 729 locum
318 688 513 741 optinere
543 688 587 728 in
609 701 734 729 versu
756 701 893 737 voces,
928 701 1034 740 quas
1065 688 1187 729 initio
1211 688 1421 729 enuntiati
1452 689 1553 742 poni
1584 702 1668 729 non

152 756 275 807 licet,
320 756 469 810 quales
501 760 599 798 sunt
641 759 762 805 enim,
806 763 956 804 (cutem,
999 770 1105 798 vero,
1167 756 1299 809 igitur
1341 771 1435 798 cum
1476 755 1667 808 verbum,

155 825 270 879 quod
299 829 364 867 est
395 829 536 876 inquit,
569 825 801 878 aliquando
825 825 890 866 vel
913 825 1028 878 apud
1059 825 1243 879 optimos
1275 829 1474 867 auctores
1506 826 1572 880 [ut
1594 826 1666 866 Ov.

154 898 325 935 metam.
350 894 399 945 X,
424 894 525 948 544]
556 893 798 935 inveniatur
828 894 871 934 in
894 894 1033 947 prima
1055 897 1178 947 parte
1200 894 1379 946 numeri,
1410 894 1668 947 infringetur

152 962 268 1003 ist-ud
301 966 592 1017 praeceptum,
625 963 660 1003 si
693 962 819 1003 modo
852 976 952 1003 vere
984 962 1193 1004 Kotenius
1228 962 1313 1017 [ad.
1337 962 1509 1003 Pindar.
1533 962 1666 1003 Theb.

160 1032 258 1085 150]
301 1032 562 1073 asseverarit
598 1045 832 1084 numquam
872 1031 915 1072 in
956 1031 1167 1085 principio
1212 1031 1419 1072 orationis
1466 1031 1667 1072 collocari

154 1100 272 1141 illud.
335 1104 380 1141 at
424 1104 540 1141 certe
580 1100 679 1141 inde
723 1114 748 1141 a
789 1115 819 1141 s.
851 1116 891 1154 p.
925 1099 1020 1140 Chr.
1054 1100 1115 1140 III
1153 1100 1428 1141 inveniuntur
1469 1099 1668 1141 licentiae

156 1169 255 1210 talis
287 1169 495 1223 exempla.
557 1169 619 1210 ita
656 1170 765 1210 enim
800 1169 908 1210 dixit
941 1168 1172 1222 Septimius
1204 1169 1391 1223 [Terent.
1428 1169 1576 1223 1978]:

362 1250 481 1293 inquit
508 1249 648 1283 amicus
674 1260 762 1294 ager
789 1249 937 1283 domino

362 1303 408 1340 ‘si
433 1308 527 1341 bene
552 1307 602 1340 mi
632 1306 743 1341 facias
768 1306 932 1340 memini'

158 1379 200 1416 et
231 1389 359 1429 porro
393 1375 676 1417 Terentianus
706 1376 879 1430 [2132]:

362 1459 488 1490 noster
513 1468 614 1489 rarus
643 1467 685 1490 eo
712 1459 839 1499 pastor
868 1455 985 1498 Maro,
1013 1455 1076 1489 sod
1102 1458 1224 1489 tamen
1250 1455 1369 1498 inquit

360 1510 438 1547 ‘dic
464 1513 563 1556 mihi,
592 1512 785 1556 Damoeta,
813 1513 934 1547 cuium
961 1515 1102 1557 pecus?
1129 1525 1172 1546 an
1198 1508 1417 1546 Meliboei?’

157 1585 287 1635 atque
318 1582 431 1623 idem
462 1581 675 1623 admisere
707 1581 908 1623 Sidonius
940 1582 1110 1636 [paneg.
1135 1581 1243 1622 Avit.
1277 1581 1396 1635 280],
1430 1580 1670 1621 Martianus

156 1650 244 1705 [VL
278 1654 372 1701 704,
406 1651 472 1705 6],
506 1651 664 1692 Arator
697 1651 798 1705 [act.
830 1664 897 1704 ap.
928 1650 985 1701 II,
1020 1650 1138 1704 283]‚
1169 1649 1240 1704 [cf.
1273 1653 1314 1690 et
1347 1648 1521 1703 Corippi
1554 1649 1668 1690 laud.

156 1719 258 1760 Iust.
291 1719 342 1770 II,
374 1720 459 1775 44].

274 1788 434 1830 Contra
471 1788 732 1839 admittitur,
775 1791 823 1829 ut
862 1787 994 1829 verba
1035 1801 1059 1828 a
1101 1787 1313 1841 principio
1353 1786 1564 1828 enuntiati
1599 1800 1669 1828 ex-

158 1857 278 1898 clusa
310 1856 575 1898 collocentur
606 1860 705 1911 post
737 1870 978 1906 caesuram,
1010 1859 1058 1897 ut
1089 1855 1205 1909 apud
1237 1855 1465 1897 Horatium
1504 1855 1587 1910 [ep.
1619 1855 1670 1905 ΙΙ,

162 1930 195 1976 1,
232 1926 354 1980 125]:

344 2005 373 2039 si
400 2005 463 2039 das
488 2005 570 2048 hoc,
596 2005 717 2051 parvis
743 2016 890 2049 quoque
927 2005 1036 2039 rebus
1060 2015 1193 2049 magna
1217 2004 1343 2038 iuvari.

273 2074 422 2116 Potest
454 2078 598 2116 autem
630 2073 898 2115 dissonantia
930 2072 1126 2114 ordinum
1158 2073 1399 2127 logicorum
1440 2076 1483 2113 et
1524 2072 1671 2113 metri-

158 2157 317 2194 corum,
348 2146 479 2196 prout
510 2156 642 2196 supra
672 2142 758 2183 iam
791 2142 990 2193 indicavi,
1023 2155 1115 2183 esse
1147 2141 1318 2195 duplex.
1380 2154 1565 2194 namque
1597 2144 1673 2182 aut

159 2211 367 2266 subsistet
396 2211 523 2252 metri
553 2211 650 2252 finis
682 2211 726 2252 in
756 2214 882 2264 parte
905 2210 1113 2252 orationis
1142 2210 1357 2251 artissime
1389 2209 1444 2250 ad
1475 2209 1672 2263 proxima

158 2281 421 2334 pertinente,
463 2283 513 2321 ut
542 2283 650 2334 puta
680 2279 1001 2333 praepositione
1034 2279 1100 2319 vel
1132 2278 1366 2328 adiectivo,
1405 2282 1480 2318 aut
1510 2278 1672 2319 incidet

160 2348 307 2390 statim
339 2352 438 2402 post
468 2348 634 2389 finitam
666 2347 923 2390 sententiam
956 2347 1042 2389 sive
1076 2350 1186 2388 ante.
1240 2347 1361 2388 cuius
1391 2347 1454 2388 rei
1477 2346 1673 2400 exempla

160 2420 260 2458 sunt
290 2416 408 2458 velut
434 2416 564 2458 haec:

367 2512 541 2552 transque
572 2512 683 2552 caput
706 2508 784 2542 iace
810 2517 872 2541 nec
898 2508 1114 2552 respexeris.
1156 2507 1212 2541 his
1239 2517 1308 2551 ego
1333 2505 1531 2551 Daphnim.

366 2565 645 2608 pulverulentus
672 2565 773 2608 equis
798 2565 897 2599 furit.
936 2576 1069 2598 ‘omnes
1094 2575 1194 2598 arma
1219 2564 1421 2607 requirunt.

367 2622 553 2656 scribendi
579 2625 690 2656 recte.
729 2633 812 2656 nam
837 2625 879 2656 ut
903 2622 1059 2655 multum
1084 2621 1135 2654 nil
1160 2632 1294 2655 moror.
1332 2629 1414 2655 ecce.

369 2682 569 2725 expectant
595 2679 717 2722 veluti,
744 2679 872 2713 consul
898 2690 981 2712 cum
1006 2678 1153 2712 mittere
1179 2679 1324 2722 siynwn

367 2737 455 2780 vult,
482 2747 608 2771 omnes
633 2736 728 2769 avidi
753 2738 925 2780 spectant
949 2735 994 2769 ad
1020 2735 1179 2769 carceris
1206 2746 1296 2768 oras.

277 2817 414 2870 Igitur
447 2817 582 2858 omnis
626 2816 901 2857 observantia
941 2815 1155 2869 principia
1190 2815 1350 2855 circum
1383 2818 1425 2855 et
1458 2814 1674 2855 clausulas

163 2885 361 2926 ordinum
392 2885 671 2926 metricorum
704 2887 886 2925 constat.
946 2883 1109 2924 relicua
1136 2883 1352 2924 habentur
1382 2882 1571 2923 liberius.
1623 2896 1674 2922 ac

162 2954 348 3009 primum
389 2953 562 3010 quidem
602 2953 952 2994 hexametrorum
995 2956 1038 2993 et
1073 2952 1210 3005 magis
1241 2950 1525 2992 distichorum
1556 2950 1675 2992 exitu
