1898 3292
784 235 903 260 menn
922 235 1079 261 servvs,
1603 228 1683 265 455

181 351 258 375 nec
304 335 440 376 minus
482 351 559 389 pro
601 336 856 377 necessitate
898 336 1066 377 variant
1100 336 1250 377 finales
1292 341 1454 386 erimus,
1488 341 1601 378 erilis
1641 338 1682 378 in

180 403 369 457 perfecto
410 418 461 445 ac
500 404 667 455 futuro,
708 408 755 445 ut
795 408 939 446 tamen
985 404 1173 458 pedestri
1216 418 1410 446 sermone
1451 409 1464 446 ι’
1504 405 1683 459 produci

179 475 330 513 auctor
358 472 414 513 sit
444 472 609 514 Probus
643 473 804 527 [1434]
866 473 939 514 sed
975 472 1081 514 illud
1116 486 1221 514 nove
1251 473 1459 514 Iuvencus
1499 477 1541 514 et
1574 474 1682 516 Pau-

177 539 300 591 linus,
346 540 460 593 quod
493 540 545 582 de
577 540 706 582 verbo
739 540 1007 582 substantivo
1039 541 1212 592 formas,
1245 554 1356 594 quae
1389 545 1487 582 sunt
1518 546 1680 591 erimus,

178 611 305 656 eritis,
348 608 476 661 longa
506 612 742 661 posuerunt
772 608 914 649 media
952 609 1054 663 [Iuv.
1086 609 1126 650 h.
1156 623 1190 650 e.
1222 609 1291 659 IV,
1325 612 1429 660 6833
1463 609 1580 651 Paul.
1620 614 1681 661 17,

180 679 280 728 2873
313 680 378 726 35,
402 677 516 731 629],
551 690 811 730 quamquam
843 676 886 717 id
918 677 1089 718 minime
1121 690 1200 718 sua
1231 676 1480 718 destituitur
1502 678 1681 719 ratione.

177 769 230 774 -—
263 745 446 797 denique
478 759 516 793 α,
551 759 584 793 e,
614 749 626 786 ἱ
657 745 1017 798 coniugationum,
1049 750 1354 798 praeterquam
1387 745 1461 786 ubi
1493 746 1576 786 illis
1608 746 1681 787 ad-

176 813 291 854 ditur
323 813 470 853 iuncta
497 828 530 862 v,
562 827 646 853 11011
676 813 737 854 ita
769 826 868 854 raro
901 813 1150 854 breviantur
1179 827 1204 854 a
1242 813 1380 867 poetis
1424 813 1681 865 christianis,

176 881 210 922 si
240 895 378 934 neque
408 880 670 934 paenultimo
701 881 793 923 loco
834 882 919 922 sint
957 881 1065 922 sitae
1106 885 1149 923 et
1189 881 1380 922 habeant
1410 881 1580 935 longam
1617 896 1679 924 se-

174 952 386 1002 quentem,
428 949 545 989 velut
583 949 787 1003 exemplis
818 949 989 1000 talibus,
1031 949 1176 1002 qualia
1223 952 1322 990 sunt
1367 953 1680 991 calceamenlzmz

178 1016 319 1072 [Prud.
352 1031 392 1070 p.
415 1020 465 1058 st.
498 1020 535 1067 6,
566 1021 640 1068 743
673 1019 741 1058 Ar.
768 1031 804 1058 a.
828 1032 894 1071 ap.
918 1019 947 1067 Ι,
975 1017 1115 1074 1044],
1145 1025 1339 1059 cremum
1374 1017 1476 1073 [Sid.
1504 1018 1679 1071 epithal.

176 1085 260 1126 Pol.
294 1089 336 1126 et
368 1086 436 1126 Ar.
471 1084 552 1141 92],
592 1089 859 1136 palliatarum
891 1085 1031 1141 [Mart.
1065 1086 1132 1137 IV,
1164 1090 1260 1136 424,
1289 1085 1349 1142 5],
1387 1091 1679 1136 pervolaturus

173 1152 295 1209 [Mey.
336 1156 435 1203 620,
481 1152 562 1209 11],
605 1157 814 1204 petiturus
861 1153 945 1209 [Ar.
980 1168 1015 1194 a.
1049 1168 1114 1207 ap.
1158 1155 1198 1203 Ι,
1243 1153 1331 1210 27],
1382 1162 1680 1196 sacramentwn

175 1220 370 1277 [Venant.
405 1235 518 1275 spur.
555 1225 588 1271 1,
622 1225 698 1262 241
733 1221 815 1278 L.],
855 1224 1088 1263 tenebamur
1125 1222 1210 1278 [Ar.
1245 1236 1307 1276 ep.
1341 1222 1395 1263 ad
1428 1222 1572 1263 Parth.
1597 1222 1678 1279 35]‚

173 1294 426 1331 verecundus
458 1289 543 1345 [Ar.
578 1304 641 1343 ep.
672 1290 727 1331 ad
758 1290 902 1331 Parth.
938 1294 981 1341 63
1014 1291 1168 1332 Luxor.
1204 1294 1296 1341 356,
1329 1290 1391 1346 8],
1431 1295 1679 1332 verecundia

172 1357 298 1414 [Max.
333 1362 369 1401 3.
403 1361 478 1409 233
512 1363 548 1408 5,
582 1357 661 1414 55].
723 1372 806 1399 11011
838 1360 973 1400 ausim
1011 1358 1173 1400 referre
1216 1361 1326 1400 inter
1351 1359 1521 1409 vitiosa,
1563 1359 1678 1412 quod

170 1426 328 1479 legitur
373 1425 491 1467 brevi
539 1425 726 1467 secunda
771 1426 886 1479 apud
926 1427 1234 1468 Maximianum
1282 1426 1334 1483 [5,
1368 1426 1435 1483 97]
1477 1430 1676 1478 feritura,

170 1495 205 1536 si
236 1494 362 1535 modo
394 1497 509 1535 recte
543 1494 711 1547 Ieepius
753 1498 898 1536 noster
939 1495 1084 1536 codice
1122 1495 1239 1536 nisus
1272 1495 1433 1549 optimo
1469 1494 1678 1537 adtribuit

168 1562 281 1603 idem
323 1561 558 1603 Claudiano
611 1562 679 1618 [de
721 1566 849 1616 raptu
889 1563 1085 1617 Proserp.
1123 1564 1206 1614 ΙΙΙ,
1240 1562 1349 1619 359]
1420 1576 1519 1603 nam
1563 1577 1675 1605 com-

171 1631 315 1684 parari
347 1634 525 1683 possunt
553 1630 628 1671 illa
661 1634 804 1680 {tm-m,
837 1634 1032 1673 oriturus.
1087 1634 1276 1672 ceterum
1308 1631 1514 1685 exemplis
1546 1646 1677 1686 supra

170 1698 416 1740 memoratis
458 1699 527 1739 vix
573 1698 683 1740 effici
728 1712 853 1753 posse
895 1699 1041 1750 credo,
1089 1703 1134 1741 ut
1179 1698 1435 1741 defendatur
1474 1698 1674 1750 Terentii,

169 1767 307 1821 qualis
340 1766 465 1820 vulgo
497 1766 645 1817 fertur,
678 1781 824 1808 versus
858 1767 1042 1823 [Phorm.
1076 1767 1196 1823 902]:

374 1840 460 1885 quid
486 1841 531 1874 ad
558 1852 615 1874 me
642 1841 776 1875 ibatis?
801 1861 844 1865 —
869 1842 1075 1876 ridiculum.
1102 1862 1144 1865 —
1170 1841 1404 1876 verebamini.

282 1904 476 1957 Denique
508 1904 550 1944 in
584 1903 803 1945 vocabulis
836 1904 1024 1945 externis
1058 1904 1309 1958 plerumque
1351 1905 1574 1958 permagni
1608 1919 1674 1946 re-

167 1972 251 2013 fert
291 1972 480 2012 nativam
522 1985 576 2012 an
619 1976 884 2025 assumptam
926 1986 951 2013 a
992 1972 1156 2014 Latinis
1198 1972 1407 2014 adhibeas
1447 1973 1672 2014 rationem.

166 2041 229 2081 ita
259 2039 524 2093 paenultima
553 2039 681 2093 longa
712 2040 819 2081 dixit
851 2040 1012 2082 Ennius
1043 2043 1255 2082 Hectorem
1287 2040 1390 2095 [fab.
1430 2045 1530 2093 1573
1567 2041 1673 2097 158]

165 2108 278 2149 idem
312 2121 407 2149 cum
436 2108 628 2149 Varrone
659 2111 925 2150 Hannibalem
957 2108 1050 2165 [sat.
1089 2112 1159 2160 133
1192 2108 1363 2150 Hercul.
1396 2113 1514 2150 tuam
1545 2109 1673 2151 fidem

172 2175 219 2231 1].
280 2190 379 2216 nam
421 2179 462 2217 et
504 2175 693 2217 Martiali
731 2179 902 2218 Celte'her
942 2177 1119 2218 effertur
1157 2177 1368 2232 dactylice
1412 2177 1487 2233 [X,
1520 2182 1585 2229 20,
1624 2178 1673 2234 1],

166 2259 261 2285 011111
297 2243 466 2285 Catullo
500 2243 582 2300 [39,
619 2244 681 2300 17]
714 2244 973 2286 adhibeatur
1011 2245 1179 2286 cretice.
1242 2250 1431 2287 ceterum
1464 2261 1547 2288 11011
1578 2261 1670 2300 per-

165 2312 263 2353 inde
314 2312 559 2353 defenditur
601 2312 909 2366 probabilitate
954 2314 1190 2363 rationum,
1237 2314 1352 2367 quod
1396 2317 1556 2355 Tiresia
1594 2329 1672 2368 pro

171 2383 351 2421 Tiresias
398 2380 512 2434 apud
558 2380 768 2422 Lucilium
818 2381 1025 2423 traditum
1072 2382 1311 2435 antiquitus
1363 2382 1499 2438 [frgm.
1531 2383 1612 2424 inc.
1646 2383 1671 2424 l.

172 2448 264 2504 110]
298 2448 426 2502 longa
455 2448 584 2489 finali.

280 2518 369 2557 Iam
407 2516 617 2557 vocalium
665 2517 857 2558 brevium
904 2518 1170 2571 quantitates
1214 2518 1407 2560 imminui
1450 2533 1545 2559 cum
1589 2533 1670 2560 non

164 2585 341 2639 possint,
385 2587 528 2624 tamen
567 2584 756 2638 ipsarum
791 2599 865 2626 seu
897 2586 1156 2639 cingentium
1190 2600 1261 2628 eas
1293 2600 1576 2627 consonarum
1609 2587 1671 2628 ita

163 2653 417 2706 plerumque
447 2652 674 2693 invertitur
706 2656 874 2704 natura,
907 2655 1077 2695 omnino
1100 2658 1148 2695 ut
1178 2654 1397 2705 tollantur,
1428 2654 1543 2707 quod
1575 2669 1670 2708 syn-

165 2734 298 2774 copen
330 2723 485 2760 vocant
527 2721 808 2772 grammatici.
872 2735 982 2774 quae
1023 2722 1139 2775 vulgi
1182 2737 1261 2763 usu
1303 2736 1397 2762 cum
1438 2721 1669 2775 plurimum

165 2788 431 2841 optinuisset,
466 2787 520 2828 ob
552 2787 593 2828 id
626 2788 766 2841 ipsum
799 2803 824 2830 a
855 2790 994 2842 poetis
1026 2794 1201 2843 praeter
1232 2803 1380 2843 opera,
1413 2803 1522 2842 quae
1556 2803 1669 2830 com-

164 2856 280 2897 muni
312 2856 425 2897 vitae
458 2859 500 2896 et
530 2855 760 2897 humilibus
793 2856 1018 2899 affectibus
1050 2857 1384 2910 adplicarentur,
1416 2857 1668 2911 plerumque

163 2924 352 2966 vitatast.
414 2923 488 2966 sed
526 2923 820 2966 huiuscemodi
863 2926 1135 2980 exceptiones
1176 2939 1287 2978 quae
1328 2926 1370 2966 in
1412 2925 1667 2968 flexionibus
