1898 3292
745 234 864 259 LIBER
883 234 1039 259 PRIMVS.
1598 224 1647 262 77

256 339 310 378 At
342 351 393 378 ex
422 337 561 378 mimis
592 337 797 391 temporis
828 337 941 378 illius
975 337 1132 377 servati
1169 340 1267 377 sunt
1299 335 1471 377 Laberii
1502 350 1648 377 versus

140 420 223 447 non
254 406 316 446 ita
338 406 477 460 pauci,
506 408 735 460 praeterea
757 406 994 447 sententiae
1017 405 1189 447 Publilii
1213 405 1320 459 Syri.
1373 419 1483 458 quae
1506 408 1649 445 tamen

137 475 234 516 ideo
275 475 414 516 minus
456 478 598 524 tutae,
642 474 754 527 quod
796 488 878 515 non
920 474 1046 515 modo
1094 474 1234 515 aliena
1266 477 1364 514 sunt
1401 474 1647 514 intermixta

138 543 192 584 ab
225 543 318 597 ipso
349 547 455 597 puto
488 547 664 584 auctore
696 543 970 596 anthologiae
1002 543 1141 594 huius,
1176 557 1305 596 quam
1330 543 1509 595 Augusti
1542 546 1649 583 tem-

137 625 242 666 pore
287 611 559 666 probabilest
603 611 925 663 concinnatam,
970 611 1045 653 sed
1088 615 1130 653 et
1171 611 1394 665 asperiora
1436 611 1647 664 quaedam

138 680 255 722 haud
287 680 417 722 dubie
449 680 662 733 mitigata,
703 683 751 721 ut
782 681 959 721 mutatis
992 680 1211 721 hominum
1244 680 1557 734 adaptarentur
1587 680 1648 720 iu-

139 749 270 791 diciis.
329 749 469 791 medio
503 752 645 790 autem
678 763 782 790 aevo
817 753 1024 802 quantum
1056 749 1111 790 sit
1142 749 1351 790 saevitum
1383 749 1425 789 in
1458 748 1649 789 eandem.

137 823 285 859 notum
326 818 556 872 plerisque.
616 818 764 871 itaque
805 817 1059 859 difficillima
1104 821 1146 858 et
1191 831 1302 871 quae
1344 817 1413 857 vix
1446 831 1648 870 umquam

136 887 275 940 possit
315 886 508 941 expediri
549 887 745 940 quaestio
790 886 839 928 fit
881 886 932 927 de
974 890 1067 928 arte
1112 887 1292 928 metrica
1340 886 1649 927 sententiarum

138 955 321 996 illarum.
1402 948 1405 949 ⁷

252 1024 342 1066 Nec
372 1027 515 1065 tamen
548 1027 692 1077 potest
732 1023 911 1078 ambigi,
955 1024 1058 1077 quin
1090 1027 1131 1065 et
1161 1023 1289 1064 limae
1321 1023 1462 1065 studio
1497 1023 1645 1064 comici

140 1093 297 1134 aetatis
327 1092 441 1134 illius
470 1105 615 1134 omnes
648 1092 948 1146 superaverint
978 1093 1145 1146 priores
1177 1096 1220 1134 et
1250 1092 1520 1146 paucissimis
1552 1105 1648 1133 con-v

137 1162 246 1203 tenti
289 1160 449 1203 fuerint
488 1161 656 1213 metris,
694 1161 734 1202 h.
767 1175 801 1202 e.
830 1161 1015 1203 iambico
1047 1164 1090 1203 et
1119 1161 1340 1203 trochaico
1371 1160 1651 1202 usitatissimo

139 1244 310 1284 quoque
334 1230 516 1271 exclusis
539 1229 628 1271 fere
651 1230 951 1284 anapaesticis,
975 1230 1158 1281 creticis,
1186 1230 1444 1280 bacchiacis,
1468 1243 1649 1283 quorum

139 1299 337 1353 exempla
368 1298 482 1353 apud
512 1312 583 1340 eos
614 1299 875 1353 paucissima
906 1302 947 1340 et
979 1298 1232 1353 plerumque
1264 1302 1476 1352 suspecta.

252 1368 342 1408 Iam
375 1367 431 1408 ad
453 1367 634 1421 Augusti
666 1371 835 1422 tempus
868 1371 1099 1421 antequam
1130 1371 1415 1417 transeamus,
1449 1367 1562 1420 quod
1596 1367 1650 1407 ab

139 1450 250 1478 anno
282 1440 337 1478 44
369 1450 405 1477 a.
438 1436 533 1478 Chr.
567 1436 623 1478 ad
659 1440 709 1478 14
741 1451 779 1490 p.
813 1436 908 1478 Chr.
940 1437 1145 1491 pertinet,
1183 1436 1333 1490 paucis
1365 1449 1444 1489 age
1477 1435 1650 1476 demon-

138 1509 340 1557 stremus,
382 1505 485 1559 quid
528 1504 738 1547 commodi
780 1505 969 1559 quidque
1010 1505 1194 1560 exempli
1226 1519 1278 1547 ex
1309 1504 1552 1558 aequalium
1586 1504 1650 1545 Ci-

139 1574 284 1616 ceroni
316 1573 470 1616 studiis
501 1574 691 1616 metricis
722 1573 978 1616 redundarit
1009 1574 1063 1615 ad
1094 1578 1247 1628 poetas
1278 1574 1564 1627 insequentes

254 1644 314 1684 Ac
349 1643 488 1696 primo
527 1643 764 1685 notandum
805 1643 898 1685 loco
944 1657 1016 1685 eos
1056 1643 1174 1684 haud
1213 1644 1368 1697 exigua
1404 1642 1535 1683 fuisse
1577 1655 1649 1682 au-

141 1712 343 1753 ctoritate
375 1711 490 1766 apud
521 1711 679 1754 multos
712 1726 871 1764 eorum,
906 1713 978 1766 qui
1005 1713 1187 1766 Augusti
1218 1711 1424 1765 temporis
1455 1711 1652 1752 vixerunt

137 1781 282 1835 priore
316 1784 441 1834 parte
472 1780 513 1821 h.
537 1794 570 1822 e.
603 1795 738 1834 usque
772 1781 826 1823 ad
857 1782 1028 1824 Horatii
1059 1781 1148 1823 fere
1180 1784 1373 1822 mortem.
1435 1793 1536 1821 sane
1566 1793 1649 1819 non

138 1850 229 1891 sine
260 1849 435 1891 fastidio
468 1863 614 1891 eorum
647 1849 873 1903 Horatius,
916 1850 990 1892 ubi
1031 1850 1082 1892 de
1125 1854 1254 1904 poeta
1286 1849 1472 1903 quodam
1507 1848 1650 1901 agitur

137 1918 251 1960 malo
282 1919 380 1974 [sat.
411 1918 443 1970 I,
479 1922 542 1971 10,
577 1919 659 1973 18],
693 1919 867 1974 scripsit
898 1919 1027 1962 haec:

802 2005 921 2038 neque
948 1994 1074 2028 simius
1100 1994 1168 2027 iste

388 2050 439 2084 nil
466 2053 614 2095 praeter
640 2050 790 2085 Calvum
817 2053 853 2085 et
878 2050 1009 2085 doctus
1036 2054 1184 2085 cantare
1212 2049 1405 2084 Catullum.

140 2114 207 2155 cui
227 2116 403 2168 praeter
423 2114 597 2156 nimiam
619 2114 902 2155 imitationem
919 2113 1307 2155 Alexandrinorum
1330 2116 1651 2165 metrorumque

139 2182 307 2236 copiam
333 2183 509 2224 nimiam
539 2182 583 2224 id
615 2183 800 2224 maxime
832 2182 1001 2224 videtur
1033 2182 1324 2237 displicuisse,
1365 2181 1479 2235 quod
1512 2194 1651 2234 neque

137 2251 180 2292 in
211 2252 396 2293 materia
423 2251 660 2293 carminum
682 2265 820 2305 neque
843 2252 886 2292 in
908 2253 1097 2293 numeris
1121 2251 1328 2305 eligendis
1350 2254 1468 2292 recto
1490 2249 1650 2302 ubique

138 2320 203 2361 usi
247 2323 389 2361 essent
426 2320 585 2362 iudicio
626 2334 766 2374 neque
807 2324 882 2362 aut
922 2321 965 2361 in
1012 2320 1252 2362 elocutione
1291 2320 1439 2361 autin
1471 2318 1651 2359 metrica

139 2388 416 2430 abdicassent
447 2389 617 2430 omnino
661 2393 854 2431 veterum
894 2389 1200 2440 rusticitatem,
1243 2388 1516 2442 quantumvis
1558 2400 1650 2427 eam

138 2457 467 2499 insectarentur.
529 2461 574 2499 at
604 2457 729 2499 aliter
759 2457 884 2512 longe
916 2458 1129 2512 Vergilius
1163 2457 1275 2512 [buc.
1309 2461 1348 2508 9,
1383 2457 1475 2510 35]:

344 2542 427 2565 nam
452 2542 570 2575 neque
597 2531 715 2566 adhuc
744 2531 859 2567 Vario
884 2531 1012 2566 videor
1037 2543 1104 2566 nec
1132 2532 1255 2566 dicere
1283 2531 1398 2565 Cinna

344 2588 465 2632 digna,
491 2588 555 2623 sed
582 2592 732 2633 argutos
760 2589 856 2623 inter
881 2592 1047 2634 strepere
1073 2600 1180 2623 anser
1205 2589 1346 2631 olores;

138 2664 267 2704 porro
297 2650 512 2705 Lydamus
542 2652 634 2706 [III,
668 2655 704 2703 6,
736 2652 829 2706 41];

413 2725 464 2758 sic
491 2725 628 2759 cecinit
653 2737 720 2769 pro
749 2728 785 2760 te
811 2725 953 2769 doctus,
977 2725 1106 2769 Minoi,
1133 2725 1298 2759 Catullus

412 2782 548 2826 ingrati
575 2782 736 2817 referens
762 2783 861 2826 inpia
888 2782 985 2816 facta
1008 2782 1099 2825 viri,

139 2847 182 2885 et
213 2848 385 2886 secutus
418 2845 532 2886 hunc
564 2845 738 2886 Ovidius
768 2845 932 2887 iuvenis
962 2846 1061 2900 [am.
1092 2845 1166 2895 III,
1199 2848 1235 2895 9,
1269 2844 1364 2897 (51]:

413 2913 541 2947 obvius
568 2912 653 2947 huic
680 2914 802 2948 venias
828 2913 966 2948 hedera
990 2913 1170 2947 iuvenalia
1199 2913 1341 2946 cinctus

416 2973 584 3014 tempora
609 2981 694 3004 cum
721 2970 842 3014 Calvo,
868 2970 977 3004 docte
1005 2970 1157 3014 Catulle,
1183 2973 1258 3003 tuo.
