1898 3292
261 189 342 230 526
878 195 1114 223 opvscvnvm
1132 196 1154 222 1.

260 315 548 352 numerorum,
579 300 661 341 nisi
683 299 840 341 vellent
861 299 996 340 videri
1019 299 1241 340 doctrinae
1268 301 1310 339 et
1341 297 1602 339 urbanitatis
1633 298 1769 339 omnis

261 383 355 412 esse
396 372 607 423 expertes.
671 371 834 410 certum
867 370 910 408 et
948 367 1067 418 illud,
1099 366 1344 408 hominibus
1374 366 1578 408 litteratis
1609 366 1771 408 saeculi

261 452 298 480 a.
320 453 360 480 u.
384 452 417 479 c.
451 437 622 491 septimi
652 436 877 478 liberiores
904 435 999 477 illos
1024 436 1130 476 artis
1153 435 1308 476 veteris
1332 435 1554 476 scaenicae
1576 434 1770 476 modulos

261 507 401 548 minus
431 506 557 559 longe
591 508 716 546 notos
747 504 877 546 fuisse
911 518 1039 557 quam
1070 502 1208 554 nobis,
1238 503 1282 544 id
1314 503 1429 556 quod
1460 503 1675 544 nonnullis
1697 502 1771 543 do-

263 579 385 616 cetur
428 574 645 616 Ciceronis
685 573 790 614 locis
831 572 967 627 [velut
1002 575 1109 613 orat.
1144 576 1214 622 55,
1251 571 1367 626 184}
1428 585 1526 613 nam
1567 571 1771 612 Sisennae

264 643 534 697 grammatici
569 642 874 692 testimonium,
908 640 1021 694 quod
1054 643 1175 681 extat
1206 639 1321 693 apud
1352 640 1550 681 Rufinum
1584 654 1621 693 p.
1650 643 1773 690 2711,

263 713 426 762 omitto,
469 714 517 753 ut
558 724 684 764 quem
716 724 800 751 non
833 709 977 751 Sullae
1011 708 1281 750 notissimum
1313 708 1550 761 aequalem,
1589 708 1664 749 sed
1695 708 1772 749 im-

262 783 513 835 peratorum
552 778 758 832 temporis
800 778 931 819 fuisse
969 776 1155 830 Bergkio
1198 776 1379 830 aliisque
1421 776 1659 818 adsentiam
1701 775 1773 831 [of.

262 848 395 890 Teuff.
428 848 526 889 hist.
559 847 584 888 l.
619 847 692 888 lat.
725 860 792 900 pg.
828 846 940 899 262}
1002 849 1068 886 est
1107 848 1250 886 autem
1292 845 1380 886 tale
1420 844 1527 886 illud
1561 845 1613 886 de
1645 844 1773 885 Aulu-

260 917 396 959 lariae
439 929 596 957 scaena
636 915 845 969 quadam:
891 913 1175 965 ‘anapaestico
1215 921 1340 955 metro
1373 920 1442 955 est.
1506 917 1581 954 sed
1610 916 1773 954 concisa

263 992 370 1033 sant,
402 991 447 1026 ut
476 998 555 1026 non
588 980 842 1036 intelleyas'.
1301 972 1306 974 ⁴

379 1054 612 1095 Praeterea
658 1066 710 1094 ne
755 1052 837 1094 hoc
880 1051 1053 1106 quidem
1100 1064 1360 1105 perspexere
1408 1051 1615 1105 plerique,
1661 1051 1776 1104 ipsos

267 1122 486 1164 scaenicos
531 1135 610 1176 pro
655 1125 899 1174 temporum
945 1125 1021 1162 aut
1070 1120 1279 1161 materiae
1327 1119 1572 1161 differentia
1617 1121 1776 1160 interse

263 1191 395 1232 fuisse
429 1190 535 1232 satis
567 1189 770 1240 diversos,
804 1203 898 1231 cum
933 1192 975 1230 et
1004 1189 1152 1230 Naevii
1176 1188 1404 1242 Plautique
1437 1188 1657 1230 auditores
1687 1188 1776 1242 ple-

264 1273 400 1313 raque
432 1259 633 1300 tulissent
662 1259 891 1313 patienter,
923 1271 1034 1311 quae
1057 1257 1246 1298 Terentii
1279 1260 1354 1298 aut
1376 1256 1541 1298 Afranii
1575 1256 1777 1310 aequales

264 1331 313 1369 ut
344 1327 522 1368 horrida
552 1327 677 1368 nimis
709 1330 978 1380 respuerunt,
1012 1339 1090 1367 nec
1117 1325 1295 1378 tragicis
1325 1325 1437 1367 idem
1469 1326 1618 1367 liceret
1649 1339 1777 1378 quam

266 1396 452 1447 comicis,
485 1396 558 1450 qui
590 1395 645 1437 ad
675 1395 815 1449 plebis
847 1395 1119 1449 potissimum
1144 1393 1339 1436 modulos
1365 1398 1413 1451 εἰ
1433 1395 1652 1448 vulgarem
1680 1407 1779 1447 pro-

267 1465 580 1506 nuntiationem
622 1468 761 1506 artem
803 1463 1094 1517 applicabant.
1157 1462 1209 1504 de
1241 1477 1326 1517 qua
1357 1477 1403 1505 re
1435 1463 1540 1504 satis
1581 1466 1779 1516 apertum

268 1537 390 1575 extat
430 1533 558 1575 Tullii
599 1532 891 1575 testimonium
931 1532 1018 1573 tale
1061 1532 1140 1587 [or.
1173 1536 1244 1582 55,
1279 1532 1377 1588 184]
1419 1531 1679 1573 ‘comicorum
1717 1545 1778 1572 se-

267 1605 378 1643 narii
414 1609 591 1653 propter
622 1605 924 1643 similitudinem
954 1604 1152 1641 sermonis
1182 1604 1242 1641 sie
1272 1614 1397 1652 saepe
1424 1608 1517 1642 sunt
1548 1603 1706 1649 abiecti,
1737 1606 1781 1641 at

267 1685 565 1721 nonnumquam
596 1674 665 1712 vix
695 1674 736 1712 in
760 1673 817 1711 eis
840 1683 1032 1711 numerus
1055 1676 1093 1710 et
1121 1683 1263 1710 versus
1284 1673 1465 1721 intelleqz'
1491 1667 1659 1720 possit'.
1707 1669 1781 1710 sed

267 1739 555 1794 posteriorum
596 1739 797 1781 Terentio
842 1738 1136 1780 scaenicorum
1181 1738 1345 1792 placita
1385 1739 1566 1780 metrica
1607 1741 1783 1793 propter

268 1809 534 1864 paucitatem
556 1807 894 1862 fragmentorum
927 1810 1015 1849 tam
1049 1811 1148 1849 sunt
1179 1806 1376 1858 obscura,
1408 1807 1478 1848 vix
1507 1811 1555 1849 ut
1577 1807 1781 1861 ipsorum,

269 1877 425 1919 nedum
456 1876 609 1919 Lucilii
643 1890 694 1918 ac
728 1876 934 1919 Varronis
976 1876 1197 1917 aestimari
1238 1876 1404 1930 possint
1445 1890 1497 1917 ex
1532 1876 1591 1917 eis
1623 1889 1782 1917 versus

270 1952 316 1988 at
337 1946 560 1988 Plautinos
588 1959 790 1987 numeros
822 1945 894 1999 qui
926 1959 1076 1987 rursus
1106 1944 1266 1987 inferat
1295 1944 1418 1986 libris
1448 1958 1532 1986 non
1563 1945 1783 1995 scaenicis,

269 2018 368 2070 post
398 2018 570 2057 nostras
603 2028 729 2056 curas
761 2014 877 2056 haud
911 2014 1039 2055 facile
1070 2013 1322 2056 invenietur.

385 2083 522 2137 Igitur
553 2087 601 2126 ut
632 2083 779 2125 statim
817 2082 1021 2135 indicem,
1063 2082 1167 2136 quid
1211 2082 1267 2124 sit
1303 2082 1387 2133 rei,
1432 2082 1578 2134 Ennii,
1620 2081 1785 2133 Lucilii,

273 2153 501 2204 Varronis,
545 2151 731 2194 Phaedri
775 2152 1044 2205 aliorumque
1083 2151 1226 2193 studia
1266 2151 1447 2193 metrica
1487 2164 1581 2193 eam
1620 2151 1786 2204 pariter

270 2225 449 2280 tenuere
489 2220 650 2275 legem,
691 2224 739 2263 ut
780 2221 1021 2262 vitarentur
1063 2220 1291 2262 durissima
1331 2233 1530 2273 quaeque
1563 2233 1615 2261 ex
1644 2219 1787 2261 Plauti

271 2289 547 2343 Terentiique
601 2289 773 2343 placitis
820 2288 1032 2342 simulque
1083 2302 1193 2330 nova
1240 2288 1453 2342 quaedam
1511 2287 1786 2339 adderentur,

273 2372 384 2412 quae
410 2357 455 2399 hi
476 2358 542 2400 vel
564 2357 771 2399 mediocri
793 2356 1049 2399 habuissent
1071 2371 1175 2399 cura
1197 2356 1261 2398 vel
1283 2356 1412 2408 nulla,
1444 2361 1578 2410 utque
1601 2357 1785 2398 mediam

274 2426 493 2480 quandam
531 2430 730 2468 tenerent
768 2426 880 2467 viam
921 2425 1034 2467 inter
1073 2425 1367 2467 scaenicorum
1408 2425 1598 2467 rationes
1639 2429 1682 2466 et
1713 2425 1786 2467 da-

276 2496 539 2550 ctylicorum.
601 2498 693 2537 tum
726 2494 781 2536 ab
814 2494 951 2536 Ennio
990 2508 1126 2548 usque
1169 2494 1224 2535 ad
1253 2493 1497 2536 Phaedrum
1540 2494 1786 2535 continuum

274 2563 490 2617 quendam
532 2563 638 2605 artis
667 2563 860 2605 videmus
903 2576 1177 2617 progressum
1230 2565 1488 2617 auctamque
1530 2576 1608 2617 per
1650 2566 1787 2604 totum

274 2632 357 2674 hoc
398 2632 605 2687 temporis
640 2632 827 2686 spatium
869 2632 930 2673 rei
972 2631 1180 2673 metricae
1223 2635 1266 2673 et
1295 2631 1579 2686 prosodiacae
1610 2631 1788 2685 diligen-

275 2701 395 2743 tiam.
448 2714 584 2754 quare
614 2714 699 2742 non
730 2700 885 2741 mirum
913 2700 1029 2754 quod
1051 2700 1285 2752 Phaedrus,
1312 2700 1384 2754 qui
1406 2699 1603 2741 ultimum
1626 2700 1790 2754 optinet

277 2772 420 2811 aetate
451 2769 616 2821 locum,
659 2782 743 2811 non
775 2768 955 2810 multum
999 2768 1144 2811 differt
1183 2768 1238 2810 ab
1282 2769 1364 2819 eis,
1408 2768 1480 2822 qui
1512 2769 1789 2822 graecanicos

277 2837 570 2880 adhibuerunt
601 2837 790 2890 iambos,
830 2838 912 2879 nisi
953 2838 1069 2891 quod
1107 2838 1319 2892 spondeos
1353 2841 1396 2879 et
1426 2841 1685 2891 anapaestos
1716 2837 1790 2879 ad-

278 2907 411 2948 mittit
441 2906 546 2947 locis
573 2906 763 2960 paribus,
825 2906 878 2948 de
912 2907 1033 2947 cuius
1055 2907 1226 2960 placitis
1257 2920 1354 2948 cum
1386 2920 1490 2948 cura
1523 2907 1790 2960 disputatum
