1898 3292
758 259 877 284 LIBER
896 259 1071 284 TERTIVs.
1583 252 1663 289 213

156 362 381 416 plusquam
413 362 601 402 humana
633 362 735 402 dicit
769 361 1019 401 observasse
1052 375 1107 410 se,
1147 361 1262 414 quod
1304 363 1345 401 in
1378 377 1504 403 versu
1533 363 1664 403 hexa—

157 435 293 471 metro
337 430 506 470 omnino
549 430 721 482 quintus
762 430 944 482 semipes
986 428 1130 470 finiret
1173 443 1340 470 versum
1384 432 1453 484 (ac
1491 445 1591 471 sane
1622 431 1664 471 in

159 500 413 540 Saturarum
446 497 639 550 reliquiis
660 497 765 538 nulli
788 501 1038 550 comparent
1060 498 1184 538 aliter
1208 498 1353 548 clausi,
1385 499 1498 551 quod
1521 502 1664 540 tamen

157 581 259 608 casu
281 567 476 608 existimo
500 566 720 618 evenisse).
760 579 897 618 neque
921 565 1035 618 quod
1059 565 1199 606 adfert
1222 565 1406 607 Meierus
1429 567 1515 620 [pg.
1538 567 1664 621 1061]

159 635 212 675 ad
245 649 468 676 numerum
490 634 871 688 hephthemimeris
895 633 1187 687 exemplorum
1209 634 1486 675 minuendum
1507 635 1550 674 in
1572 648 1664 675 ver-

157 703 275 744 sibus
310 703 493 744 talibus:

386 783 484 816 iussa
510 785 632 816 tamen
659 782 781 815 divum
808 782 1022 825 exsequitur
1047 782 1271 826 classemque
1300 782 1436 816 revisit.

385 842 463 873 tum
487 850 574 873 vero
601 838 735 872 Teucri
761 839 979 872 incumbunt
1006 842 1042 872 et
1065 838 1173 872 litore
1199 838 1324 882 celsas,

159 908 308 962 quales
339 912 381 949 et
413 907 527 961 apud
553 907 784 960 Vergilium
810 906 1154 959 frequentissime
1180 907 1453 948 inveniuntur
1486 912 1529 948 et
1549 908 1665 949 haud

158 991 260 1018 sane
302 990 401 1017 raro
434 976 548 1029 apud
580 976 686 1016 alios
725 975 949 1028 plurimos,
992 975 1374 1028 penthemimeren]
1407 976 1557 1017 haberi
1589 991 1667 1030 per

157 1045 311 1086 tmesin
354 1048 396 1085 et
426 1044 575 1085 adiuta
615 1043 810 1084 elidendo
853 1057 1051 1093 caesura,
1091 1043 1178 1084 ullo
1221 1048 1348 1097 pacto
1391 1058 1537 1085 verum
1579 1045 1663 1085 exi-

159 1113 296 1154 stimo.
359 1113 486 1166 plura
520 1112 571 1153 de
602 1112 685 1152 hac
716 1125 760 1152 re
790 1111 987 1153 dicentur
1016 1111 1127 1152 libro
1158 1112 1227 1152 IV.

270 1181 419 1234 Neque
460 1194 560 1221 vero
601 1180 712 1233 fugit
760 1180 968 1221 Meierum
1008 1181 1094 1234 [pg.
1129 1181 1256 1234 1065]
1296 1180 1455 1233 triplici
1501 1184 1664 1222 statuta

160 1263 339 1291 caesura
372 1253 415 1290 et
446 1253 704 1303 anapaestos
733 1248 967 1289 secundum
1001 1252 1043 1289 et
1071 1249 1246 1288 tertium
1282 1248 1407 1289 nimis
1446 1263 1575 1302 saepe
1617 1263 1668 1290 ac

160 1319 321 1358 minute
353 1317 557 1370 distingui
591 1322 631 1357 et
664 1331 773 1370 quae
803 1321 1039 1369 sequantur
1062 1317 1177 1357 arsin
1200 1320 1400 1369 quartam
1422 1316 1552 1358 nimio
1576 1331 1669 1358 esse

160 1386 341 1436 ambitu,
384 1386 420 1426 si
465 1389 770 1439 comparentur
812 1399 906 1426 cum
946 1385 1041 1426 illis.
1104 1399 1200 1425 nam
1233 1385 1276 1424 in
1308 1384 1469 1426 ultimis
1502 1385 1668 1426 duobus

159 1454 340 1508 pedibus
372 1468 466 1495 cum
501 1453 724 1495 dimidiato
758 1454 885 1494 etiam
920 1452 1152 1506 aliquando
1177 1452 1397 1493 observari
1419 1454 1668 1494 incisionem

160 1527 334 1573 certam,
366 1523 483 1564 velut
513 1526 610 1576 post
632 1522 884 1563 trochaeum
908 1522 1117 1575 quintum,
1154 1521 1268 1574 quod
1298 1525 1425 1575 putat
1456 1521 1501 1576 [l.
1520 1522 1591 1577 c.]‚
1622 1525 1670 1563 ut

160 1591 277 1639 olim,
308 1591 371 1632 ita
402 1605 514 1632 nunc
546 1604 746 1644 pernego.

275 1660 472 1700 Ceterum
509 1659 617 1700 haec
649 1673 733 1712 quo
761 1658 1027 1711 longioribus
1060 1658 1274 1712 persecuti
1308 1672 1454 1699 sumus
1477 1657 1670 1711 ambagi—

161 1728 255 1778 bus7
288 1742 336 1768 eo
369 1727 604 1781 simplicius
635 1728 767 1768 statui
797 1727 899 1768 licet
922 1727 973 1768 de
997 1727 1162 1776 ceteris⁷
1194 1740 1304 1779 quae
1336 1726 1545 1775 feruntur,
1577 1740 1669 1767 ver-

161 1811 231 1838 sus
267 1796 431 1837 heroici
472 1795 770 1846 incisionibus,
813 1795 895 1836 hoc
935 1799 1000 1836 est
1039 1794 1238 1836 bucolica
1277 1794 1344 1835 vel
1386 1798 1542 1848 quarta
1583 1798 1670 1836 tro-

161 1864 323 1906 chaica.
386 1878 533 1905 earum
566 1864 752 1917 origines
783 1867 825 1905 et
854 1864 1120 1905 incrementa
1151 1863 1301 1916 paucis
1335 1862 1572 1916 expediam.

275 1933 413 1985 Igitur
447 1946 542 1973 cum
574 1932 688 1986 apud
721 1932 912 1974 Graecos
951 1936 1119 1973 tantum
1149 1945 1233 1972 non
1265 1945 1433 1984 semper
1463 1931 1506 1972 in
1540 1931 1670 1972 tertio

159 2001 269 2055 pede
315 2001 508 2054 legitima
546 2000 718 2041 adesset
760 2001 910 2041 incisio
956 2025 1011 2029 —
1048 2014 1147 2040 nam
1187 1998 1409 2040 Bekkerus
1450 1999 1493 2040 in
1535 1999 1670 2041 Iliade

160 2071 288 2111 istam
334 2082 528 2110 normam
574 2069 763 2110 centiens
810 2069 1028 2120 octogiens
1075 2067 1350 2121 quinquiens,
1395 2068 1438 2108 in
1479 2067 1670 2122 Odyssea

161 2138 436 2192 septuagiens
484 2137 615 2178 semel
667 2137 844 2189 migrari
900 2136 1122 2177 adnotavit
1179 2162 1251 2186 -ν,
1310 2135 1428 2176 haud
1477 2136 1670 2189 ineptum

161 2207 340 2248 visumst
384 2206 512 2246 etiam
553 2205 795 2259 insequenti
836 2205 935 2258 pedi
985 2204 1175 2257 aliquam
1215 2203 1365 2244 adesse
1406 2203 1668 2246 divisionem.

161 2275 308 2327 itaque
332 2278 380 2315 ut
410 2287 509 2315 raro
541 2278 639 2327 post
671 2278 871 2327 quartum
904 2273 1169 2322 trochaeum,
1199 2273 1261 2312 ita
1293 2286 1421 2325 saepe
1451 2276 1550 2326 post
1571 2272 1670 2313 dac-

161 2343 294 2398 tylum
317 2346 531 2395 quartum,
558 2356 643 2382 non
665 2342 914 2395 frequenter
937 2341 1126 2394 spondeo
1149 2343 1373 2390 mutatum,
1405 2340 1672 2382 admiserunt

164 2411 502 2460 distinctionem,
545 2424 631 2463 qua
671 2409 886 2463 dirempta
929 2413 1068 2450 metra
1108 2412 1150 2449 et
1189 2409 1285 2461 ipsa
1315 2408 1424 2449 fiunt
1455 2408 1669 2464 ἔνρυθμα.

162 2493 261 2519 nam
302 2479 363 2519 ita
405 2482 657 2519 tetrameter
697 2478 934 2532 dactylicus
977 2481 1019 2518 et
1046 2491 1195 2518 versus
1240 2476 1420 2518 adonius
1462 2476 1670 2518 oriuntur.

162 2547 270 2588 haec
286 2551 488 2587 venustas
505 2560 556 2587 ne
581 2546 752 2599 periret,
774 2547 955 2587 timuere
979 2545 1279 2598 exaggerando
1298 2558 1521 2586 caesuram
1543 2545 1671 2585 istam

162 2618 261 2669 post
311 2619 512 2668 quartum
562 2615 866 2668 interpungere
917 2614 1091 2667 peden),
1144 2614 1178 2654 si
1231 2613 1404 2666 quintus
1455 2616 1672 2654 constaret

165 2683 373 2736 spondeo,
407 2697 533 2736 quem
567 2683 768 2724 adonium
800 2686 983 2723 metrum
1017 2697 1099 2724 non
1132 2682 1297 2734 recipit.
1358 2681 1443 2721 iam
1475 2680 1672 2722 bucolica

165 2752 296 2791 sectio
344 2754 506 2803 quanto
557 2765 686 2804 opere
732 2751 915 2791 valuerit
960 2750 1136 2791 Homeri
1181 2749 1326 2799 libris,
1378 2748 1672 2802 comprobavit

164 2818 385 2859 Bekkerus
422 2823 464 2859 et
495 2819 742 2860 recensione
776 2819 1011 2859 carminum
1044 2832 1122 2858 nec
1151 2818 1288 2857 minus
1312 2817 1672 2858 commentatione

167 2886 218 2926 de
248 2900 375 2927 versu
397 2886 626 2927 Homerico
658 2887 818 2940 scripta
851 2887 906 2941 [p.
932 2889 1012 2927 265
1037 2886 1129 2940 sq.].
1180 2885 1316 2936 magis
1349 2885 1476 2924 etiam
1508 2884 1673 2937 placuit

164 2953 240 2995 illa
261 2954 544 3008 pastoralium
563 2955 799 2996 carminum
821 2954 1083 3005 auctoribus,
1107 2966 1367 3006 quamquam
1386 2952 1482 2993 vani
1499 2952 1673 2994 fuerunt
