1898 3292
138 223 220 261 288
727 232 847 257 LIBER
867 233 1056 263 QVARTVS.

139 333 193 374 ab
235 333 434 374 Iuvenale
475 334 559 388 [15,
594 335 692 389 124]
736 335 1039 376 Britannorum
1087 335 1308 376 saevitiam
1350 335 1641 377 Marklandus.

136 402 211 443 sed
242 415 380 455 neque
409 416 487 443 nos
517 402 582 443 ira
614 407 689 443 aut
720 402 867 444 favore
889 404 1088 457 populari
1109 403 1430 445 immutabimus
1452 408 1643 445 veterum

135 470 297 524 placita
340 474 382 511 et
421 470 714 521 verendumst,
761 485 813 512 ne
857 472 951 525 ipsa
999 471 1072 512 illa
1115 472 1361 513 coniectura
1400 473 1643 513 confirmari

134 538 332 579 videatur
362 537 566 579 iudicium
599 539 821 580 Martialis.

249 608 305 647 At
335 607 515 648 multum
545 606 915 660 degeneraverunt
947 608 1171 648 christiani
1214 608 1490 649 classicorum
1522 622 1548 650 a
1575 623 1643 650 ra-

134 674 343 725 tionibus,
388 673 583 716 frustrati
624 675 683 715 illi
717 677 960 729 praeceptis
994 677 1384 730 grammaticorum.
1447 678 1518 729 qui
1549 691 1644 718 cum

133 743 329 784 viderent
367 743 482 796 apud
520 745 720 796 antiquos
750 748 949 785 auctores
979 748 1102 785 Eoum
1136 749 1177 785 et
1208 749 1408 786 Nereidas
1441 750 1484 786 et
1515 760 1642 798 quae-

134 811 233 852 dam
267 811 353 852 alia
385 825 651 853 communem
682 812 843 853 habere
889 813 1098 867 syllabam
1138 814 1180 854 in
1212 814 1333 854 hiatu
1365 818 1644 864 constantem,

132 893 369 933 paucorum
418 880 710 933 exemplorum
758 881 1083 934 ambiguitatem
1135 895 1213 935 pro
1262 882 1412 935 regula
1458 883 1643 936 amplexi

132 952 442 1001 persuaserunt
488 949 627 1002 poetis
675 949 904 990 neotericis
947 950 991 990 in
1032 950 1174 991 media
1215 952 1319 991 v‘oce
1363 951 1534 1004 longam
1581 965 1644 992 se-

135 1020 292 1069 quente
316 1017 452 1058 vocali
483 1031 560 1069 pro
593 1017 775 1058 arbitrio
809 1031 934 1071 posse
967 1019 1137 1071 corripi.
1191 1018 1468 1072 diphthongis
1501 1023 1644 1060 tamen

139 1085 392 1126 enervandis
428 1099 661 1138 pepercere
695 1085 844 1126 eidem.
910 1100 1007 1127 nam
1041 1087 1155 1139 quod
1187 1105 1230 1129 αι
1262 1087 1327 1128 vel
1360 1104 1394 1130 ει,
1427 1087 1643 1128 interdum

134 1154 410 1194 inveniuntur
452 1153 695 1203 breviat-ae,
746 1154 975 1195 tenendum
1025 1155 1143 1196 illam
1186 1155 1300 1209 apud
1343 1156 1531 1197 Graecos
1573 1156 1643 1196 de-

137 1222 343 1263 teriorum
375 1226 618 1275 temporum
649 1222 903 1276 plerumque
944 1224 1135 1264 sonuisse
1168 1238 1205 1272 e,
1249 1228 1290 1265 et
1331 1224 1503 1277 quidem
1550 1238 1642 1265 cor—

138 1294 326 1344 reptum,
367 1290 480 1331 hanc
521 1290 587 1331 vel
628 1294 770 1331 aetate
812 1291 975 1344 optima
1006 1296 1213 1344 sequente
1244 1292 1382 1333 vocali
1413 1292 1644 1345 aliquando

136 1362 346 1400 mutatam
378 1359 422 1399 in
455 1377 469 1401 ι
499 1358 628 1400 breve
661 1359 727 1399 vel
759 1376 794 1409 ε,
834 1360 945 1401 sicut
977 1364 1018 1401 et
1050 1360 1165 1413 apud
1195 1361 1397 1401 classicos
1430 1361 1645 1402 Romanos

142 1429 378 1476 Caucase'us,
416 1430 647 1471 Tantaleus,
680 1427 766 1468 alia
803 1428 1013 1481 quaedam
1045 1428 1271 1469 imminuta
1299 1428 1481 1469 inveniri
1513 1442 1644 1482 paen-

134 1495 286 1536 ultima
319 1496 564 1537 memoravi.
605 1521 660 1525 —-—
697 1496 830 1549 igitur
861 1501 908 1538 ut
941 1497 1147 1550 exemplis
1179 1511 1266 1538 rein
1297 1497 1494 1551 probem,
1525 1497 1644 1538 brevi

133 1564 271 1605 vocali
293 1564 440 1605 hiante
462 1564 738 1618 reperiuntur
760 1565 875 1618 apud
897 1565 1178 1606 Prudentium
1202 1579 1392 1618 cyaneus,
1416 1569 1644 1612 Nazaraeos,

134 1636 399 1683 rompheali&
441 1636 688 1681 Maeander,
734 1636 989 1685 Pyrenaeus,
1038 1634 1153 1687 apud
1197 1634 1402 1675 Avienum
1444 1638 1644 1683 Pandion,

137 1704 385 1752 Epicureus,
427 1703 566 1749 Chius,
601 1701 716 1754 apud
746 1701 1007 1743 Martialium
1042 1705 1242 1751 Sabaeas,
1277 1703 1391 1756 apud
1424 1702 1644 1744 Sidonium

134 1773 359 1822 ylycom'us,
385 1773 692 1820 pherecrati'us,
724 1772 893 1819 Darius,
924 1784 1054 1824 porro
1087 1771 1201 1824 apud
1233 1771 1339 1812 alios
1363 1771 1458 1812 alia.
1512 1785 1645 1824 quare

137 1852 162 1878 a
183 1838 442 1880 Terentiano
474 1838 547 1891 qui
578 1838 770 1891 potuerit
798 1838 842 1879 in
875 1840 947 1890 eis,
981 1853 1090 1892 quae
1124 1843 1222 1880 sunt
1249 1842 1348 1881 Grac·
1382 1843 1425 1881 et
1451 1843 1585 1888 Grais,
1620 1854 1645 1880 (ι

136 1906 294 1961 corripi
334 1931 391 1937 ——
430 1907 491 1947 ita
521 1910 534 1947 e*
564 1907 630 1948 vel
661 1921 681 1947 ο
712 1906 918 1948 breviatis
959 1907 1075 1961 apud
1114 1908 1296 1949 eundem
1338 1912 1437 1950 sunt
1468 1912 1644 1957 chorius«,

137 1978 389 2025 dispondius,
422 1978 588 2015 heroum
619 1999 673 2004 —«
706 1975 821 2028 quod
852 1975 921 2016 vix
951 1990 1002 2017 ac
1032 1989 1084 2017 ne
1106 1977 1176 2017 vix
1203 1976 1376 2030 quidem
1396 1976 1645 2030 intellegere

139 2056 232 2084 sese
263 2043 325 2084 ait
354 2042 596 2094 Santenius,
630 2043 733 2096 quid
765 2043 882 2085 aliud
913 2044 1220 2098 comprobatur
1252 2059 1378 2098 quam
1411 2045 1530 2087 illum
1561 2059 1645 2086 non

136 2124 198 2162 ea,
231 2125 317 2164 qua
349 2110 590 2165 oportebat,
620 2111 751 2154 fuisse
781 2112 1010 2166 prosodiae
1032 2113 1212 2155 Latinae
1234 2114 1421 2168 peritia?
1456 2117 1646 2155 ceterum

134 2180 249 2221 idem
279 2184 478 2222 auctores
509 2181 669 2233 passim
702 2184 822 2222 recta
852 2181 919 2222 usi
951 2182 1205 2235 quantitate.
1252 2208 1301 2212 -—
1346 2183 1484 2224 maior
1516 2183 1645 2224 etiam

134 2248 261 2301 longe
292 2248 467 2290 licentia
495 2249 538 2289 in
571 2248 782 2290 Hebraeis
827 2254 1049 2303 comparet
1089 2250 1350 2302 nominibus,
1393 2251 1447 2292 de
1491 2251 1646 2304 quibus

136 2329 248 2369 quae
281 2317 446 2357 notavit
476 2316 692 2358 Obbarius
724 2318 878 2372 [praef.
910 2318 1036 2359 Prud.
1068 2333 1106 2372 p.
1137 2319 1227 2373 20],
1268 2318 1465 2373 plurimis
1497 2320 1645 2373 augeri

135 2388 315 2438 possunt
338 2384 555 2438 exemplis.
604 2389 834 2439 praeterea
859 2386 992 2437 verbi,
1024 2387 1139 2440 quod
1161 2391 1226 2428 est
1251 2393 1319 2437 fio,
1352 2388 1514 2429 formae
1536 2388 1645 2429 anti-

137 2453 282 2506 quitus
322 2452 561 2507 productae
607 2453 840 2507 aliquando
877 2455 1168 2508 corripiuntur
1208 2457 1448 2509 posteriore
1489 2460 1644 2498 aetate.

138 2525 290 2563 contra
322 2521 437 2574 quod
468 2521 681 2563 Luxorius
714 2523 827 2576 [310,
853 2523 894 2577 1]
928 2527 970 2564 et
997 2523 1233 2566 Venantius
1265 2525 1374 2579 [V11,
1398 2528 1463 2576 21,
1489 2528 1561 2576 133
1593 2524 1645 2565 de

136 2605 172 2632 v.
206 2590 331 2631 Mart.
363 2589 438 2641 ΙΙΙ,
463 2590 565 2644 433]
600 2593 681 2631 (liei
711 2590 907 2632 breviata
940 2591 1141 2633 dixerunt
1170 2593 1449 2646 paenultima,
1480 2593 1523 2634 id
1555 2593 1645 2634 sine

139 2657 347 2712 exemplo,
379 2662 587 2711 quantum
619 2658 724 2700 mihi
753 2663 934 2711 constat,
967 2665 1066 2701 sunt
1097 2661 1201 2702 ausi.

252 2727 308 2768 At
337 2740 445 2780 quas
483 2726 653 2768 classici
697 2727 944 2781 corripuere
982 2728 1170 2782 syllabas
1209 2729 1303 2783 lege
1344 2729 1503 2771 vocalis
1545 2732 1644 2770 ante

137 2795 328 2836 vocalem
359 2795 540 2849 positae,
570 2809 733 2849 paucas
769 2795 961 2837 extulere
982 2797 1216 2850 productas
1239 2798 1473 2839 christiani.
1525 2798 1645 2839 cuius

136 2863 336 2904 licentiae
368 2863 519 2905 ducem
542 2863 674 2906 fuisse
696 2864 964 2918 probabilest
986 2867 1168 2907 amicum
1194 2867 1407 2919 quendam
1431 2866 1569 2915 Gellii,
1602 2867 1644 2906 in

138 2932 258 2972 cuius
291 2933 478 2973 carmine
511 2932 642 2986 DUX,
669 2933 739 2986 11]
773 2932 965 2974 dimetris
988 2934 1184 2975 iambicis
1207 2938 1428 2976 constante
1451 2936 1644 2988 suspicor
