<?xml version="1.0" encoding="UTF-8"?>
<!DOCTYPE html PUBLIC "-//W3C//DTD XHTML 1.0 Transitional//EN"
    "http://www.w3.org/TR/xhtml1/DTD/xhtml1-transitional.dtd">
<html xmlns="http://www.w3.org/1999/xhtml" xml:lang="en" lang="en">
 <head>
  <title>
</title>
<meta http-equiv="Content-Type" content="text/html;charset=utf-8" />
  <meta name='ocr-system' content='tesseract 3.04.00' />
  <meta name='ocr-capabilities' content='ocr_page ocr_carea ocr_par ocr_line ocrx_word'/>
</head>
<body>
  <div class='ocr_page' id='page_1' title='image "./deremetricapoeta00mluoft_0128.png"; bbox 0 0 1898 3292; ppageno 0'>
   <div class='ocr_carea' id='block_1_1' title="bbox 205 196 1101 233">
    <p class='ocr_par' dir='ltr' id='par_1_1' title="bbox 205 196 1101 233">
     <span class='ocr_line' id='line_1_1' title="bbox 205 196 1101 233; baseline -0.006 0"><span class='ocrx_word' id='word_1_1' title='bbox 205 196 284 233; x_wconf 73' lang='lat'>108</span> <span class='ocrx_word' id='word_1_2' title='bbox 808 204 928 228; x_wconf 80' lang='lat' dir='ltr'>LIBER</span> <span class='ocrx_word' id='word_1_3' title='bbox 946 203 1101 229; x_wconf 77' lang='lat' dir='ltr'>PRIMVS.</span> 
     </span>
    </p>
   </div>
   <div class='ocr_carea' id='block_1_2' title="bbox 200 306 1716 2467">
    <p class='ocr_par' dir='ltr' id='par_1_2' title="bbox 200 306 1712 689">
     <span class='ocr_line' id='line_1_2' title="bbox 202 306 1712 359; baseline 0 -12"><span class='ocrx_word' id='word_1_4' title='bbox 202 306 530 358; x_wconf 75' lang='lat' dir='ltr'>insequentibus</span> <span class='ocrx_word' id='word_1_5' title='bbox 576 306 759 347; x_wconf 80' lang='lat' dir='ltr'>saeculis</span> <span class='ocrx_word' id='word_1_6' title='bbox 805 306 1057 346; x_wconf 85' lang='lat' dir='ltr'>inusitatum</span> <span class='ocrx_word' id='word_1_7' title='bbox 1110 306 1189 347; x_wconf 88' lang='lat' dir='ltr'>fuit</span> <span class='ocrx_word' id='word_1_8' title='bbox 1238 310 1421 346; x_wconf 86' lang='lat' dir='ltr'>metrum</span> <span class='ocrx_word' id='word_1_9' title='bbox 1471 311 1712 359; x_wconf 71' lang='lat' dir='ltr'>utrumque.</span> 
     </span>
     <span class='ocr_line' id='line_1_3' title="bbox 201 374 1711 427; baseline 0 -12"><span class='ocrx_word' id='word_1_10' title='bbox 201 375 394 416; x_wconf 82' lang='lat' dir='ltr'>declarat</span> <span class='ocrx_word' id='word_1_11' title='bbox 435 388 523 415; x_wconf 88' lang='lat' dir='ltr'>rem</span> <span class='ocrx_word' id='word_1_12' title='bbox 567 378 609 415; x_wconf 91' lang='lat' dir='ltr'>et</span> <span class='ocrx_word' id='word_1_13' title='bbox 648 375 949 424; x_wconf 82' lang='lat' dir='ltr'>&#39;l&#39;erentianus,</span> <span class='ocrx_word' id='word_1_14' title='bbox 995 375 1065 427; x_wconf 90' lang='lat' dir='ltr'>qui</span> <span class='ocrx_word' id='word_1_15' title='bbox 1110 374 1153 414; x_wconf 91' lang='lat' dir='ltr'>in</span> <span class='ocrx_word' id='word_1_16' title='bbox 1194 375 1464 427; x_wconf 74' lang='lat' dir='ltr'>paucissimis</span> <span class='ocrx_word' id='word_1_17' title='bbox 1506 375 1711 425; x_wconf 68' lang='lat' dir='ltr'>versibus,</span> 
     </span>
     <span class='ocr_line' id='line_1_4' title="bbox 203 443 1712 497; baseline 0.001 -15"><span class='ocrx_word' id='word_1_18' title='bbox 203 458 309 496; x_wconf 86' lang='lat' dir='ltr'>quos</span> <span class='ocrx_word' id='word_1_19' title='bbox 350 443 533 496; x_wconf 84' lang='lat' dir='ltr'>exempli</span> <span class='ocrx_word' id='word_1_20' title='bbox 567 457 698 483; x_wconf 87' lang='lat' dir='ltr'>causa</span> <span class='ocrx_word' id='word_1_21' title='bbox 728 443 850 496; x_wconf 90' lang='lat' dir='ltr'>ponit</span> <span class='ocrx_word' id='word_1_22' title='bbox 892 443 1043 497; x_wconf 70' lang='lat'><strong>[23703</strong></span> <span class='ocrx_word' id='word_1_23' title='bbox 1076 447 1127 484; x_wconf 79' lang='lat'>79</span> <span class='ocrx_word' id='word_1_24' title='bbox 1152 457 1234 495; x_wconf 85' lang='lat' dir='ltr'>sq.;</span> <span class='ocrx_word' id='word_1_25' title='bbox 1269 443 1535 497; x_wconf 64' lang='lat'>2394-97]‚</span> <span class='ocrx_word' id='word_1_26' title='bbox 1576 457 1712 496; x_wconf 88' lang='lat' dir='ltr'>paene</span> 
     </span>
     <span class='ocr_line' id='line_1_5' title="bbox 202 511 1711 566; baseline 0 -14"><span class='ocrx_word' id='word_1_27' title='bbox 202 526 369 565; x_wconf 89' lang='lat' dir='ltr'>semper</span> <span class='ocrx_word' id='word_1_28' title='bbox 392 511 581 564; x_wconf 73' lang='lat' dir='ltr'>neglexit</span> <span class='ocrx_word' id='word_1_29' title='bbox 610 525 832 552; x_wconf 85' lang='lat' dir='ltr'>caesuram</span> <span class='ocrx_word' id='word_1_30' title='bbox 868 511 1100 563; x_wconf 74' lang='lat' dir='ltr'>septenarii</span> <span class='ocrx_word' id='word_1_31' title='bbox 1133 512 1285 565; x_wconf 70' lang='lat'>[23763</span> <span class='ocrx_word' id='word_1_32' title='bbox 1317 515 1391 562; x_wconf 68' lang='lat'>803</span> <span class='ocrx_word' id='word_1_33' title='bbox 1424 515 1498 562; x_wconf 69' lang='lat'>943</span> <span class='ocrx_word' id='word_1_34' title='bbox 1532 516 1584 552; x_wconf 77' lang='lat' dir='ltr'>9ss</span> <span class='ocrx_word' id='word_1_35' title='bbox 1620 512 1711 566; x_wconf 84' lang='lat' dir='ltr'>sq.].</span> 
     </span>
     <span class='ocr_line' id='line_1_6' title="bbox 200 578 1712 633; baseline 0.001 -14"><span class='ocrx_word' id='word_1_36' title='bbox 200 606 255 609; x_wconf 96' lang='lat'><strong>—</strong></span> <span class='ocrx_word' id='word_1_37' title='bbox 299 583 487 620; x_wconf 85' lang='lat' dir='ltr'>cetorum</span> <span class='ocrx_word' id='word_1_38' title='bbox 528 579 759 620; x_wconf 77' lang='lat' dir='ltr'>octonariis</span> <span class='ocrx_word' id='word_1_39' title='bbox 800 578 1015 629; x_wconf 77' lang='lat' dir='ltr'>iambicis,</span> <span class='ocrx_word' id='word_1_40' title='bbox 1066 579 1192 633; x_wconf 88' lang='lat' dir='ltr'>pleno</span> <span class='ocrx_word' id='word_1_41' title='bbox 1232 580 1397 633; x_wconf 88' lang='lat' dir='ltr'>pariter</span> <span class='ocrx_word' id='word_1_42' title='bbox 1445 594 1494 620; x_wconf 85' lang='lat' dir='ltr'>ac</span> <span class='ocrx_word' id='word_1_43' title='bbox 1536 580 1712 629; x_wconf 84' lang='lat' dir='ltr'>minuto,</span> 
     </span>
     <span class='ocr_line' id='line_1_7' title="bbox 200 647 775 689; baseline -0.002 0"><span class='ocrx_word' id='word_1_44' title='bbox 200 648 444 689; x_wconf 84' lang='lat' dir='ltr'>constantia</span> <span class='ocrx_word' id='word_1_45' title='bbox 473 647 615 689; x_wconf 88' lang='lat' dir='ltr'>Boisci</span> <span class='ocrx_word' id='word_1_46' title='bbox 646 647 775 688; x_wconf 88' lang='lat' dir='ltr'>haec:</span> 
     </span>
    </p>

    <p class='ocr_par' dir='ltr' id='par_1_3' title="bbox 434 736 1464 782">
     <span class='ocr_line' id='line_1_8' title="bbox 434 736 1464 782; baseline 0 -10"><span class='ocrx_word' id='word_1_47' title='bbox 434 740 588 778; x_wconf 80' lang='grc' dir='ltr'><em>Βοίσκος</em></span> <span class='ocrx_word' id='word_1_48' title='bbox 614 736 686 772; x_wconf 65' lang='grc' dir='ltr'>ἀπὸ</span> <span class='ocrx_word' id='word_1_49' title='bbox 717 739 876 780; x_wconf 80' lang='grc' dir='ltr'><em>Κυζικοῦ</em></span> <span class='ocrx_word' id='word_1_50' title='bbox 905 736 1043 777; x_wconf 75' lang='grc' dir='ltr'><strong><em>παντὸς</em></strong></span> <span class='ocrx_word' id='word_1_51' title='bbox 1068 736 1233 781; x_wconf 67' lang='grc' dir='ltr'>γραφεύς</span> <span class='ocrx_word' id='word_1_52' title='bbox 1259 736 1464 782; x_wconf 74' lang='grc' dir='ltr'><em>ποιήματος</em></span> 
     </span>
    </p>

    <p class='ocr_par' dir='ltr' id='par_1_4' title="bbox 204 791 1462 931">
     <span class='ocr_line' id='line_1_9' title="bbox 432 791 1462 841; baseline 0 -12"><span class='ocrx_word' id='word_1_53' title='bbox 432 793 498 829; x_wconf 79' lang='grc' dir='ltr'>τὸν</span> <span class='ocrx_word' id='word_1_54' title='bbox 524 791 711 830; x_wconf 72' lang='grc' dir='ltr'><em>ὁκτάπουν</em></span> <span class='ocrx_word' id='word_1_55' title='bbox 738 792 858 838; x_wconf 68' lang='grc' dir='ltr'><em>εὑρών</em></span> <span class='ocrx_word' id='word_1_56' title='bbox 884 796 1007 839; x_wconf 81' lang='grc' dir='ltr'><em>στίχου</em></span> <span class='ocrx_word' id='word_1_57' title='bbox 1038 796 1160 841; x_wconf 80' lang='grc' dir='ltr'><strong><em>Φοίβῳ</em></strong></span> <span class='ocrx_word' id='word_1_58' title='bbox 1188 796 1311 837; x_wconf 77' lang='grc' dir='ltr'><em>τίθησι</em></span> <span class='ocrx_word' id='word_1_59' title='bbox 1340 797 1462 838; x_wconf 64' lang='grc' dir='ltr'>δ’ῧρον</span> 
     </span>
     <span class='ocr_line' id='line_1_10' title="bbox 204 875 1418 931; baseline -0.001 -13"><span class='ocrx_word' id='word_1_60' title='bbox 204 877 383 931; x_wconf 89' lang='lat' dir='ltr'>paribus</span> <span class='ocrx_word' id='word_1_61' title='bbox 416 876 630 930; x_wconf 87' lang='lat' dir='ltr'>expressit</span> <span class='ocrx_word' id='word_1_62' title='bbox 661 876 850 917; x_wconf 82' lang='lat' dir='ltr'>numeris</span> <span class='ocrx_word' id='word_1_63' title='bbox 882 875 988 916; x_wconf 87' lang='lat' dir='ltr'>Iuba</span> <span class='ocrx_word' id='word_1_64' title='bbox 1022 876 1100 930; x_wconf 85' lang='lat' dir='ltr'>[gr.</span> <span class='ocrx_word' id='word_1_65' title='bbox 1134 875 1159 916; x_wconf 90' lang='lat' dir='ltr'>l.</span> <span class='ocrx_word' id='word_1_66' title='bbox 1193 875 1418 930; x_wconf 36' lang='lat' dir='ltr'>VI,⁷5ss4]:</span> 
     </span>
    </p>

    <p class='ocr_par' dir='ltr' id='par_1_5' title="bbox 433 967 1382 1012">
     <span class='ocr_line' id='line_1_11' title="bbox 433 967 1382 1012; baseline -0.001 -11"><span class='ocrx_word' id='word_1_67' title='bbox 433 968 589 1001; x_wconf 85' lang='lat' dir='ltr'>Boiscus</span> <span class='ocrx_word' id='word_1_68' title='bbox 614 968 644 1001; x_wconf 88' lang='lat' dir='ltr'>is</span> <span class='ocrx_word' id='word_1_69' title='bbox 672 968 716 1001; x_wconf 82' lang='lat' dir='ltr'>de</span> <span class='ocrx_word' id='word_1_70' title='bbox 745 967 878 1012; x_wconf 79' lang='lat' dir='ltr'>Cyzico</span> <span class='ocrx_word' id='word_1_71' title='bbox 905 967 988 1001; x_wconf 78' lang='lat' dir='ltr'>novi</span> <span class='ocrx_word' id='word_1_72' title='bbox 1015 970 1184 1011; x_wconf 85' lang='lat' dir='ltr'>repertor</span> <span class='ocrx_word' id='word_1_73' title='bbox 1211 967 1382 1000; x_wconf 81' lang='lat' dir='ltr'>carminis</span> 
     </span>
    </p>

    <p class='ocr_par' dir='ltr' id='par_1_6' title="bbox 434 1024 1504 1069">
     <span class='ocr_line' id='line_1_12' title="bbox 434 1024 1504 1069; baseline 0.001 -12"><span class='ocrx_word' id='word_1_74' title='bbox 434 1037 529 1059; x_wconf 89' lang='lat' dir='ltr'>nunc</span> <span class='ocrx_word' id='word_1_75' title='bbox 556 1025 695 1069; x_wconf 85' lang='lat' dir='ltr'>primus</span> <span class='ocrx_word' id='word_1_76' title='bbox 722 1028 898 1059; x_wconf 80' lang='lat' dir='ltr'>octonum</span> <span class='ocrx_word' id='word_1_77' title='bbox 925 1024 1061 1069; x_wconf 86' lang='lat' dir='ltr'>pedum</span> <span class='ocrx_word' id='word_1_78' title='bbox 1087 1035 1231 1058; x_wconf 86' lang='lat' dir='ltr'>versum</span> <span class='ocrx_word' id='word_1_79' title='bbox 1258 1024 1327 1058; x_wconf 87' lang='lat' dir='ltr'>deo</span> <span class='ocrx_word' id='word_1_80' title='bbox 1355 1024 1504 1058; x_wconf 82' lang='lat' dir='ltr'>dicavit.</span> 
     </span>
    </p>

    <p class='ocr_par' dir='ltr' id='par_1_7' title="bbox 200 1104 1716 2118">
     <span class='ocr_line' id='line_1_13' title="bbox 318 1104 1713 1146; baseline 0 0"><span class='ocrx_word' id='word_1_81' title='bbox 318 1106 351 1146; x_wconf 83' lang='lat' dir='ltr'>E</span> <span class='ocrx_word' id='word_1_82' title='bbox 396 1105 628 1146; x_wconf 74' lang='lat' dir='ltr'>trochaicis</span> <span class='ocrx_word' id='word_1_83' title='bbox 672 1105 866 1146; x_wconf 86' lang='lat' dir='ltr'>versibus</span> <span class='ocrx_word' id='word_1_84' title='bbox 910 1104 1158 1145; x_wconf 81' lang='lat' dir='ltr'>octonarius</span> <span class='ocrx_word' id='word_1_85' title='bbox 1201 1104 1479 1145; x_wconf 82' lang='lat' dir='ltr'>catalecticus</span> <span class='ocrx_word' id='word_1_86' title='bbox 1519 1131 1573 1135; x_wconf 84' lang='lat'>——-</span> <span class='ocrx_word' id='word_1_87' title='bbox 1615 1120 1713 1146; x_wconf 86' lang='lat' dir='ltr'>nam</span> 
     </span>
     <span class='ocr_line' id='line_1_14' title="bbox 203 1172 1714 1226; baseline 0 -12"><span class='ocrx_word' id='word_1_88' title='bbox 203 1174 490 1214; x_wconf 81' lang='lat' dir='ltr'>acatalectum</span> <span class='ocrx_word' id='word_1_89' title='bbox 533 1173 715 1215; x_wconf 90' lang='lat' dir='ltr'>eundem</span> <span class='ocrx_word' id='word_1_90' title='bbox 756 1173 829 1226; x_wconf 83' lang='lat' dir='ltr'>qui</span> <span class='ocrx_word' id='word_1_91' title='bbox 871 1172 1119 1214; x_wconf 83' lang='lat' dir='ltr'>adhibuerit</span> <span class='ocrx_word' id='word_1_92' title='bbox 1158 1177 1332 1226; x_wconf 85' lang='lat' dir='ltr'>praeter</span> <span class='ocrx_word' id='word_1_93' title='bbox 1366 1173 1603 1214; x_wconf 69' lang='lat' dir='ltr'>Varronem</span> <span class='ocrx_word' id='word_1_94' title='bbox 1631 1189 1714 1215; x_wconf 90' lang='lat' dir='ltr'>non</span> 
     </span>
     <span class='ocr_line' id='line_1_15' title="bbox 200 1241 1715 1295; baseline 0.001 -12"><span class='ocrx_word' id='word_1_95' title='bbox 200 1243 368 1283; x_wconf 88' lang='lat' dir='ltr'>invenio</span> <span class='ocrx_word' id='word_1_96' title='bbox 399 1268 454 1272; x_wconf 97' lang='lat'><strong>—</strong></span> <span class='ocrx_word' id='word_1_97' title='bbox 487 1242 611 1283; x_wconf 86' lang='lat' dir='ltr'>valde</span> <span class='ocrx_word' id='word_1_98' title='bbox 644 1241 726 1283; x_wconf 87' lang='lat' dir='ltr'>fuit</span> <span class='ocrx_word' id='word_1_99' title='bbox 756 1245 959 1295; x_wconf 88' lang='lat' dir='ltr'>acceptus</span> <span class='ocrx_word' id='word_1_100' title='bbox 989 1241 1031 1281; x_wconf 92' lang='lat' dir='ltr'>in</span> <span class='ocrx_word' id='word_1_101' title='bbox 1066 1241 1227 1294; x_wconf 81' lang='lat' dir='ltr'>vulgus.</span> <span class='ocrx_word' id='word_1_102' title='bbox 1278 1241 1391 1282; x_wconf 88' lang='lat' dir='ltr'>unde</span> <span class='ocrx_word' id='word_1_103' title='bbox 1421 1246 1463 1282; x_wconf 93' lang='lat' dir='ltr'>et</span> <span class='ocrx_word' id='word_1_104' title='bbox 1484 1243 1715 1295; x_wconf 87' lang='lat' dir='ltr'>populares</span> 
     </span>
     <span class='ocr_line' id='line_1_16' title="bbox 203 1309 1714 1364; baseline 0.001 -14"><span class='ocrx_word' id='word_1_105' title='bbox 203 1326 351 1352; x_wconf 84' lang='lat' dir='ltr'>versus</span> <span class='ocrx_word' id='word_1_106' title='bbox 384 1325 433 1351; x_wconf 89' lang='lat' dir='ltr'>eo</span> <span class='ocrx_word' id='word_1_107' title='bbox 465 1311 661 1364; x_wconf 85' lang='lat' dir='ltr'>plerique</span> <span class='ocrx_word' id='word_1_108' title='bbox 695 1310 978 1357; x_wconf 74' lang='lat' dir='ltr'>continentur,</span> <span class='ocrx_word' id='word_1_109' title='bbox 1010 1310 1170 1363; x_wconf 89' lang='lat' dir='ltr'>partim</span> <span class='ocrx_word' id='word_1_110' title='bbox 1194 1309 1335 1350; x_wconf 86' lang='lat' dir='ltr'>Plauti</span> <span class='ocrx_word' id='word_1_111' title='bbox 1359 1314 1531 1351; x_wconf 87' lang='lat' dir='ltr'>servata</span> <span class='ocrx_word' id='word_1_112' title='bbox 1553 1325 1714 1361; x_wconf 69' lang='lat' dir='ltr'>norma,</span> 
     </span>
     <span class='ocr_line' id='line_1_17' title="bbox 202 1379 1714 1433; baseline 0 -13"><span class='ocrx_word' id='word_1_113' title='bbox 202 1380 360 1433; x_wconf 85' lang='lat' dir='ltr'>partim</span> <span class='ocrx_word' id='word_1_114' title='bbox 393 1379 650 1420; x_wconf 83' lang='lat' dir='ltr'>Archilochi.</span> <span class='ocrx_word' id='word_1_115' title='bbox 714 1382 755 1419; x_wconf 88' lang='lat' dir='ltr'>et</span> <span class='ocrx_word' id='word_1_116' title='bbox 796 1382 980 1431; x_wconf 89' lang='lat' dir='ltr'>utroque</span> <span class='ocrx_word' id='word_1_117' title='bbox 1027 1392 1181 1431; x_wconf 81' lang='lat' dir='ltr'>genere</span> <span class='ocrx_word' id='word_1_118' title='bbox 1223 1392 1350 1431; x_wconf 83' lang='lat' dir='ltr'>saepe</span> <span class='ocrx_word' id='word_1_119' title='bbox 1382 1379 1447 1419; x_wconf 85' lang='lat' dir='ltr'>usi</span> <span class='ocrx_word' id='word_1_120' title='bbox 1480 1379 1714 1420; x_wconf 83' lang='lat' dir='ltr'>christiani.</span> 
     </span>
     <span class='ocr_line' id='line_1_18' title="bbox 202 1447 1714 1502; baseline 0 -14"><span class='ocrx_word' id='word_1_121' title='bbox 202 1448 459 1502; x_wconf 77' lang='lat' dir='ltr'>graecanica</span> <span class='ocrx_word' id='word_1_122' title='bbox 491 1451 584 1488; x_wconf 89' lang='lat' dir='ltr'>arte</span> <span class='ocrx_word' id='word_1_123' title='bbox 616 1447 841 1501; x_wconf 86' lang='lat' dir='ltr'>compositi</span> <span class='ocrx_word' id='word_1_124' title='bbox 871 1447 1081 1488; x_wconf 83' lang='lat' dir='ltr'>octonarii</span> <span class='ocrx_word' id='word_1_125' title='bbox 1112 1447 1299 1500; x_wconf 86' lang='lat' dir='ltr'>primum</span> <span class='ocrx_word' id='word_1_126' title='bbox 1331 1447 1445 1500; x_wconf 88' lang='lat' dir='ltr'>apud</span> <span class='ocrx_word' id='word_1_127' title='bbox 1480 1448 1714 1489; x_wconf 78' lang='lat' dir='ltr'>Varronem</span> 
     </span>
     <span class='ocr_line' id='line_1_19' title="bbox 201 1515 1715 1569; baseline 0 -12"><span class='ocrx_word' id='word_1_128' title='bbox 201 1517 486 1558; x_wconf 87' lang='lat' dir='ltr'>inveniuntur.</span> <span class='ocrx_word' id='word_1_129' title='bbox 548 1529 678 1569; x_wconf 88' lang='lat' dir='ltr'>porro</span> <span class='ocrx_word' id='word_1_130' title='bbox 716 1516 923 1556; x_wconf 86' lang='lat' dir='ltr'>memoria</span> <span class='ocrx_word' id='word_1_131' title='bbox 957 1515 1175 1569; x_wconf 75' lang='lat' dir='ltr'>dignumst</span> <span class='ocrx_word' id='word_1_132' title='bbox 1206 1516 1497 1569; x_wconf 87' lang='lat' dir='ltr'>septenarium</span> <span class='ocrx_word' id='word_1_133' title='bbox 1528 1516 1715 1557; x_wconf 89' lang='lat' dir='ltr'>trochai-</span> 
     </span>
     <span class='ocr_line' id='line_1_20' title="bbox 202 1583 1715 1637; baseline 0 -11"><span class='ocrx_word' id='word_1_134' title='bbox 202 1600 297 1626; x_wconf 87' lang='lat' dir='ltr'>cum</span> <span class='ocrx_word' id='word_1_135' title='bbox 350 1600 375 1626; x_wconf 88' lang='lat' dir='ltr'>a</span> <span class='ocrx_word' id='word_1_136' title='bbox 429 1585 593 1626; x_wconf 83' lang='lat' dir='ltr'>Seneca</span> <span class='ocrx_word' id='word_1_137' title='bbox 641 1598 726 1624; x_wconf 90' lang='lat' dir='ltr'>non</span> <span class='ocrx_word' id='word_1_138' title='bbox 776 1584 977 1637; x_wconf 87' lang='lat' dir='ltr'>usurpari</span> <span class='ocrx_word' id='word_1_139' title='bbox 1027 1585 1069 1624; x_wconf 92' lang='lat' dir='ltr'>in</span> <span class='ocrx_word' id='word_1_140' title='bbox 1121 1583 1357 1637; x_wconf 84' lang='lat' dir='ltr'>tragoediis</span> <span class='ocrx_word' id='word_1_141' title='bbox 1408 1584 1489 1625; x_wconf 87' lang='lat' dir='ltr'>nisi</span> <span class='ocrx_word' id='word_1_142' title='bbox 1541 1584 1594 1625; x_wconf 87' lang='lat' dir='ltr'>ad</span> <span class='ocrx_word' id='word_1_143' title='bbox 1646 1599 1715 1626; x_wconf 86' lang='lat' dir='ltr'>res</span> 
     </span>
     <span class='ocr_line' id='line_1_21' title="bbox 203 1652 1715 1708; baseline 0 -14"><span class='ocrx_word' id='word_1_144' title='bbox 203 1658 410 1708; x_wconf 81' lang='lat' dir='ltr'>augustas</span> <span class='ocrx_word' id='word_1_145' title='bbox 442 1668 493 1694; x_wconf 90' lang='lat' dir='ltr'>ac</span> <span class='ocrx_word' id='word_1_146' title='bbox 525 1652 730 1694; x_wconf 90' lang='lat' dir='ltr'>sublimes</span> <span class='ocrx_word' id='word_1_147' title='bbox 761 1653 827 1693; x_wconf 84' lang='lat' dir='ltr'>vel</span> <span class='ocrx_word' id='word_1_148' title='bbox 856 1667 966 1706; x_wconf 88' lang='lat' dir='ltr'>quae</span> <span class='ocrx_word' id='word_1_149' title='bbox 990 1653 1212 1694; x_wconf 87' lang='lat' dir='ltr'>horrorem</span> <span class='ocrx_word' id='word_1_150' title='bbox 1234 1653 1448 1694; x_wconf 86' lang='lat' dir='ltr'>incutiant</span> <span class='ocrx_word' id='word_1_151' title='bbox 1470 1652 1715 1694; x_wconf 88' lang='lat' dir='ltr'>describen-</span> 
     </span>
     <span class='ocr_line' id='line_1_22' title="bbox 203 1721 1715 1777; baseline 0 -15"><span class='ocrx_word' id='word_1_152' title='bbox 203 1722 280 1763; x_wconf 89' lang='lat' dir='ltr'>das</span> <span class='ocrx_word' id='word_1_153' title='bbox 327 1722 517 1777; x_wconf 88' lang='lat' dir='ltr'>[Hippol.</span> <span class='ocrx_word' id='word_1_154' title='bbox 554 1725 857 1773; x_wconf 74' lang='lat'>1201—12123</span> <span class='ocrx_word' id='word_1_155' title='bbox 891 1721 993 1762; x_wconf 79' lang='lat' dir='ltr'>Oed.</span> <span class='ocrx_word' id='word_1_156' title='bbox 1029 1725 1275 1773; x_wconf 76' lang='lat'><strong>223—:2323</strong></span> <span class='ocrx_word' id='word_1_157' title='bbox 1315 1721 1425 1762; x_wconf 86' lang='lat' dir='ltr'>Med.</span> <span class='ocrx_word' id='word_1_158' title='bbox 1458 1725 1581 1762; x_wconf 28' lang='lat' dir='ltr'>740ss</span> <span class='ocrx_word' id='word_1_159' title='bbox 1603 1722 1715 1776; x_wconf 68' lang='lat'>751}</span> 
     </span>
     <span class='ocr_line' id='line_1_23' title="bbox 203 1789 1715 1844; baseline -0.001 -12"><span class='ocrx_word' id='word_1_160' title='bbox 203 1791 388 1832; x_wconf 79' lang='lat' dir='ltr'>exclusis</span> <span class='ocrx_word' id='word_1_161' title='bbox 431 1790 631 1844; x_wconf 87' lang='lat' dir='ltr'>spondeis</span> <span class='ocrx_word' id='word_1_162' title='bbox 674 1804 699 1830; x_wconf 88' lang='lat' dir='ltr'>a</span> <span class='ocrx_word' id='word_1_163' title='bbox 741 1790 944 1831; x_wconf 85' lang='lat' dir='ltr'>Romanis</span> <span class='ocrx_word' id='word_1_164' title='bbox 990 1789 1208 1830; x_wconf 89' lang='lat' dir='ltr'>adhibitos</span> <span class='ocrx_word' id='word_1_165' title='bbox 1252 1803 1335 1830; x_wconf 90' lang='lat' dir='ltr'>non</span> <span class='ocrx_word' id='word_1_166' title='bbox 1381 1793 1542 1831; x_wconf 90' lang='lat' dir='ltr'>temere</span> <span class='ocrx_word' id='word_1_167' title='bbox 1589 1789 1715 1830; x_wconf 86' lang='lat' dir='ltr'>adfir-</span> 
     </span>
     <span class='ocr_line' id='line_1_24' title="bbox 203 1858 1714 1912; baseline -0.001 -12"><span class='ocrx_word' id='word_1_168' title='bbox 203 1860 367 1900; x_wconf 90' lang='lat' dir='ltr'>marim.</span> <span class='ocrx_word' id='word_1_169' title='bbox 429 1872 691 1912; x_wconf 84' lang='lat' dir='ltr'>quamquam</span> <span class='ocrx_word' id='word_1_170' title='bbox 731 1872 815 1899; x_wconf 88' lang='lat' dir='ltr'>non</span> <span class='ocrx_word' id='word_1_171' title='bbox 859 1858 1066 1899; x_wconf 86' lang='lat' dir='ltr'>abhorret</span> <span class='ocrx_word' id='word_1_172' title='bbox 1106 1872 1131 1899; x_wconf 87' lang='lat' dir='ltr'>a</span> <span class='ocrx_word' id='word_1_173' title='bbox 1170 1872 1270 1899; x_wconf 84' lang='lat' dir='ltr'>vero</span> <span class='ocrx_word' id='word_1_174' title='bbox 1310 1858 1563 1912; x_wconf 80' lang='lat' dir='ltr'>Septimium</span> <span class='ocrx_word' id='word_1_175' title='bbox 1605 1873 1714 1899; x_wconf 86' lang='lat' dir='ltr'>saec.</span> 
     </span>
     <span class='ocr_line' id='line_1_25' title="bbox 203 1926 1715 1982; baseline -0.001 -13"><span class='ocrx_word' id='word_1_176' title='bbox 203 1944 243 1982; x_wconf 88' lang='lat' dir='ltr'>p.</span> <span class='ocrx_word' id='word_1_177' title='bbox 277 1928 372 1969; x_wconf 89' lang='lat' dir='ltr'>Chr.</span> <span class='ocrx_word' id='word_1_178' title='bbox 404 1927 465 1968; x_wconf 92' lang='lat' dir='ltr'>III</span> <span class='ocrx_word' id='word_1_179' title='bbox 498 1928 557 1968; x_wconf 89' lang='lat' dir='ltr'>eis</span> <span class='ocrx_word' id='word_1_180' title='bbox 590 1941 732 1977; x_wconf 71' lang='lat' dir='ltr'>usum,</span> <span class='ocrx_word' id='word_1_181' title='bbox 772 1927 1012 1968; x_wconf 88' lang='lat' dir='ltr'>imitatione</span> <span class='ocrx_word' id='word_1_182' title='bbox 1046 1926 1228 1968; x_wconf 84' lang='lat' dir='ltr'>fortasse</span> <span class='ocrx_word' id='word_1_183' title='bbox 1263 1927 1467 1968; x_wconf 86' lang='lat' dir='ltr'>Varronis</span> <span class='ocrx_word' id='word_1_184' title='bbox 1500 1927 1715 1981; x_wconf 88' lang='lat' dir='ltr'>Menippei</span> 
     </span>
     <span class='ocr_line' id='line_1_26' title="bbox 205 1995 1716 2049; baseline -0.001 -12"><span class='ocrx_word' id='word_1_185' title='bbox 205 1997 271 2037; x_wconf 91' lang='lat' dir='ltr'>vel</span> <span class='ocrx_word' id='word_1_186' title='bbox 303 1995 459 2038; x_wconf 83' lang='lat' dir='ltr'>Catulli</span> <span class='ocrx_word' id='word_1_187' title='bbox 493 1996 742 2036; x_wconf 87' lang='lat' dir='ltr'>amicorum.</span> <span class='ocrx_word' id='word_1_188' title='bbox 793 1995 1054 2037; x_wconf 82' lang='lat' dir='ltr'>conferenda</span> <span class='ocrx_word' id='word_1_189' title='bbox 1086 2009 1196 2048; x_wconf 88' lang='lat' dir='ltr'>quae</span> <span class='ocrx_word' id='word_1_190' title='bbox 1230 1996 1273 2036; x_wconf 91' lang='lat' dir='ltr'>in</span> <span class='ocrx_word' id='word_1_191' title='bbox 1304 1995 1542 2049; x_wconf 86' lang='lat' dir='ltr'>appendice</span> <span class='ocrx_word' id='word_1_192' title='bbox 1567 1995 1716 2036; x_wconf 79' lang='lat' dir='ltr'>Rutilii</span> 
     </span>
     <span class='ocr_line' id='line_1_27' title="bbox 205 2064 1019 2118; baseline -0.001 -12"><span class='ocrx_word' id='word_1_193' title='bbox 205 2064 452 2106; x_wconf 88' lang='lat' dir='ltr'>Namatiani</span> <span class='ocrx_word' id='word_1_194' title='bbox 482 2078 550 2118; x_wconf 79' lang='lat' dir='ltr'>pg.</span> <span class='ocrx_word' id='word_1_195' title='bbox 583 2068 636 2105; x_wconf 63' lang='lat'>4&amp;</span> <span class='ocrx_word' id='word_1_196' title='bbox 670 2068 769 2105; x_wconf 87' lang='lat' dir='ltr'>sunt</span> <span class='ocrx_word' id='word_1_197' title='bbox 800 2064 1019 2105; x_wconf 81' lang='lat' dir='ltr'>adnotata.</span> 
     </span>
    </p>

    <p class='ocr_par' dir='ltr' id='par_1_8' title="bbox 204 2132 1716 2392">
     <span class='ocr_line' id='line_1_28' title="bbox 320 2132 1716 2186; baseline 0 -13"><span class='ocrx_word' id='word_1_198' title='bbox 320 2133 454 2174; x_wconf 89' lang='lat' dir='ltr'>Porro</span> <span class='ocrx_word' id='word_1_199' title='bbox 476 2133 720 2174; x_wconf 89' lang='lat' dir='ltr'>tetrametri</span> <span class='ocrx_word' id='word_1_200' title='bbox 743 2133 985 2174; x_wconf 88' lang='lat' dir='ltr'>catalectici</span> <span class='ocrx_word' id='word_1_201' title='bbox 1001 2133 1194 2185; x_wconf 85' lang='lat' dir='ltr'>legitima</span> <span class='ocrx_word' id='word_1_202' title='bbox 1210 2132 1415 2174; x_wconf 89' lang='lat' dir='ltr'>incisione</span> <span class='ocrx_word' id='word_1_203' title='bbox 1433 2136 1716 2186; x_wconf 87' lang='lat' dir='ltr'>procreantur</span> 
     </span>
     <span class='ocr_line' id='line_1_29' title="bbox 204 2199 1715 2254; baseline -0.001 -12"><span class='ocrx_word' id='word_1_204' title='bbox 204 2199 485 2243; x_wconf 88' lang='lat' dir='ltr'>dimetrorum</span> <span class='ocrx_word' id='word_1_205' title='bbox 530 2201 657 2242; x_wconf 89' lang='lat' dir='ltr'>binae</span> <span class='ocrx_word' id='word_1_206' title='bbox 704 2201 890 2254; x_wconf 85' lang='lat' dir='ltr'>species,</span> <span class='ocrx_word' id='word_1_207' title='bbox 933 2215 1115 2254; x_wconf 86' lang='lat' dir='ltr'>quarum</span> <span class='ocrx_word' id='word_1_208' title='bbox 1158 2200 1398 2241; x_wconf 79' lang='lat' dir='ltr'>breviorem</span> <span class='ocrx_word' id='word_1_209' title='bbox 1441 2202 1589 2254; x_wconf 83' lang='lat' dir='ltr'>(quam</span> <span class='ocrx_word' id='word_1_210' title='bbox 1631 2202 1715 2242; x_wconf 86' lang='lat' dir='ltr'>iam</span> 
     </span>
     <span class='ocr_line' id='line_1_30' title="bbox 204 2266 1716 2324; baseline 0 -13"><span class='ocrx_word' id='word_1_211' title='bbox 204 2271 429 2324; x_wconf 86' lang='lat' dir='ltr'>usurpavit</span> <span class='ocrx_word' id='word_1_212' title='bbox 471 2270 653 2310; x_wconf 87' lang='lat' dir='ltr'>Alcaeus</span> <span class='ocrx_word' id='word_1_213' title='bbox 695 2270 797 2324; x_wconf 90' lang='lat'>[100</span> <span class='ocrx_word' id='word_1_214' title='bbox 831 2269 894 2324; x_wconf 75' lang='lat' dir='ltr'>R]</span> <span class='ocrx_word' id='word_1_215' title='bbox 928 2270 1012 2310; x_wconf 86' lang='lat' dir='ltr'>ita:</span> <span class='ocrx_word' id='word_1_216' title='bbox 1053 2266 1238 2324; x_wconf 74' lang='grc' dir='ltr'><em>ἀμμέσιν</em></span> <span class='ocrx_word' id='word_1_217' title='bbox 1274 2269 1511 2323; x_wconf 68' lang='grc' dir='ltr'>πεδάορον)</span> <span class='ocrx_word' id='word_1_218' title='bbox 1552 2269 1716 2323; x_wconf 89' lang='lat' dir='ltr'>primus</span> 
     </span>
     <span class='ocr_line' id='line_1_31' title="bbox 204 2338 1537 2392; baseline -0.001 -13"><span class='ocrx_word' id='word_1_219' title='bbox 204 2339 411 2380; x_wconf 86' lang='lat' dir='ltr'>Horatius</span> <span class='ocrx_word' id='word_1_220' title='bbox 445 2339 487 2379; x_wconf 90' lang='lat' dir='ltr'>iu</span> <span class='ocrx_word' id='word_1_221' title='bbox 519 2338 764 2392; x_wconf 84' lang='lat' dir='ltr'>systematis</span> <span class='ocrx_word' id='word_1_222' title='bbox 795 2338 918 2392; x_wconf 89' lang='lat' dir='ltr'>lyrici</span> <span class='ocrx_word' id='word_1_223' title='bbox 948 2341 1117 2391; x_wconf 87' lang='lat' dir='ltr'>partem</span> <span class='ocrx_word' id='word_1_224' title='bbox 1146 2338 1310 2391; x_wconf 88' lang='lat' dir='ltr'>recepit</span> <span class='ocrx_word' id='word_1_225' title='bbox 1340 2338 1409 2392; x_wconf 80' lang='lat' dir='ltr'>[IL</span> <span class='ocrx_word' id='word_1_226' title='bbox 1447 2338 1537 2392; x_wconf 52' lang='lat'>155}</span> 
     </span>
    </p>

    <p class='ocr_par' dir='ltr' id='par_1_9' title="bbox 698 2424 1229 2467">
     <span class='ocr_line' id='line_1_32' title="bbox 698 2424 1229 2467; baseline -0.002 -10"><span class='ocrx_word' id='word_1_227' title='bbox 698 2436 770 2458; x_wconf 88' lang='lat' dir='ltr'>non</span> <span class='ocrx_word' id='word_1_228' title='bbox 798 2425 888 2458; x_wconf 85' lang='lat' dir='ltr'>ebur</span> <span class='ocrx_word' id='word_1_229' title='bbox 913 2435 1031 2467; x_wconf 80' lang='lat' dir='ltr'>neque</span> <span class='ocrx_word' id='word_1_230' title='bbox 1058 2424 1229 2466; x_wconf 79' lang='lat' dir='ltr'>aureum3</span> 
     </span>
    </p>
   </div>
   <div class='ocr_carea' id='block_1_3' title="bbox 205 2497 1717 2963">
    <p class='ocr_par' dir='ltr' id='par_1_10' title="bbox 205 2497 1717 2963">
     <span class='ocr_line' id='line_1_33' title="bbox 205 2497 1717 2552; baseline -0.001 -12"><span class='ocrx_word' id='word_1_231' title='bbox 205 2513 303 2540; x_wconf 87' lang='lat' dir='ltr'>mox</span> <span class='ocrx_word' id='word_1_232' title='bbox 336 2498 538 2539; x_wconf 88' lang='lat' dir='ltr'>continuo</span> <span class='ocrx_word' id='word_1_233' title='bbox 571 2499 759 2540; x_wconf 86' lang='lat' dir='ltr'>carmine</span> <span class='ocrx_word' id='word_1_234' title='bbox 789 2498 1130 2552; x_wconf 86' lang='lat' dir='ltr'>posuitSeneca</span> <span class='ocrx_word' id='word_1_235' title='bbox 1164 2497 1566 2552; x_wconf 73' lang='lat' dir='ltr'>[Oed.882—914].</span> <span class='ocrx_word' id='word_1_236' title='bbox 1626 2497 1717 2538; x_wconf 93' lang='lat' dir='ltr'>lon-</span> 
     </span>
     <span class='ocr_line' id='line_1_34' title="bbox 207 2565 1716 2621; baseline -0.001 -13"><span class='ocrx_word' id='word_1_237' title='bbox 207 2568 368 2621; x_wconf 88' lang='lat' dir='ltr'>giorem</span> <span class='ocrx_word' id='word_1_238' title='bbox 402 2581 486 2608; x_wconf 91' lang='lat' dir='ltr'>non</span> <span class='ocrx_word' id='word_1_239' title='bbox 516 2567 596 2607; x_wconf 92' lang='lat' dir='ltr'>nisi</span> <span class='ocrx_word' id='word_1_240' title='bbox 631 2571 830 2608; x_wconf 83' lang='lat' dir='ltr'>auctores</span> <span class='ocrx_word' id='word_1_241' title='bbox 860 2567 1109 2608; x_wconf 89' lang='lat' dir='ltr'>ultimorum</span> <span class='ocrx_word' id='word_1_242' title='bbox 1139 2565 1410 2607; x_wconf 87' lang='lat' dir='ltr'>saeculorum</span> <span class='ocrx_word' id='word_1_243' title='bbox 1438 2565 1716 2616; x_wconf 85' lang='lat' dir='ltr'>admiserunt,</span> 
     </span>
     <span class='ocr_line' id='line_1_35' title="bbox 206 2634 1716 2688; baseline -0.002 -11"><span class='ocrx_word' id='word_1_244' title='bbox 206 2641 248 2677; x_wconf 90' lang='lat' dir='ltr'>et</span> <span class='ocrx_word' id='word_1_245' title='bbox 289 2636 421 2677; x_wconf 80' lang='lat' dir='ltr'>ferme</span> <span class='ocrx_word' id='word_1_246' title='bbox 466 2635 750 2676; x_wconf 82' lang='lat' dir='ltr'>alternantem</span> <span class='ocrx_word' id='word_1_247' title='bbox 793 2649 888 2676; x_wconf 89' lang='lat' dir='ltr'>cum</span> <span class='ocrx_word' id='word_1_248' title='bbox 928 2635 1104 2675; x_wconf 90' lang='lat' dir='ltr'>minore.</span> <span class='ocrx_word' id='word_1_249' title='bbox 1145 2660 1201 2664; x_wconf 91' lang='lat'>—</span> <span class='ocrx_word' id='word_1_250' title='bbox 1243 2637 1381 2674; x_wconf 87' lang='lat' dir='ltr'>restat</span> <span class='ocrx_word' id='word_1_251' title='bbox 1418 2647 1566 2675; x_wconf 88' lang='lat' dir='ltr'>versus</span> <span class='ocrx_word' id='word_1_252' title='bbox 1607 2634 1716 2688; x_wconf 82' lang='lat' dir='ltr'>ithy-</span> 
     </span>
     <span class='ocr_line' id='line_1_36' title="bbox 206 2702 1717 2758; baseline -0.001 -13"><span class='ocrx_word' id='word_1_253' title='bbox 206 2705 430 2758; x_wconf 77' lang='lat' dir='ltr'>phallicus‚</span> <span class='ocrx_word' id='word_1_254' title='bbox 463 2704 651 2757; x_wconf 87' lang='lat' dir='ltr'>tripodia</span> <span class='ocrx_word' id='word_1_255' title='bbox 684 2707 896 2753; x_wconf 79' lang='lat' dir='ltr'>constans,</span> <span class='ocrx_word' id='word_1_256' title='bbox 927 2717 1010 2756; x_wconf 91' lang='lat' dir='ltr'>quo</span> <span class='ocrx_word' id='word_1_257' title='bbox 1042 2703 1128 2743; x_wconf 88' lang='lat' dir='ltr'>iam</span> <span class='ocrx_word' id='word_1_258' title='bbox 1159 2702 1442 2743; x_wconf 83' lang='lat' dir='ltr'>Archilochus</span> <span class='ocrx_word' id='word_1_259' title='bbox 1473 2706 1515 2743; x_wconf 89' lang='lat' dir='ltr'>et</span> <span class='ocrx_word' id='word_1_260' title='bbox 1543 2702 1717 2755; x_wconf 78' lang='lat' dir='ltr'>Sappho</span> 
     </span>
     <span class='ocr_line' id='line_1_37' title="bbox 205 2770 1715 2826; baseline -0.002 -13"><span class='ocrx_word' id='word_1_261' title='bbox 205 2774 287 2823; x_wconf 77' lang='lat' dir='ltr'>nsi,</span> <span class='ocrx_word' id='word_1_262' title='bbox 329 2772 403 2814; x_wconf 86' lang='lat' dir='ltr'>sed</span> <span class='ocrx_word' id='word_1_263' title='bbox 450 2776 499 2813; x_wconf 92' lang='lat' dir='ltr'>ut</span> <span class='ocrx_word' id='word_1_264' title='bbox 524 2776 648 2826; x_wconf 87' lang='lat' dir='ltr'>parte</span> <span class='ocrx_word' id='word_1_265' title='bbox 680 2786 828 2813; x_wconf 83' lang='lat' dir='ltr'>versus</span> <span class='ocrx_word' id='word_1_266' title='bbox 858 2772 1064 2824; x_wconf 81' lang='lat' dir='ltr'>longioris</span> <span class='ocrx_word' id='word_1_267' title='bbox 1103 2772 1168 2825; x_wconf 83' lang='lat' dir='ltr'>[A.</span> <span class='ocrx_word' id='word_1_268' title='bbox 1203 2775 1254 2813; x_wconf 79' lang='lat'>79</span> <span class='ocrx_word' id='word_1_269' title='bbox 1278 2797 1289 2799; x_wconf 81' lang='grc'><strong>-</strong></span> <span class='ocrx_word' id='word_1_270' title='bbox 1317 2775 1391 2822; x_wconf 77' lang='grc'>82;</span> <span class='ocrx_word' id='word_1_271' title='bbox 1428 2773 1527 2822; x_wconf 83' lang='grc' dir='ltr'>ΙΟΟ;</span> <span class='ocrx_word' id='word_1_272' title='bbox 1561 2770 1599 2811; x_wconf 91' lang='lat' dir='ltr'>S.</span> <span class='ocrx_word' id='word_1_273' title='bbox 1632 2771 1715 2824; x_wconf 76' lang='grc'>84].</span> 
     </span>
     <span class='ocr_line' id='line_1_38' title="bbox 205 2839 1717 2894; baseline -0.001 -13"><span class='ocrx_word' id='word_1_274' title='bbox 205 2841 318 2881; x_wconf 87' lang='lat' dir='ltr'>idem</span> <span class='ocrx_word' id='word_1_275' title='bbox 352 2856 376 2881; x_wconf 87' lang='lat' dir='ltr'>a</span> <span class='ocrx_word' id='word_1_276' title='bbox 411 2841 589 2882; x_wconf 84' lang='lat' dir='ltr'>Graecis</span> <span class='ocrx_word' id='word_1_277' title='bbox 621 2854 700 2893; x_wconf 86' lang='lat' dir='ltr'>per</span> <span class='ocrx_word' id='word_1_278' title='bbox 738 2843 925 2894; x_wconf 88' lang='lat' dir='ltr'>systema</span> <span class='ocrx_word' id='word_1_279' title='bbox 966 2840 1191 2893; x_wconf 88' lang='lat' dir='ltr'>copulatus</span> <span class='ocrx_word' id='word_1_280' title='bbox 1236 2853 1330 2881; x_wconf 87' lang='lat' dir='ltr'>cum</span> <span class='ocrx_word' id='word_1_281' title='bbox 1375 2839 1572 2880; x_wconf 85' lang='lat' dir='ltr'>trimetro</span> <span class='ocrx_word' id='word_1_282' title='bbox 1612 2839 1717 2879; x_wconf 87' lang='lat' dir='ltr'>iam—</span> 
     </span>
     <span class='ocr_line' id='line_1_39' title="bbox 206 2907 1716 2963; baseline -0.002 -13"><span class='ocrx_word' id='word_1_283' title='bbox 206 2909 302 2950; x_wconf 91' lang='lat' dir='ltr'>bico</span> <span class='ocrx_word' id='word_1_284' title='bbox 335 2910 404 2963; x_wconf 84' lang='lat' dir='ltr'>[cf.</span> <span class='ocrx_word' id='word_1_285' title='bbox 430 2908 582 2950; x_wconf 88' lang='lat' dir='ltr'>Athen.</span> <span class='ocrx_word' id='word_1_286' title='bbox 608 2909 674 2959; x_wconf 85' lang='lat' dir='ltr'>VI,</span> <span class='ocrx_word' id='word_1_287' title='bbox 699 2909 811 2962; x_wconf 68' lang='lat'>253}</span> <span class='ocrx_word' id='word_1_288' title='bbox 865 2908 940 2949; x_wconf 87' lang='lat' dir='ltr'>sed</span> <span class='ocrx_word' id='word_1_289' title='bbox 972 2922 1067 2948; x_wconf 89' lang='lat' dir='ltr'>cum</span> <span class='ocrx_word' id='word_1_290' title='bbox 1100 2922 1177 2961; x_wconf 91' lang='lat' dir='ltr'>per</span> <span class='ocrx_word' id='word_1_291' title='bbox 1211 2922 1254 2949; x_wconf 90' lang='lat' dir='ltr'>se</span> <span class='ocrx_word' id='word_1_292' title='bbox 1278 2908 1382 2948; x_wconf 89' lang='lat' dir='ltr'>satis</span> <span class='ocrx_word' id='word_1_293' title='bbox 1406 2908 1462 2948; x_wconf 91' lang='lat' dir='ltr'>sit</span> <span class='ocrx_word' id='word_1_294' title='bbox 1484 2907 1716 2948; x_wconf 87' lang='lat' dir='ltr'>concinnus</span> 
     </span>
    </p>
   </div>
  </div>
 </body>
</html>
