1898 3292
249 226 329 263 35ss
838 235 955 261 nnmn
977 235 1164 268 QVAR'rvs.

363 335 519 377 Contra
563 336 680 377 nullo
720 340 848 390 pacto
893 341 1036 391 potest
1083 338 1282 387 tolerari,
1331 337 1444 390 quod
1489 338 1530 378 in
1572 338 1754 378 trimetri

248 405 450 458 dactylici
484 405 724 446 catalectici
758 406 874 446 exitu
905 406 1128 447 admisisse
1167 410 1347 459 putatur
1378 407 1587 447 Ausonius
1631 406 1753 462 [prof.

247 473 376 514 Burd.
414 477 476 524 11,
510 477 559 515 16
592 472 728 529 Soh.]:

750 531 894 565 sobrius
922 534 958 565 et
983 543 1179 575 puerorum

750 588 849 622 utilis
874 589 1040 633 ingeniis.

246 644 320 685 ubi
350 644 643 698 reponendum
676 645 742 686 vel
766 660 944 696 puerum
976 645 1041 686 vel
1067 659 1253 696 parvum.

361 713 494 754 Porro
528 713 657 754 elisae
685 714 727 754 in
757 712 840 754 fine
880 714 1062 754 trimetri
1102 714 1275 754 iambici
1309 714 1547 767 exemplum
1582 715 1752 761 vocalis,

247 782 393 834 qualia
421 781 537 822 haud
578 782 639 822 ita
676 796 815 835 pauca
855 782 1129 823 inveniunt-ur
1167 782 1281 835 apud
1314 783 1532 823 scaenicos
1566 784 1754 823 Graecos

246 850 344 891 inde
392 864 416 890 a
459 850 691 903 Sophocle,
738 864 820 891 non
869 851 1083 903 reperitur
1127 850 1241 903 apud
1289 850 1522 905 dactylicos
1568 852 1753 895 Latinos.

247 919 437 971 exceptis
479 919 691 959 nonnullis
733 919 837 959 locis
877 919 1230 969 christianorum,
1270 933 1365 969 nec„
1398 923 1446 960 ut
1475 923 1595 972 puto,
1639 920 1752 972 apud

245 987 476 1027 scaenicos.
1297 978 1300 979 ⁷

361 1054 445 1096 Sed
477 1055 562 1096 iam
594 1059 865 1096 transeamus
897 1056 950 1097 ad
988 1055 1206 1097 elisionem
1238 1056 1281 1096 in
1309 1055 1461 1097 ultima
1493 1070 1639 1097 versus
1673 1057 1753 1110 syl-

245 1123 346 1164 laba
378 1125 653 1166 evenientem.
717 1138 827 1178 quae
859 1138 986 1177 quam
1021 1124 1129 1166 dura
1167 1125 1223 1165 sit
1255 1124 1344 1165 visa
1376 1125 1546 1165 omnino
1579 1125 1754 1169 Latinis,

244 1192 343 1233 inde
371 1196 570 1246 apparet,
613 1193 728 1246 quod
760 1206 838 1234 nec
870 1193 1048 1234 Plautus
1081 1207 1174 1234 eam
1207 1193 1406 1234 adhibuit
1436 1194 1525 1234 sine
1558 1194 1755 1234 cautione

245 1264 288 1301 et
318 1261 543 1302 Terentius
573 1262 636 1302 ita
666 1266 855 1311 tantum,
898 1266 945 1303 ut
987 1266 1242 1315 sequeretur
1285 1266 1360 1302 aut
1398 1262 1639 1303 interiectio
1682 1266 1754 1303 aut

244 1342 479 1382 pronomen
510 1333 587 1371 hic.
641 1344 666 1371 a
692 1344 778 1383 qua
799 1344 947 1372 norma
980 1344 1090 1384 quae
1123 1329 1337 1381 differunt,
1369 1330 1635 1372 emendando
1658 1334 1756 1371 sunt

244 1396 447 1448 tollenda,
481 1397 885 1452 scribendumquest
915 1400 957 1440 in
990 1399 1151 1440 Andria
1185 1397 1298 1455 [950]
1346 1397 1438 1456 ‘flos
1471 1396 1754 1450 Pamphilesl’,

244 1466 287 1506 in
319 1465 575 1507 Phormione
624 1466 749 1523 [421]
803 1466 936 1509 ‘nohis
970 1465 1247 1518 Demisthost'‚
1298 1466 1424 1523 [742]
1484 1466 1631 1518 ‘quiris‘
1676 1482 1751 1508 non

245 1532 485 1583 obsecro’s',
522 1534 636 1591 [786]
683 1534 853 1577 ‘dadum
881 1533 1153 1587 opilulala's’,
1190 1540 1320 1589 atque
1351 1536 1454 1577 item
1489 1535 1603 1592 [965]
1634 1534 1754 1577 ‘bono

245 1600 451 1651 arzimo's’,
489 1607 580 1644 tum
613 1605 655 1644 in
686 1604 857 1659 Hecyra
891 1604 1005 1661 [681]
1053 1603 1244 1646 ‘nanctus
1276 1602 1521 1653 alteram's',
1554 1605 1595 1645 in
1629 1604 1754 1646 Adel-

243 1670 340 1724 phis
365 1669 479 1728 [394]
526 1671 605 1713 ‘m'l
632 1677 713 1714 nisi
743 1671 1003 1724 sapienlia's'
1040 1677 1082 1714 et
1103 1688 1233 1727 porro
1259 1672 1373 1730 [543]
1420 1672 1534 1724 ‘quin
1560 1680 1601 1714 tu
1623 1676 1754 1714 (me‘mo

244 1737 401 1779 bono's'
443 1744 486 1781 et
523 1740 626 1782 alibi
661 1740 775 1797 [989]
822 1740 950 1782 ‘vobis
975 1756 1062 1783 mea
1094 1746 1173 1783 vita
1206 1746 1335 1783 invisa
1367 1739 1642 1790 Aeschinesl',
1682 1740 1753 1782 de-

243 1807 372 1861 nique
394 1808 436 1849 in
463 1809 670 1852 Eunucho
705 1809 798 1867 [843
823 1809 920 1866 896]
967 1809 1087 1852 ‘bono
1119 1808 1307 1852 animo’s'
1345 1815 1387 1852 et
1412 1811 1571 1852 ibidem
1616 1807 1752 1861 ‘quam

245 1883 285 1916 lu
318 1890 401 1917 rem
435 1884 581 1919 actura
611 1878 849 1920 obsecrat-².
909 1880 953 1920 in
994 1879 1233 1921 hexametri
1277 1880 1420 1922 sedem
1455 1879 1649 1921 ultimam
1680 1880 1752 1933 qui

244 1945 497 1987 sustinuerit
526 1947 756 1989 admittere
789 1947 1007 1990 elisionem
1039 1962 1122 1989 non
1144 1950 1284 1990 inveni
1308 1949 1582 1990 classicorum
1607 1962 1751 2002 quem-

244 2026 372 2065 quam
403 2019 579 2068 praeter
609 2016 819 2058 Lucilium
854 2016 981 2073 [xm
1012 2021 1057 2069 73
1089 2018 1168 2058 inc.
1203 2017 1271 2074 31]
1312 2022 1353 2059 et
1381 2018 1621 2059 Horatium.
1683 2016 1752 2058 hic

242 2084 388 2123 tamen
428 2083 471 2124 in
507 2084 687 2126 Saturas
728 2086 899 2139 saepius
941 2099 1034 2127 eam
1077 2086 1256 2139 recepit,
1295 2087 1337 2127 in
1377 2086 1416 2127 II
1456 2085 1749 2140 Epistularum

242 2148 398 2191 librum
430 2166 676 2207 numquam.
738 2155 812 2196 sed
853 2154 967 2208 quod
998 2154 1106 2195 haec
1136 2154 1337 2208 leguntur
1369 2151 1601 2208 Vergilium
1636 2154 1750 2208 apud

245 2215 354 2275 [aent
382 2221 455 2272 IX,
488 2226 564 2273 573
602 2221 700 2278 440]
748 2226 790 2264 et
821 2223 969 2264 Silium
1004 2222 1091 2279 [1X,
1126 2221 1194 2279 35]
1236 2223 1279 2264 in
1323 2224 1441 2265 exitu
1482 2224 1609 2265 metri
1653 2222 1751 2266 ‘leuc

243 2291 429 2330 turbidus
461 2297 582 2341 atque
613 2288 730 2337 huss,
775 2288 889 2332 ‘hinc
916 2295 1132 2332 comminus
1160 2299 1280 2343 atque
1301 2290 1435 2342 hinc’,
1480 2291 1607 2334 ‘mile
1638 2298 1749 2334 ocius

242 2364 363 2408 alque
384 2357 531 2408 leunc',
569 2359 655 2400 iam
677 2373 810 2413 supra
832 2359 919 2401 dixi
941 2361 983 2401 in
1006 2360 1231 2413 particulis
1264 2375 1352 2412 que,
1377 2375 1433 2411 zie,
1457 2375 1507 2402 ne
1529 2366 1746 2403 extrusam

241 2428 284 2465 et
325 2425 515 2479 pedestri
555 2441 749 2469 sermone
791 2428 985 2469 ultimam
1025 2432 1229 2482 sequente
1271 2427 1418 2471 vocali.
1486 2444 1746 2484 quamquam

239 2507 292 2534 ne
322 2492 403 2535 hoc
426 2495 597 2548 quidem
622 2496 892 2549 quisquamst
913 2497 1107 2538 imitatus
1129 2498 1428 2551 posteriorum.
1479 2499 1626 2552 itaque
1660 2513 1746 2540 om-

239 2561 338 2602 nino
371 2562 444 2603 ubi
472 2563 515 2603 in
547 2563 786 2605 hexametri
819 2568 940 2606 sexta
971 2565 1083 2607 thesi
1113 2566 1198 2606 iam
1233 2565 1430 2607 adhibita
1461 2567 1515 2608 sit
1546 2567 1746 2622 synizesis

240 2642 323 2670 non
354 2630 523 2672 invenio
554 2636 729 2686 praeter
759 2633 872 2674 hunc
903 2647 1072 2675 versum
1096 2634 1272 2674 Ausonii
1306 2633 1517 2690 [technop.
1542 2635 1594 2676 de
1616 2635 1745 2676 litter.

238 2710 397 2739 monos.
422 2697 461 2755 3]
507 2693 609 2755 ‘fyzoc
633 2705 741 2751 quod
761 2705 967 2742 Aeolidem
991 2706 1178 2753 quodque
1206 2719 1222 2745 ε
1245 2706 1362 2751 valet,
1394 2707 1468 2744 hoc
1489 2706 1657 2744 Latiare
1686 2701 1744 2743 e'.

238 2769 283 2806 at
312 2768 495 2819 pessime
528 2767 660 2810 habet
691 2769 805 2822 quod
827 2770 868 2810 in
892 2769 1096 2811 Martiani
1118 2770 1228 2812 libro
1252 2770 1388 2812 altero
1412 2771 1529 2812 dedit
1551 2772 1744 2825 Koppius

239 2832 350 2887 [11st
381 2834 444 2890 5]:

510 2896 597 2926 tunc
626 2893 785 2927 candens
810 2896 937 2928 tenero
964 2895 1144 2938 glaciatur
1170 2906 1251 2929 rore
1279 2896 1406 2940 pruina
1434 2900 1470 2929 et

511 2951 690 2983 matutina
716 2962 847 2994 greges
874 2952 1043 2993 quatiunt
1068 2953 1100 2984 in
1130 2964 1262 2996 pascua
1290 2954 1421 2987 caulas.
