1898 3292
765 230 1040 256 PROHOEMIVM.
1601 225 1622 262 2
1630 225 1652 262 9

262 334 324 374 Ac
359 333 498 387 primo
542 332 712 386 quidem
754 333 848 373 loco
888 332 1101 374 audienda
1135 332 1397 374 Lachmanni
1428 335 1653 385 sententia,

148 402 221 455 qui
251 402 295 442 in
323 400 468 443 libello
500 400 746 442 academico
778 414 814 441 a.
841 404 948 442 1848
981 400 1096 443 edito
1126 404 1295 442 tantum
1325 400 1403 442 has
1435 402 1654 455 epistulas,

149 483 256 523 quas
293 469 469 511 Ovidius
503 470 592 510 Am.
624 469 682 520 ΙΙ,
718 472 767 510 18
796 472 1023 520 memorat,
1067 472 1246 522 excepta
1279 469 1478 523 Sapphus
1520 470 1655 523 ipsius

149 538 266 579 haud
297 537 426 579 dubie
449 550 541 578 esse
564 537 771 588 concedit,
806 540 956 578 contra
990 537 1098 587 VIII,
1130 537 1202 587 IX,
1239 537 1349 588 XIV,
1382 538 1492 589 XVI,
1523 538 1653 590 XVII,

148 607 250 647 XIX
282 605 335 646 ab
370 619 419 646 eo
451 605 652 658 seiungit,
693 605 744 646 de
776 605 930 646 ceteris
962 604 1167 646 iudicium
1196 605 1400 659 relinquit
1429 606 1472 646 in
1502 606 1654 648 medio.

149 674 346 728 equidem
377 687 461 715 non
493 674 663 727 ambigo
695 674 797 727 quin
829 673 1039 728 epistulae
1071 674 1187 724 XVI,
1222 674 1358 725 XVII,
1390 674 1491 715 XIX
1519 675 1572 716 ab
1606 690 1654 716 eo

147 747 264 784 recte
295 742 568 783 abiudicatae
591 743 676 783 sint
698 742 859 784 Ovidio.
903 756 1001 783 nam
1033 743 1075 782 in
1108 742 1224 783 hisce
1257 743 1413 796 singuli
1434 743 1654 784 inveniun-

147 816 219 853 tur
248 811 507 865 pentametri
537 810 679 852 verbis
709 810 937 864 plusquam
971 810 1192 865 disyllabis
1229 810 1337 851 finiti
1378 811 1513 865 [XVL
1548 815 1653 864 2883

148 880 280 930 XVII,
317 881 390 931 163
423 879 537 930 XIX,
569 879 683 933 202}
741 882 970 932 praeterea
1012 879 1053 919 in
1087 879 1207 922 XVII
1237 880 1328 934 [97]
1372 879 1506 920 habes
1547 880 1653 921 iam-

148 949 291 990 bicum
324 946 579 989 vocabulum
613 947 776 998 elisum,
809 947 923 1000 quod
951 948 1053 988 item
1076 947 1130 988 ab
1154 947 1292 989 Ovidii
1314 944 1394 988 usu
1416 947 1655 989 alienumst.

148 1030 287 1070 neque
320 1015 547 1070 epistulam
571 1015 681 1066 XIV,
712 1015 755 1056 id
788 1019 853 1056 est
874 1015 1221 1070 Hypermestrae,
1253 1016 1481 1069 quisquam
1503 1016 1655 1057 Ovidio

149 1099 200 1127 ac
232 1098 336 1126 sano
368 1084 540 1125 homine
570 1083 744 1138 putabit
775 1083 959 1137 dignam,
992 1097 1251 1138 quamquam
1281 1088 1552 1139 pentameter
1582 1085 1658 1126 tri-

149 1153 312 1209 syllabo
358 1153 613 1194 terminatus
653 1153 744 1207 [62]
787 1166 891 1203 quae
932 1159 1063 1193 tamen
1111 1156 1294 1193 externis
1342 1157 1481 1194 danda
1515 1158 1659 1204 forenl

147 1225 314 1274 yenerz's
342 1224 487 1262 utrum
521 1221 576 1262 sit
607 1222 796 1263 auctoris
819 1235 950 1262 necne
972 1222 1181 1262 incertum
1204 1221 1252 1262 fit
1273 1221 1506 1262 traditione
1528 1221 1658 1263 libro-

148 1305 265 1341 rum,
324 1302 453 1344 quam
505 1289 692 1331 viderest
747 1289 862 1343 apud
916 1289 1265 1331 Sedelmaierum.
1342 1289 1416 1330 sed
1468 1290 1582 1343 quod
1633 1304 1658 1332 a

150 1359 370 1412 Scaligero
393 1358 519 1399 eiecti
546 1361 646 1399 sunt
677 1371 825 1399 versus
858 1361 1066 1409 85-118,
1098 1357 1165 1399 vel
1195 1358 1292 1399 ideo
1314 1357 1658 1412 improbandum,

151 1428 252 1482 quia
286 1428 347 1468 sic
369 1426 555 1480 epistula
575 1426 651 1467 illa
673 1426 856 1468 circuitu
876 1425 927 1467 fit
946 1426 1080 1467 multo
1102 1426 1299 1468 breviore
1322 1440 1450 1479 quam
1474 1430 1659 1469 ceterae.

150 1510 201 1537 ac
222 1509 274 1537 ne
298 1508 369 1537 eos
392 1494 576 1548 quidem,
608 1495 681 1548 qui
705 1498 805 1536 sunt
824 1495 938 1537 inter
962 1498 1041 1537 109
1061 1498 1103 1536 et
1124 1498 1216 1546 118,
1247 1494 1478 1548 prioribus,
1502 1494 1657 1548 quibus

150 1564 348 1618 equidem
387 1563 499 1604 male
545 1563 742 1604 convenit
788 1577 883 1604 cum
926 1566 998 1615 28,
1044 1563 1178 1604 multo
1223 1563 1475 1617 ineptiores,
1525 1564 1659 1605 deleri

149 1646 277 1687 posse
300 1632 566 1673 demonstrat
596 1646 631 1672 V.
660 1634 751 1672 122.
782 1656 839 1661 —
870 1631 921 1672 de
943 1632 1117 1673 relicuis
1140 1631 1334 1685 epistulis
1356 1631 1470 1672 infra
1492 1636 1657 1685 agetur.

148 1701 191 1742 in
229 1700 385 1754 quibus
417 1699 697 1741 aestimandis
729 1699 1023 1751 Lachmanno,
1062 1703 1110 1741 ut
1143 1703 1185 1741 et
1216 1700 1323 1741 alias
1357 1699 1537 1751 factum,
1582 1701 1658 1741 ali-

151 1769 323 1823 quando
355 1767 572 1810 subtilitas
605 1768 738 1809 nimia
768 1767 850 1809 fuit
881 1767 1040 1819 fraudi,
1083 1768 1127 1809 id
1169 1768 1284 1822 quod
1317 1772 1359 1809 et
1389 1768 1658 1809 Bernhardio

150 1838 287 1879 visum
318 1836 376 1892 [h.
407 1837 433 1877 l.
464 1836 538 1877 lat.
569 1850 637 1891 pg.
668 1840 750 1879 493
783 1836 848 1878 ed.
882 1836 961 1890 III]
993 1840 1036 1877 et
1066 1836 1273 1878 Merkelio
1306 1836 1458 1890 [praef.
1492 1837 1530 1877 X
1564 1838 1657 1891 sq.].

149 1908 378 1960 praeterea
409 1905 448 1946 ei
479 1903 641 1956 offecit,
681 1904 795 1959 quod
825 1904 1014 1946 nondum
1045 1905 1205 1958 ubique
1238 1904 1290 1946 de
1321 1905 1555 1947 traditione
1586 1919 1659 1960 op-

149 1975 257 2015 tima
288 1972 527 2015 constabat.

263 2042 347 2084 Sed
390 2045 535 2083 cetera
566 2041 738 2095 quidem
770 2042 814 2082 in
843 2042 937 2095 ipso
969 2054 1098 2096 opere
1128 2041 1203 2082 ubi
1233 2054 1546 2095 persequamur
1577 2042 1660 2083 erit

149 2111 282 2152 locus.
329 2124 460 2152 unum
490 2124 603 2152 nunc
633 2114 820 2164 tangam,
854 2123 938 2163 quo
970 2123 1203 2161 monemur,
1225 2123 1278 2151 ne
1299 2110 1424 2152 nimis
1447 2113 1660 2152 sectemur

151 2179 354 2221 minutias
393 2192 498 2220 neve
539 2178 711 2220 excidat
752 2192 805 2220 ex
846 2178 987 2220 animo
1028 2182 1179 2233 poetas
1219 2192 1303 2220 non
1334 2179 1377 2219 in
1408 2193 1510 2220 usus
1543 2179 1659 2220 criti-

151 2262 317 2299 corum,
356 2247 432 2289 sed
471 2247 527 2288 ad
570 2247 829 2289 oblectanda
869 2247 1087 2289 hominum
1119 2246 1358 2288 liberaliter
1392 2247 1658 2288 eruditorum

149 2317 322 2370 ingenia
363 2328 618 2369 componere
658 2315 849 2357 carmina
896 2318 939 2357 et
983 2315 1169 2369 plurima
1217 2315 1370 2356 horum
1419 2315 1525 2356 artis
1575 2329 1659 2355 non

150 2384 402 2425 morositate
432 2387 776 2438 praeceptorum,
809 2383 885 2425 sed
915 2384 1061 2425 nativa
1093 2383 1308 2437 elegantia
1339 2384 1581 2437 temperari.

267 2451 440 2493 Scilicet
467 2452 768 2494 Lachmannus
801 2466 895 2493 cum
927 2455 1210 2494 memorasset
1239 2452 1282 2492 in
1312 2452 1497 2506 epistula
1518 2451 1659 2493 Herus

152 2520 275 2575 [170]
317 2524 419 2561 nihil
454 2520 722 2575 pyrrichiace
763 2520 952 2574 positum
988 2524 1037 2561 ut
1079 2520 1265 2561 alienum
1309 2520 1364 2561 ab
1397 2520 1535 2561 Ovidii
1567 2534 1658 2571 usu,

153 2588 311 2642 quippe
343 2589 416 2641 qui
447 2602 616 2643 semper
644 2589 899 2642 produxerit
926 2589 970 2629 in
1002 2601 1051 2629 eo
1083 2588 1291 2639 ultimam,
1324 2588 1391 2629 cui
1422 2591 1566 2628 tamen
1597 2588 1659 2629 rei

153 2656 392 2697 firmandae
423 2656 619 2710 exempla
648 2670 733 2698 non
764 2657 860 2711 plus
882 2657 969 2698 tria
991 2656 1148 2707 attulit,
1180 2656 1266 2697 iam
1288 2655 1520 2697 Merkelius
1543 2658 1659 2697 recte

152 2725 317 2765 notavit
355 2738 439 2766 uno
471 2739 522 2766 ex
554 2725 756 2766 Tristium
800 2725 921 2766 libris
961 2724 1171 2766 versiculo
1215 2724 1282 2778 [V,
1316 2727 1352 2775 8,
1385 2724 1428 2777 2]
1460 2727 1660 2777 correpta

151 2792 269 2833 finali
301 2792 496 2834 adhiberi
526 2796 638 2835 nihil.
691 2793 765 2834 sed
799 2797 841 2834 et
870 2792 984 2834 hunc
1015 2793 1125 2833 alter
1156 2791 1347 2833 eiusdem
1379 2791 1520 2845 operis
1551 2791 1661 2845 fugit

152 2874 300 2902 versus
335 2861 424 2915 [1V‚
459 2864 496 2912 8,
529 2861 619 2915 38],
658 2861 701 2902 in
743 2874 827 2914 quo
872 2874 1008 2914 aeque
1039 2860 1261 2902 breviatur
1288 2859 1451 2900 ultima.
1511 2860 1659 2913 itaque

153 2932 335 2982 apparet
378 2928 517 2970 Ovidii
558 2929 798 2982 exemplum
838 2928 945 2970 illud
987 2929 1103 2983 [met.
1136 2928 1193 2978 X,
1229 2928 1330 2981 520]
1372 2926 1430 2967 ‘et
1461 2931 1564 2969 m'lzil
1602 2934 1660 2968 est
