1898 3292
958 882 1030 933 Π.

674 1001 810 1052 LIB
831 1000 930 1051 ER
982 1000 1111 1052 l‘Rl
1137 998 1318 1051 MVS.

327 1215 402 1256 DE
436 1215 653 1257 STVDHS
688 1214 994 1256 POETARVM
1026 1213 1358 1255 LATINORVM
1393 1214 1667 1255 METRICIS.

355 1318 651 1372 Antiquissimi
687 1318 867 1358 Romani
906 1321 1044 1358 metro
1084 1318 1149 1359 usi
1189 1320 1288 1358 sunt
1329 1318 1534 1358 saturnio.
1595 1318 1637 1358 in
1670 1331 1754 1370 quo

242 1387 493 1428 adornando
527 1401 789 1440 quamquam
822 1387 1031 1428 hactenus
1064 1387 1124 1427 eis
1149 1386 1347 1427 convenit
1369 1400 1464 1427 cum
1488 1386 1753 1427 Graecorum

240 1470 366 1497 versu
397 1456 583 1507 heroico⁷
617 1455 731 1509 quod
766 1455 998 1509 utrobique
1031 1469 1149 1497 arses
1182 1459 1465 1496 numerantur
1496 1469 1582 1505 sex,
1615 1455 1754 1509 dupli-

241 1530 337 1566 cato
369 1538 546 1566 numero
579 1525 787 1575 ternaria
831 1525 903 1578 qui
944 1525 1184 1578 antiquitus
1215 1523 1297 1565 fuit
1326 1538 1467 1575 sacer,
1499 1528 1643 1564 tamen
1675 1538 1753 1578 pro

243 1594 493 1635 diversitate
543 1594 716 1647 linguae
766 1594 975 1634 iambicos
1021 1593 1354 1646 trochaicosque
1400 1607 1619 1643 numeros,
1670 1607 1753 1634 non

240 1662 475 1716 dactylicos
508 1662 909 1716 anapaesticosque,
944 1661 1193 1703 adhibuere.
1245 1676 1431 1715 namque
1454 1662 1618 1715 species
1641 1662 1754 1702 illius

238 1731 346 1772 haec
377 1734 465 1772 est:

733 1797 984 1828 o-'uLuLu
1014 1791 1016 1843 Ι
1045 1796 1263 1828 LoLoLo

570 1869 706 1903 malum
731 1869 872 1903 dabunt
894 1868 1038 1903 Metelli
1069 1870 1071 1913 1
1103 1868 1243 1903 Naevio
1268 1872 1412 1913 poetae.

237 1974 376 2014 neque
409 1960 599 2001 dubitari
640 1964 801 2015 potest,
845 1961 969 2015 siqua
1010 1961 1096 2002 alia
1132 1960 1252 2002 fuere
1290 1965 1429 2002 metra
1460 1962 1751 2003 vetustissime

237 2033 432 2083 tempore
465 2029 580 2083 apud
612 2029 800 2081 Latinos,
830 2030 897 2070 vel
928 2030 1116 2071 iambica
1148 2030 1280 2072 fuisse
1312 2030 1378 2071 vel
1408 2031 1642 2072 trochaica.

356 2099 478 2139 Anno
510 2101 653 2140 autem
685 2112 721 2140 a.
755 2098 850 2140 Chr.
881 2098 1022 2140 CCXL
1053 2099 1198 2140 Livius
1229 2099 1498 2141 Andronicus
1538 2113 1633 2141 cum
1665 2099 1752 2153 pri—

239 2181 350 2208 mus.
375 2167 592 2208 docuisset
631 2167 824 2208 fabulam
865 2182 886 2208 0
928 2167 1095 2209 Graeco
1134 2182 1321 2219 versam,
1371 2172 1511 2209 metra
1550 2169 1752 2222 usurpari

238 2239 338 2277 sunt
379 2239 534 2290 coepta
573 2237 773 2277 scaenica
804 2237 1089 2288 Graecorum,
1131 2237 1204 2278 sed
1245 2251 1328 2278 non
1361 2237 1451 2278 sine
1482 2237 1658 2278 licentia
1688 2237 1752 2277 in—

239 2305 557 2358 elegantiaque,
590 2305 760 2358 qualem
793 2309 991 2360 tempora
1021 2319 1175 2359 parum
1207 2305 1322 2347 culta
1353 2306 1674 2359 permittebant.

354 2384 491 2426 Fuere
525 2388 669 2426 autem
692 2385 766 2426 illa
798 2385 996 2437 iambica,
1029 2386 1263 2437 trochaica,
1295 2385 1544 2437 bacohiaca,
1579 2387 1750 2436 cretica⁷

239 2453 529 2507 anapaestica.
581 2453 892 2508 dactylicorum
923 2454 1110 2508 primum
1133 2455 1348 2496 invenitur
1371 2454 1611 2508 exemplum
1636 2455 1750 2509 apud

238 2522 420 2562 Ennium
452 2522 495 2562 in
526 2522 753 2575 tragoedia
782 2523 1001 2577 [30-—33].
1055 2537 1106 2564 ex
1133 2523 1199 2564 his
1221 2522 1501 2574 nobilissima,
1535 2524 1750 2564 senarium

239 2590 473 2631 iambicum
506 2593 548 2631 et
580 2590 846 2632 trochaicum
880 2592 1190 2645 septenarium,
1217 2592 1302 2632 iam
1335 2592 1480 2645 aliquo
1512 2591 1643 2633 fuisse
1671 2606 1751 2633 usu

239 2658 353 2712 apud
395 2659 611 2699 Romanos
657 2663 756 2700 ante
796 2659 961 2701 Livium
1007 2660 1086 2701 etsi
1134 2674 1218 2701 non
1265 2664 1409 2714 potest
1451 2660 1750 2708 demonstrari,

238 2741 321 2768 non
353 2730 500 2768 tamen
531 2730 650 2768 caret
681 2727 991 2780 probabilitate
1024 2728 1224 2781 quadam.

355 2808 511 2848 Versus
542 2807 761 2848 saturnius
794 2811 893 2860 post
926 2808 1128 2849 emissum
1151 2807 1267 2849 circa
1289 2822 1325 2849 a.
1350 2808 1414 2849 CC
1438 2822 1463 2849 a
1485 2808 1555 2849 Cn.
1586 2808 1747 2849 Naevio

237 2875 396 2916 1101111111
428 2876 635 2917 Punicum
676 2875 802 2917 editis
835 2876 1074 2918 Annalibus
1108 2877 1313 2918 Ennianis
1346 2880 1387 2918 et
1419 2880 1676 2929 augescente
1707 2877 1749 2917 in

237 2943 328 2985 dies
362 2945 505 2985 studio
534 2945 779 2986 litterarum
802 2944 1067 2986 Graecarum
1092 2946 1176 2987 cito
1200 2949 1450 2999 contemptu
1473 2950 1515 2986 et
1537 2945 1749 2986 oblivione
