1898 3292
248 183 326 220 18ss
828 188 947 212 mnan
966 188 1176 213 SECVNDVS.

236 296 400 344 furiose
445 289 649 342 loquere'.
719 291 863 345 priore
910 290 1183 331 recidendum
1236 290 1431 331 existimo
1476 289 1581 331 illud
1627 297 1750 337 tonat,

244 360 357 414 quod
389 374 440 401 ex
470 364 675 414 sequente
708 363 870 401 volandi
902 359 1031 400 verbo
1062 359 1230 400 videtur
1261 363 1413 400 ortum.
1470 372 1568 400 nam
1600 359 1752 412 nequis

244 433 286 470 et
317 429 623 483 praecedentia
650 428 782 470 verba
813 428 998 478 damnet,
1030 442 1080 469 ea
1111 442 1157 469 re
1187 427 1453 481 prohibetur,
1484 427 1610 480 quod,
1642 427 1752 468 haec

244 499 278 539 si
310 497 567 550 dempseris,
607 498 650 538 in
696 496 976 550 sequentibus
1019 496 1064 537 id
1104 497 1244 550 ipsum
1286 495 1605 537 desiderabitur
1638 496 1753 549 quod

243 566 394 607 adesse
426 566 597 607 omnino
629 580 736 619 opus
769 569 850 615 est,
894 579 989 606 cum
1031 578 1115 605 non
1148 565 1383 606 communis
1415 565 1635 606 hominum
1666 564 1752 605 for-

244 639 372 675 tunae
404 634 592 675 varietas
623 634 942 687 perstringatur
972 633 1055 674 isto
1088 633 1273 684 cantico,
1316 633 1391 674 sed
1423 647 1571 674 eorum
1604 633 1677 686 qui
1709 633 1752 673 in

241 703 422 756 imperio
454 706 553 744 sunt
582 702 724 756 positi.
755 727 811 732 —
843 706 888 743 at
918 703 960 743 in
990 702 1174 756 septima
1204 701 1354 743 fabula
1386 716 1483 743 cum
1512 701 1665 743 Medea
1697 700 1752 742 ad

243 772 469 813 Creontem
502 771 562 812 sic
592 770 726 812 verba
756 770 928 812 fecisset
960 771 1101 826 [199]:

587 862 648 907 qui
676 862 805 896 statuit
829 861 966 906 aliquid
992 864 1097 905 parte
1123 861 1436 904 inauditaraltera,

586 931 743 964 aequum
768 919 857 953 licet
881 919 1063 962 statuerit,
1090 918 1189 952 haud
1214 929 1352 963 aequus
1378 918 1456 960 fuit,

244 999 465 1041 credidere
495 999 692 1054 plerique
727 1014 821 1042 eum
853 1001 915 1042 sic
946 999 1237 1054 respondisse:

587 1091 733 1126 auditus
759 1104 779 1125 a
804 1095 840 1126 te
865 1090 967 1126 Pelia
991 1091 1214 1136 supplicium
1239 1091 1333 1125 tulit.

244 1172 359 1226 quod
390 1172 584 1226 ineptum
615 1186 708 1214 esse
739 1186 791 1213 ne
823 1172 862 1213 ei
892 1171 1064 1225 quidem
1092 1171 1327 1225 negabunt,
1359 1171 1431 1224 qui
1462 1185 1539 1224 per
1570 1172 1753 1213 interro-

244 1242 460 1294 gationem
508 1241 725 1295 prolatum
773 1255 866 1282 esse
912 1241 1226 1282 existimarunt.
1299 1239 1401 1293 quid
1449 1240 1560 1280 enim
1573 1241 1592 1280 ἶ)
1653 1254 1754 1280 num

244 1310 422 1351 Medeae
454 1314 502 1352 ut
532 1310 664 1351 iudici
694 1309 777 1350 suit
807 1309 988 1363 supplex
1020 1309 1170 1350 Pelia?
1211 1309 1340 1350 11111110
1372 1309 1466 1362 ipsa
1495 1308 1549 1349 ad
1573 1308 1754 1349 clemen-

246 1379 351 1420 tiam
381 1380 494 1430 eius,
541 1392 801 1432 quamquam
842 1392 920 1432 per
961 1378 1105 1418 dolum
1149 1381 1191 1418 et
1233 1381 1280 1418 ut
1325 1377 1522 1418 fraudem
1555 1380 1754 1427 strueret,

245 1447 448 1500 confugit.
500 1461 639 1501 neque
672 1447 817 1488 decuit
847 1447 990 1488 Peliae
1021 1446 1205 1488 hominis
1234 1446 1432 1487 scelerati
1454 1446 1753 1495 innocentiam,

245 1530 356 1570 quae
389 1516 507 1557 nulla
531 1515 623 1567 fuit,
656 1516 816 1566 extolli,
847 1530 994 1556 verum
1016 1514 1341 1568 indulgentiam,
1375 1528 1461 1568 qua
1492 1529 1594 1555 usus
1627 1518 1692 1555 est
1712 1515 1755 1555 in

245 1585 454 1635 Medeam,
487 1584 695 1626 damnari.
757 1584 832 1626 sed
864 1597 950 1625 una
980 1584 1170 1625 litterast
1199 1587 1438 1637 peccatum.
1499 1584 1658 1637 quippe
1689 1597 1754 1624 re-

243 1653 509 1706 ponendum:

590 1721 690 1756 audit
716 1725 767 1766 ut,
795 1734 815 1756 a
840 1725 876 1756 te
903 1720 1006 1756 Pelia
1031 1720 1254 1766 supplicium
1278 1720 1373 1754 tulit.

243 1802 428 1855 primum
460 1805 604 1844 autem
635 1802 788 1844 merito
820 1802 960 1843 10011111
993 1801 1158 1855 optinet
1188 1800 1293 1842 illud
1327 1804 1455 1850 audit,
1488 1801 1687 1854 quoniam
1712 1801 1754 1841 in

246 1885 295 1912 eo
336 1871 575 1912 sententiae
611 1885 778 1912 summa
820 1871 1014 1912 vertitur.
1054 1896 1110 1901 —
1151 1884 1250 1911 mox
1285 1870 1328 1910 in
1370 1869 1519 1912 eodem
1566 1869 1754 1911 carmine

246 1953 341 1981 cum
381 1940 508 1981 Iason
549 1939 728 1981 dixisset
770 1940 890 1995 [516]
934 1938 1049 1980 ‘hinc
1078 1953 1156 1980 rea:
1197 1945 1234 1980 et
1274 1936 1425 1988 illinc’,
1464 1939 1572 1980 haec
1611 1937 1754 1980 reddi-

245 2007 358 2049 disse
391 2011 637 2050 statuerunt
667 2008 888 2050 Medeam:

865 2102 921 2134 est
945 2101 983 2134 et
1006 2098 1062 2133 his
1086 2099 1204 2133 maior
1231 2101 1351 2133 metus

588 2156 731 2191 Medea.
781 2168 847 2191 nos
874 2156 1073 2201 confligere
1101 2159 1295 2191 certemus.
1344 2157 1432 2191 sine.

589 2215 636 2249 sit
660 2214 821 2259 pretium
844 2214 966 2248 lason.

246 2296 288 2335 in
320 2295 387 2335 his
420 2298 566 2336 Medea
598 2295 700 2348 quin
731 2295 874 2348 inepte
906 2293 1068 2335 habeat
1099 2307 1183 2335 non
1215 2293 1451 2334 dubitatur.
1503 2307 1640 2346 neque
1663 2306 1754 2333 con-

241 2366 388 2414 fliyere
419 2370 617 2404 certemus
649 2367 725 2405 aut
757 2377 782 2404 a
803 2363 1016 2404 sententia
1038 2366 1114 2404 aut
1135 2376 1160 2403 a
1181 2365 1319 2403 metro
1343 2365 1545 2403 sanumst.
1594 2364 1754 2414 quanto

248 2431 400 2472 melius
430 2431 654 2473 habebunt
684 2435 732 2472 ut
760 2434 868 2485 puta
897 2430 1023 2472 talia:

806 2525 862 2556 est
888 2525 925 2557 et
948 2522 1004 2556 his
1029 2522 1145 2556 maior
1168 2525 1298 2556 metus.

589 2579 748 2614 medere.
788 2592 854 2613 nos
876 2579 1076 2624 confligere
1101 2579 1281 2614 ardemus.
1318 2579 1405 2615 sine.

590 2638 638 2671 sit
661 2637 822 2681 pretium
847 2636 967 2671 Iason.

247 2731 385 2770 neque
408 2718 549 2758 verius
572 2720 637 2758 est
663 2716 747 2758 illis
770 2716 884 2770 quod
905 2716 949 2757 in
972 2717 1289 2770 Agamemnone
1312 2716 1373 2757 510
1395 2715 1622 2757 exhibetur
1643 2715 1753 2755 libro

246 2785 494 2827 Florentino
525 2785 667 2840 [735]:

866 2865 973 2896 quem
999 2853 1093 2897 petit
1113 2853 1243 2887 dextra
1268 2853 1385 2886 virum

593 2910 764 2946 Lacaena
786 2911 889 2945 vultu
915 2910 1052 2944 serrum
1071 2910 1315 2945 Amazonium
1341 2909 1497 2955 gerens?
