1898 3292
746 213 865 239 MBER
884 213 1073 245 QVARTVS.
1581 205 1602 242 “0¹
1610 207 1630 242 ξι
1639 206 1659 242 3

429 327 507 349 sors
534 316 677 350 exitura
702 319 739 349 et
763 327 827 349 nos
855 317 889 349 in
918 319 1107 349 aeternum

430 373 580 406 exilium
603 373 806 416 inpositura
833 373 996 407 cumbae.

431 441 513 463 cum
538 441 628 473 pace
654 429 858 463 delabentis
884 429 1082 462 Etruscum

429 487 466 519 in
491 498 601 529 mare,
618 476 726 519 'nunc
753 486 894 530 lapides
921 485 1059 519 adesos.

273 568 411 619 Atque
450 565 520 606 hic
560 565 735 607 elisione
776 565 853 607 tali
892 579 975 606 non
1015 566 1151 606 utitur
1193 565 1274 605 nisi
1320 564 1448 618 longa
1496 565 1661 619 syllaba

156 635 454 689 praecedente,
490 634 603 687 quod
636 635 677 674 in
711 634 865 675 Catulli
898 634 1114 688 sapphicis
1146 647 1268 674 secus
1300 633 1443 674 habet.

271 703 539 756 Intellegitur
571 707 713 743 autem
747 702 905 743 nullum
935 703 977 743 in
999 703 1080 743 tine
1104 702 1307 755 strophae
1330 702 1394 742 vel
1417 704 1662 756 systematis

156 772 293 812 locum
338 772 439 812 huic
480 771 742 824 exceptioni,
785 785 912 824 quam
946 771 1013 811 vix
1058 785 1082 811 a
1121 771 1299 811 Graecis
1344 784 1545 823 umquam
1589 773 1662 812 ad-

156 842 328 881 missam
375 839 526 879 credas
570 839 639 893 [cf.
674 839 847 880 Christii
875 844 996 879 metr.
1031 853 1096 892 pg.
1134 839 1242 892 104]
1316 853 1413 880 nain
1461 840 1574 892 quod
1621 841 1661 880 in

159 908 327 949 Horatii
358 907 481 948 libris
517 907 774 960 quibusdam
806 907 964 960 legitur
996 908 1048 961 [c.
1082 907 1133 957 11,
1169 911 1232 953 13,
1263 915 1287 948 ό
1321 908 1428 960 sqsj:

430 987 597 1030 hospitis.
648 987 707 1020 ille
736 998 875 1020 venena
901 986 1075 1020 Colchica
1406 978 1409 979 ⁷

431 1049 468 1077 et
494 1043 671 1087 quidquid
698 1055 851 1087 usquam
877 1044 1086 1086 concipitur
1112 1044 1222 1086 nefas,

157 1114 256 1154 olim
290 1112 560 1153 sublatumst.

274 1181 429 1222 Verum
455 1184 552 1234 post
578 1180 747 1221 Horatii
772 1185 942 1234 tempus
967 1185 1145 1234 propter
1168 1181 1402 1236 synapliiae
1426 1187 1662 1223 cessantem

158 1264 280 1291 usum
318 1250 479 1290 frustra
524 1249 760 1302 quaesieris
801 1249 948 1289 elisam
992 1249 1034 1289 in
1067 1251 1310 1303 systematis
1343 1250 1486 1303 lyricis
1518 1264 1665 1291 versus

157 1318 350 1359 ultimam
383 1316 603 1371 syllabam.

270 1386 452 1426 Multum
496 1388 638 1426 autem
681 1384 735 1425 ab
775 1385 857 1426 hac
898 1386 1151 1439 exceptione
1190 1386 1395 1427 differunt
1426 1386 1664 1427 hexametri

158 1455 337 1509 synizesi
368 1454 478 1495 nexi.
540 1453 591 1494 de
624 1453 780 1506 quibus
810 1458 857 1494 ut
888 1468 966 1493 nes·-
1000 1454 1236 1505 Wagnerus
1269 1454 1340 1509 [asl
1375 1455 1498 1506 Yerg.
1523 1469 1664 1508 georg.

158 1524 209 1574 II,
243 1523 314 1577 69]
346 1536 424 1563 nec
455 1522 754 1563 Lachmannus
786 1523 829 1576 [p
872 1523 944 1575 Sl]
977 1523 1081 1563 satis
1113 1527 1230 1564 recte
1262 1523 1527 1576 firmiterque
1557 1523 1665 1564 iudi-

159 1596 318 1641 carent,
350 1591 448 1632 inde
471 1591 622 1640 evenit,
655 1590 768 1643 quod
802 1591 970 1643 fugerat
1006 1595 1237 1644 utrumque
1270 1592 1520 1632 hexameter
1542 1591 1664 1632 (jani-

157 1659 298 1701 machi
331 1663 373 1700 et
403 1659 495 1712 ipse
531 1659 928 1713 hypercatalectus,
969 1660 1042 1713 qui
1072 1660 1230 1713 legitur
1260 1660 1302 1700 in
1335 1661 1424 1701 eius
1455 1661 1665 1714 epigram-

158 1733 272 1770 mate
304 1727 385 1769 hoc
417 1727 530 1782 [43]:

388 1813 497 1861 ’ἥμισύ
520 1830 585 1861 μευ
611 1820 729 1862 ψυχῆς
755 1816 805 1851 ἔτι
831 1816 870 1852 τὸ
898 1817 1021 1852 πνέον.
1050 1814 1159 1862 ἥμισυ
1186 1815 1214 1853 δ’
1242 1815 1309 1853 οὐκ
1337 1816 1407 1853 οἷὸ’

389 1872 450 1909 εἴτ’
478 1872 591 1919 ’Ἔρος
617 1872 677 1909 εἴτ’
709 1872 822 1919 Ἀίὸης
850 1871 998 1918 ἥρπασε,
1026 1873 1122 1920 πλὴν
1149 1873 1303 1918 ἀφανές.

160 1957 275 2011 quod
307 1970 401 1998 cum
433 1956 495 1996 ita
526 1956 592 2006 sit,
624 1969 708 1996 non
738 1960 880 2009 potest
913 1955 1115 2004 dubitari,
1151 1957 1252 2009 quin
1280 1956 1666 1998 Alexandrinorum

160 2025 446 2066 aemulatione
469 2028 511 2065 et
540 2037 673 2077 prave
702 2024 919 2065 intellecto
950 2024 1023 2065 illo
1056 2023 1253 2079 εὐρύοπα
1277 2030 1369 2081 Ζῆν
1399 2024 1469 2079 [of.
1493 2024 1667 2065 Christii

161 2097 281 2135 metr.
304 2107 372 2147 pg.
399 2093 510 2147 190],
544 2092 658 2146 quod
689 2096 756 2134 ter
789 2092 903 2146 apud
936 2092 1181 2143 Homerum,
1214 2093 1345 2134 semel
1377 2093 1490 2147 apud
1520 2093 1665 2134 Hesio-

161 2163 260 2203 dum
292 2161 507 2202 invenitur
538 2161 580 2201 in
611 2160 693 2202 fine
725 2175 873 2202 versus
904 2165 1109 2215 sequente
1141 2161 1278 2203 vocali
1321 2162 1378 2216 [il.
1414 2161 1528 2211 VIII,
1562 2165 1666 2213 2063

161 2230 277 2281 XIV,
310 2233 413 2281 2653
453 2228 612 2279 XXIV,
646 2233 750 2281 3313
788 2229 988 2283 theogon.
1023 2230 1147 2284 884],
1198 2230 1439 2271 hexametri
1491 2230 1668 2270 elisione

161 2298 297 2340 iuncti
349 2297 569 2339 evenerint
614 2297 729 2351 apud
776 2298 1015 2348 Romanos,
1067 2298 1172 2339 illud
1222 2299 1367 2352 potius
1418 2302 1466 2338 ut
1512 2297 1669 2338 debeat

162 2366 336 2420 quaeri,
383 2379 569 2419 quanam
616 2366 891 2407 excusatione
937 2370 1052 2407 stent
1096 2366 1435 2421 hypercatalecti
1483 2366 1667 2407 trimetri

161 2435 425 2487 tragicorum
459 2434 735 2475 Graecorum.
797 2434 952 2487 quibus
997 2434 1156 2476 similes
1198 2448 1346 2476 versus
1387 2434 1501 2487 quod
1532 2434 1666 2474 Lach-

163 2516 343 2543 mannus
373 2502 528 2543 tribuit
558 2502 757 2543 Terentio
788 2507 831 2543 et
859 2502 1058 2553 Pacuvio,
1089 2517 1174 2544 non
1204 2503 1391 2556 probata
1422 2516 1490 2543 res
1513 2502 1669 2542 Bothio

163 2575 206 2612 et
232 2570 518 2612 Fleckeiseno.
571 2570 646 2612 sed
676 2575 724 2611 ut
753 2571 927 2612 redeam
957 2571 1000 2611 in
1031 2572 1156 2622 viam,
1189 2585 1282 2613 cum
1318 2571 1576 2612 scholastica
1606 2571 1668 2610 in-

165 2643 361 2692 eptorum
384 2638 676 2692 exemplorum
706 2639 945 2680 imitatione
968 2643 1087 2680 ortus
1109 2640 1165 2681 sit
1187 2654 1289 2681 usus
1320 2639 1668 2680 hexametrorum

163 2721 370 2748 nexorum
402 2707 666 2761 synhaeresi,
708 2707 890 2760 perdent
921 2707 1060 2748 oleum
1092 2712 1135 2749 et
1166 2721 1358 2761 operam,
1391 2707 1463 2759 qui
1493 2706 1669 2748 ludibrii

164 2774 323 2816 inficeti
365 2774 565 2828 suptilius
607 2775 897 2828 computarint
936 2776 1137 2817 rationes.
1200 2788 1333 2827 quare
1377 2774 1490 2827 quod
1534 2774 1668 2814 Lach-

166 2857 345 2883 mannus
387 2842 461 2883 illa
501 2843 679 2897 synizesi
718 2858 846 2884 unum
890 2848 1069 2884 metrum
1114 2858 1135 2884 e
1175 2844 1341 2884 <luobus
1373 2843 1474 2882 oriri
1504 2843 1668 2892 statuit,

166 2924 248 2951 non
279 2925 450 2964 possum
483 2912 519 2951 ei
553 2911 775 2952 accedere.
814 2913 997 2964 primum
1036 2912 1137 2964 quia
1171 2912 1327 2951 iniecto
1359 2911 1433 2950 tali
1467 2911 1669 2951 turbatur

233 2990 265 3016 L.
284 2990 472 3022 Muelle115
497 2991 541 3015 De
561 2998 582 3016 ι’.
602 2998 638 3016 m,
658 2998 685 3021 p.
704 2991 735 3016 L.
1350 2979 1395 3011 ‘23
