1898 3292
699 246 819 272 LIBER
838 245 1037 271 SEPTIMVS.
1534 237 1586 276 47
1593 239 1615 277 9

113 349 186 390 ubi
210 349 378 390 codices
408 348 570 390 habent
603 352 755 390 domum
789 348 852 388 vel
887 352 1010 390 domo.
1063 362 1192 401 porro
1216 349 1421 389 memoria
1443 349 1615 402 dignum

115 418 228 470 quod
270 417 404 458 tradit
448 417 610 458 Gellius
653 418 795 471 [XllL
828 421 892 467 21,
928 417 1020 470 1ῦ];
1065 415 1226 456 ‘Marco
1268 420 1384 457 etiam
1433 420 1617 457 Ciceroni

113 488 267 526 mollius
297 488 543 535 teretiusque
573 488 697 525 visum
728 488 767 525 in
801 488 941 534 quinta
971 488 1011 524 in
1054 486 1213 524 Verrem
1250 482 1400 535 ‘fretu’
1437 488 1618 525 scribere

114 567 233 604 quam
274 551 438 604 ΤΙ-εἴθ’.
513 559 790 604 peranqasw,
832 555 984 603 inquil,
1023 557 1140 603 fretu
1181 555 1321 593 (live'sa.
1384 560 1473 593 eral
1515 556 1616 593 enim

113 624 295 662 crassius
326 624 653 671 invenuste'usque
692 619 961 672 ‘pm-angruxia
997 617 1131 671 frelo'
1170 624 1318 660 (licere.
1379 620 1421 661 in
1462 621 1617 673 quibus

112 689 217 730 illud
248 692 578 740 invenussiusque
608 689 784 743 propria
815 688 867 728 de
900 689 1147 730 coniectura
1177 689 1300 741 posui
1331 702 1408 741 pro
1432 703 1480 729 eo
1504 689 1616 742 quod

113 758 237 810 vulgo
258 757 396 799 fertur
422 760 500 798 iam
532 761 815 808 amnestia-eque.
869 771 964 798 nam
987 770 1125 809 neque
1148 757 1365 809 antiquius
1388 756 1467 797 fuit
1506 762 1617 808 frelo

113 840 240 879 quam
272 831 388 877 fretu
420 840 557 879 neque
588 829 686 867 utra
717 829 859 866 aetate
890 829 1084 879 praestet
1115 825 1264 874 forma,
1298 825 1371 865 sed
1405 829 1503 865 utra
1533 826 1615 866 ele-

114 894 261 947 gantia
290 893 472 934 indicari
503 894 637 935 refert
666 894 803 935 Gellii.

229 962 460 1003 Praeterea
492 962 687 1015 genetivo
710 961 890 1015 pluralis
912 961 966 1002 ad
990 961 1243 1014 explendum
1269 964 1450 1002 metrum
1474 961 1619 1014 dacty-

113 1031 240 1072 licum
273 1044 368 1071 cum
400 1031 562 1083 primus
594 1030 819 1071 Lucretius
851 1029 1030 1070 dixisset
1060 1033 1245 1077 alituum,
1286 1029 1396 1070 idem
1431 1029 1620 1070 Maronis

113 1099 372 1140 auctoritate
405 1099 515 1153 [aen.
543 1099 742 1153 V111,27]
777 1097 1072 1139 confirmatum
1106 1098 1221 1138 haud
1248 1098 1374 1152 pauci
1408 1098 1619 1138 admisere

112 1171 278 1221 poetae,
311 1166 442 1207 veluti
474 1166 674 1207 Manilius
704 1167 770 1221 [V‚
794 1167 905 1221 5570]
937 1166 1100 1207 Statius
1131 1166 1237 1220 [silv.
1270 1168 1299 1211 Ι,
1331 1169 1367 1216 2,
1405 1167 1515 1220 184],
1547 1166 1617 1207 de-

112 1236 240 1288 nique
272 1235 523 1276 Lactantius
567 1236 654 1276 sive
687 1235 796 1276 alius
827 1235 909 1275 fuit
939 1238 1091 1275 auctor
1123 1234 1347 1275 Phoenicis
1383 1235 1501 1288 [1:37]
1535 1235 1617 1274 sic:

386 1315 539 1348 alituum
564 1315 698 1358 stipata
724 1314 836 1348 choro
862 1314 961 1347 volat
986 1314 1047 1347 illa
1072 1325 1138 1357 per
1162 1315 1286 1357 altum,

386 1372 567 1415 turbaque
593 1372 828 1415 prosequitur
853 1382 1001 1404 munere
1027 1371 1122 1404 laeta
1148 1371 1219 1414 pio.

113 1454 238 1494 quem
271 1441 411 1481 locum
454 1444 636 1493 apparet
679 1439 953 1481 obversatum
986 1439 1233 1489 Claudiano,
1275 1452 1369 1480 cum
1411 1439 1620 1480 scriberet

113 1509 165 1550 de
197 1523 273 1550 ave
306 1508 454 1550 eadem
487 1508 571 1562 [44,
605 1509 697 1563 76]:

386 1589 595 1622 innumerae
624 1588 847 1622 comitantur
872 1598 954 1621 aves
980 1587 1164 1631 stipatque
1189 1587 1372 1621 volantem

386 1645 538 1679 alituum
564 1656 741 1689 suspensa
766 1645 908 1679 cohors.

112 1728 250 1768 neque
282 1713 505 1755 christiani
537 1717 736 1755 auctores
767 1713 964 1766 refugere
996 1712 1107 1753 hanc
1138 1712 1340 1764 formam3
1383 1712 1514 1753 veluti
1556 1714 1618 1753 in-

112 1783 281 1824 venitur
303 1782 417 1836 apud
440 1784 612 1824 Festum
636 1781 841 1823 Avienum
867 1781 1020 1836 [deser.
1040 1780 1129 1822 orb.
1148 1784 1249 1821 terr.
1276 1781 1402 1835 1359]
1430 1785 1472 1822 et
1494 1781 1617 1822 Clau-

113 1851 228 1892 dium
265 1851 481 1892 Victorem
514 1850 659 1905 [aleth.
691 1851 742 1901 ΙΙ,
778 1851 890 1904 173],
924 1849 1038 1903 apud
1070 1849 1183 1890 hunc
1212 1849 1383 1901 quidem
1412 1850 1454 1889 in
1486 1849 1618 1890 hemi-

113 1919 265 1961 stichio
289 1919 545 1972 Vergiliano.
577 1944 631 1948 —
663 1922 706 1960 et
727 1932 753 1959 a
775 1918 1008 1959 Prudentio
1030 1921 1129 1971 post
1151 1931 1284 1958 annos
1307 1918 1342 1958 D
1365 1922 1615 1959 renovatum

113 1988 344 2029 Accianum
376 2001 534 2028 ossuum
568 1987 624 2040 [p.
654 1991 705 2030 st.
739 1989 776 2037 2,
804 1989 906 2037 5323
941 1991 977 2035 ἶ),
1011 1986 1120 2040 111].
1152 2011 1207 2015 -
1239 1985 1291 2026 (16
1322 2000 1385 2026 um
1417 1999 1495 2038 pro
1523 2001 1614 2026 uum

113 2056 252 2112 posito
283 2055 445 2096 dictum
475 2055 500 2095 l.
533 2054 602 2105 IV,
634 2054 708 2095 ubi
741 2054 793 2095 de
825 2054 1004 2108 synizesi
1035 2053 1259 2107 agebatur.

226 2123 419 2177 Denique
451 2123 626 2176 quintae
657 2123 852 2176 genetivo
881 2121 1112 2175 aliquando
1144 2135 1169 2163 a
1199 2122 1337 2175 poetis
1360 2123 1425 2163 vel
1447 2122 1619 2176 optimis

113 2205 190 2246 pro
224 2195 260 2233 ei
289 2192 464 2246 ponitur
495 2205 516 2231 e
556 2190 626 2246 [cf.
661 2191 782 2244 Verg.
815 2204 957 2244 georg.
987 2192 1016 2239 Ι,
1050 2193 1154 2242 2083
1190 2204 1280 2231 aen.
1317 2192 1346 2241 Ι,
1380 2193 1483 2242 636;
1516 2191 1617 2231 Hor.

112 2274 145 2302 c.
178 2260 256 2311 ΙΙΙ,
290 2264 326 2310 7,
358 2264 405 2311 4;
448 2260 521 2300 Ov.
552 2263 649 2300 met.
682 2260 760 2311 ΙΙΙ,
794 2263 895 2311 3413
938 2259 1007 2309 VI,
1041 2263 1143 2310 5063
1187 2259 1282 2309 VII,
1315 2262 1417 2310 7373
1460 2260 1617 2300 Auson.

111 2328 225 2382 idyll.
265 2332 328 2379 14,
361 2332 436 2379 143
479 2327 531 2368 de
569 2328 736 2369 ratione
767 2328 869 2369 dier.
902 2341 997 2368 ann.
1030 2331 1134 2368 vert.
1169 2331 1206 2378 7,
1243 2331 1316 2379 123
1357 2327 1520 2369 Paulin.
1556 2331 1619 2377 14,

112 2395 196 2452 67].
255 2396 299 2436 in
334 2396 479 2438 dativo
510 2409 585 2437 cur
614 2396 822 2449 pauciora
861 2399 1094 2449 suppetant
1134 2396 1341 2450 exempla,
1380 2395 1524 2436 nescio
1565 2408 1619 2435 an

112 2477 244 2505 causa
274 2464 330 2505 sit
358 2464 457 2505 inde
488 2463 733 2517 repetenda,
763 2463 877 2517 quod
908 2463 978 2504 hic
1000 2477 1124 2505 casus
1146 2463 1262 2506 illost
1282 2464 1433 2505 rarior.
1484 2463 1618 2504 habes

111 2535 255 2572 tamen
300 2531 415 2585 apud
459 2532 641 2573 Ennium
688 2532 808 2586 [ann.
842 2532 945 2586 106]
990 2545 1061 2581 re‚·
1096 2536 1204 2581 fide;
1252 2531 1366 2585 apud
1408 2530 1619 2572 Lucilium

113 2599 218 2656 [VIL
251 2603 297 2651 63
330 2603 352 2640 7
369 2615 378 2651 3
412 2599 546 2651 XXX,
578 2599 652 2653 48]
688 2603 815 2650 facie.
877 2600 938 2641 ita
969 2599 1174 2641 Horatius
1206 2599 1315 2641 dixit
1346 2604 1430 2649 side
1468 2599 1511 2640 in
1543 2599 1616 2640 Sa·

112 2668 220 2709 turis
253 2668 301 2722 [1‚
335 2671 371 2718 3,
404 2668 489 2722 95],
523 2681 617 2708 cum
650 2668 692 2708 in
725 2667 869 2722 lyricis
901 2672 1133 2722 usurparet
1164 2668 1255 2722 [ΙΙΙ,
1292 2671 1354 2719 16,
1388 2668 1459 2721 25]
1493 2681 1618 2721 gene-

112 2736 245 2777 tivum
276 2739 350 2776 rei.
392 2761 447 2765 -
487 2749 566 2789 pro
610 2749 630 2776 e
671 2736 714 2776 in
752 2736 958 2789 genetivis
1000 2739 1043 2777 et
1074 2736 1230 2777 dativis
1263 2735 1317 2776 ab
1349 2735 1443 2776 aliis
1474 2739 1488 2776 ε’
1517 2736 1618 2789 poni

112 2803 247 2844 tradit
279 2803 442 2845 Gellius
471 2803 547 2854 IX,
584 2808 651 2853 14,
694 2804 767 2856 qui
805 2817 856 2845 ex
887 2804 1048 2845 Lucilio
1093 2803 1202 2859 [XIl‚
1234 2803 1278 2857 4]
1320 2803 1461 2845 adfert
1493 2817 1618 2857 gene-

112 2872 245 2913 tivum
280 2875 396 2923 fami.
459 2875 504 2912 at
534 2884 672 2924 neque
705 2872 934 2913 Pacuvium
972 2872 1014 2912 in
1047 2872 1179 2912 Paulo
1220 2871 1460 2924 scripsisse,
1504 2872 1618 2924 quod

112 2943 237 2993 putat
258 2939 342 2985 ille,
375 2943 571 2991 proqenii
602 2953 739 2993 neque
762 2940 938 2981 Matium
964 2941 1004 2980 in
1029 2940 1160 2981 Iliade
1194 2943 1285 2984 acii,
1307 2943 1447 2990 specii.
1480 2954 1618 2993 neque
