1898 3292
719 252 838 277 mmm
857 252 1046 284 QVARTVS.
1553 245 1575 281 ⁴2
1582 246 1605 282 8
1612 244 1633 281 7

129 356 242 397 infra
273 354 544 396 scribendum
579 356 714 407 derat)
745 369 821 396 sua
844 358 992 406 fabula
1023 352 1213 403 meuse's’;
1249 354 1385 395 altero
1423 358 1490 396 sat
1522 368 1633 396 com-

128 424 252 465 mode
290 424 448 476 legitur
488 424 530 482 in
570 423 829 464 membranis
872 422 1127 475 quibusdam
1172 436 1246 463 nee
1287 427 1442 471 deerat,
1484 437 1632 475 quam-

129 506 255 545 quam
289 493 425 545 magis
469 491 632 532 arridet
663 491 894 532 Schraderi
936 491 1153 532 inventum
1197 505 1274 531 neu
1316 495 1460 533 desset.
1504 492 1633 532 tertio

126 560 394 614 probandast
431 560 648 601 Casselani
691 559 849 600 codicis
889 560 1104 613 scriptura
1144 559 1393 612 praebentis
1436 563 1546 609 defil,
1589 560 1632 601 id

127 628 239 682 quod
274 628 553 669 coniectando
586 627 815 668 adsecutus
839 631 904 668 est
926 628 1178 669 Bernartius
1210 627 1283 682 [ad
1305 626 1420 667 theb.
1446 627 1494 677 ΙΙ,
1522 629 1631 682 187]

241 698 296 737 At
324 698 368 737 in
391 696 568 737 Graecis
603 695 820 737 vocabulis
852 710 945 737 cum
982 696 1036 736 sit
1066 709 1212 737 verum
1247 698 1466 736 externam
1498 710 1631 748 quan-

125 765 290 806 titatem
312 765 485 814 servari,
507 779 589 805 non
614 764 906 818 corripiuntur
929 764 1096 805 vocales
1119 768 1217 805 ante
1240 764 1428 804 vocalem
1452 765 1631 815 positae,

125 833 205 873 nisi
238 847 348 886 quae
377 837 534 874 natura
572 847 650 873 sua
677 833 762 873 sint
792 837 867 873 aut
899 832 1050 873 breves
1083 836 1158 874 aut
1189 846 1433 873 communes
1466 832 1581 873 velut
1611 848 1631 873 e

124 903 166 942 in
204 905 380 943 Aeneide
422 902 512 956 [Ov.
550 915 612 954 ep.
643 915 693 942 ex
727 901 770 942 P.
798 901 871 951 ΙΙΙ,
903 906 940 950 4,
973 902 1068 955 84],
1114 904 1308 949 Nereide,
1343 904 1447 949 Eoo,
1483 904 1628 943 Malea.

123 970 186 1011 ita
219 969 447 1011 verborum
479 970 521 1010 in
554 983 624 1010 eus
658 970 903 1011 exeuntium
934 968 1137 1010 flexiones
1170 982 1237 1010 eos
1270 973 1311 1009 et
1343 983 1391 1010 ea
1424 972 1471 1010 ut
1502 970 1630 1010 raris-

123 1039 228 1080 sime
265 1038 436 1092 longam
471 1039 646 1093 [Auson.
670 1038 858 1091 perioch.
885 1037 930 1078 Il.
954 1037 993 1089 I,
1027 1038 1170 1078 Avien.
1194 1037 1347 1091 phaen.
1371 1041 1474 1089 4403
1505 1038 1630 1091 Verg.

125 1121 216 1149 aen.
248 1108 278 1158 I,
313 1111 416 1159 6113
457 1107 530 1157 ΙΙΙ,
566 1107 683 1161 122],
730 1106 983 1160 plerumque
1030 1106 1200 1147 brevem
1243 1106 1430 1159 priorem
1469 1105 1631 1147 habent

122 1176 342 1230 syllabam.
413 1179 563 1217 chorea
607 1175 817 1216 communi
858 1174 1043 1216 habetur
1083 1188 1128 1223 e,·
1174 1178 1219 1215 at
1263 1179 1406 1225 platea
1449 1176 1627 1228 corripit

122 1244 300 1285 eandem
332 1257 510 1297 semper.
562 1247 692 1296 atque
723 1244 784 1284 ita
818 1247 1073 1295 Aescleyleus,
1113 1245 1343 1284 Caueaseus
1375 1243 1439 1284 vel
1474 1246 1627 1284 Cauca-

120 1316 218 1361 sius,
256 1315 486 1361 Tantaleus,
519 1315 716 1362 Pelopeus
760 1311 876 1365 apud
909 1311 1181 1364 Propertium
1213 1315 1256 1352 et
1286 1312 1491 1352 Senecam
1537 1312 1628 1365 [HL

122 1384 187 1432 32,
219 1385 294 1433 413
325 1381 377 1431 ΙΙ,
410 1384 444 1431 1,
476 1384 550 1432 69;
585 1380 632 1431 V,
668 1384 731 1431 11,
763 1383 838 1431 24,
870 1379 1041 1434 Thyest.
1075 1379 1176 1433 641]
1212 1380 1487 1421 inveniuntur
1518 1384 1627 1421 atte-

118 1452 253 1490 nuata
292 1448 575 1502 paenultima,
618 1452 660 1489 et
697 1449 853 1489 similia
894 1448 1017 1498 alibi,
1060 1448 1172 1489 sicut
1201 1448 1316 1501 apud
1346 1447 1625 1489 Claudianum

119 1518 206 1572 [17‚
242 1517 314 1572 94]
345 1521 567 1559 academia.
631 1521 780 1558 contra
811 1517 880 1558 vix
915 1516 1043 1558 credo
1076 1530 1101 1557 a
1133 1516 1272 1558 Statio
1305 1516 1414 1571 [silv.
1438 1516 1469 1562 I,
1493 1520 1529 1566 3,
1553 1517 1625 1570 95]

117 1585 159 1625 111
193 1589 403 1627 Pliadibus
434 1586 591 1640 corripi
621 1586 805 1639 primam
837 1585 919 1626 sic:

367 1665 459 1700 haec
484 1677 550 1710 per
575 1668 612 1700 et
637 1665 783 1709 Aegeas
812 1665 950 1699 hiemes
978 1664 1219 1708 Pliadumque
1246 1664 1410 1698 nivosum

367 1722 489 1766 sidus,

116 1791 191 1832 ubi
222 1791 329 1833 bene
362 1791 563 1832 Heinsius
594 1794 872 1843 Hyadumque.
928 1804 1057 1844 porro
1080 1790 1265 1831 viderint
1296 1790 1389 1843 ipsi,
1427 1790 1498 1843 qui
1526 1804 1624 1843 pro-

115 1859 298 1910 barunt,
340 1874 423 1913 quo
466 1860 559 1901 iure
592 1863 636 1900 Io
666 1873 867 1901 mensura
897 1859 1084 1900 iambica
1114 1858 1280 1900 feratur
1311 1858 1354 1899 in
1384 1858 1465 1899 hoc
1498 1873 1622 1900 versu

116 1928 254 1969 Ovidii
286 1928 364 1983 [lb.
395 1929 514 1983 620}

388 2013 497 2046 quem
520 2013 662 2036 memor
688 2014 708 2035 a
732 2002 845 2036 sacris
869 2013 964 2035 nunc
991 2012 1136 2045 quoque
1163 2000 1268 2045 pellit
1291 2000 1347 2034 Io.

113 2079 211 2106 nam
243 2066 286 2106 in
319 2065 504 2119 epistula
535 2065 869 2119 Hypermestrae
902 2064 1016 2118 quod
1047 2064 1205 2117 legitur
1246 2064 1331 2118 [14,
1358 2063 1454 2118 103]
1499 2062 1623 2114 ‘quae

113 2136 183 2175 aba·
211 2147 338 2175 causa
362 2138 523 2186 fuyae?
566 2137 665 2184 quid
694 2137 731 2175 2'0
755 2138 871 2185 freta
903 2137 1025 2185 lonya
1044 2129 1300 2184 pererras?5
1365 2132 1622 2185 particulam

113 2215 205 2243 esse
236 2206 419 2257 apparet
448 2206 507 2251 io,
548 2216 632 2243 non
673 2215 846 2253 nomen,
887 2216 983 2243 cum
1015 2205 1223 2255 sequatur
1251 2201 1398 2242 statim
1444 2199 1620 2249 ‘Inaelei‚

113 2285 189 2322 quo
210 2268 475 2322 properas?
515 2284 776 2324 quamquam
807 2270 976 2312 libellus
1007 2271 1101 2321 iste,
1133 2269 1273 2322 qualis
1304 2283 1417 2310 nunc
1448 2269 1620 2322 quidem

111 2340 270 2391 fertur,
317 2339 424 2381 adeo
464 2340 600 2381 omnis
642 2339 809 2392 generis
854 2339 1027 2393 ineptiis
1067 2338 1430 2391 dissonantiisque
1470 2341 1620 2389 scatet,

111 2408 181 2449 vix
221 2407 453 2462 quidquam
496 2411 545 2448 ut
588 2407 806 2461 indignum
839 2407 1037 2449 videatur
1075 2407 1166 2448 eius
1208 2410 1397 2448 auctore.
1459 2406 1531 2447 sed
1565 2405 1620 2446 ad

111 2475 307 2517 Ovidium
338 2479 387 2517 ut
416 2475 602 2526 redeam,
633 2489 735 2517 sane
763 2476 807 2516 in
837 2475 947 2517 libro
979 2476 1183 2517 Tristium
1214 2475 1274 2516 ΙΙΙ
1307 2475 1391 2529 [12,
1414 2475 1457 2529 2]
1491 2475 1617 2516 etiam

112 2546 283 2584 Maeotis
305 2547 426 2585 extat
447 2547 649 2597 correpta
669 2544 809 2597 prima
830 2542 892 2585 ita
935 2543 1114 2595 ‘lonyior
1136 2546 1316 2594 antiquis
1338 2546 1424 2584 visa
1447 2545 1618 2583 Maeole's

110 2609 275 2662 hiems’,
307 2615 356 2653 ut
385 2616 530 2653 tamen
560 2626 612 2653 ne
644 2612 726 2653 hoc
756 2612 927 2666 quidem
951 2612 1054 2653 satis
1078 2613 1134 2653 sit
1155 2625 1352 2653 securum
1377 2614 1419 2652 et
1441 2614 1617 2651 certum.

110 2679 218 2721 bene
259 2683 402 2721 autem
441 2680 740 2721 Lachmannus
781 2681 867 2735 [pg.
901 2679 969 2736 38]
1012 2683 1184 2721 Tomitc's.
1229 2704 1284 2709 —-
1327 2692 1460 2732 quare
1502 2678 1617 2731 quod

110 2748 389 2790 Ruhnkenius
410 2749 452 2788 in
474 2748 834 2803 hendecasyllabo
857 2748 1070 2790 Martialis
1091 2748 1169 2789 tali
1197 2747 1285 2802 [VI‚
1304 2750 1368 2797 82,
1389 2747 1431 2801 6]
1455 2746 1615 2788 ‘aurem

111 2820 179 2867 qui
211 2820 325 2858 modo
357 2831 436 2858 uon
459 2819 578 2858 habet
600 2814 814 2858 Batavam’
852 2817 1053 2858 substitui
1076 2816 1211 2857 voluit
1232 2818 1433 2864 Boeotum,
1465 2814 1615 2855 lauda-

109 2884 249 2926 bimus
291 2884 486 2938 equidem
532 2898 717 2926 amorem
764 2885 954 2939 patriae,
1003 2898 1087 2938 quo
1132 2886 1368 2925 commotus
1411 2883 1482 2924 ille
1529 2896 1612 2925 non

110 2954 245 3007 magis
267 2953 527 2995 Batavorum
561 2953 817 2994 cruditatem
851 2953 1016 3006 culpari
1040 2952 1173 2992 voluit
1204 2966 1229 2992 a
1251 2951 1450 2993 Martiale
1484 2965 1611 3004 quam
