1898 3292
774 223 892 248 LIBER
911 223 1121 248 SECVNDVS.
1624 215 1698 253 157

308 327 444 368 Aliter
474 340 543 368 res
569 326 703 367 habet
734 327 777 367 in
810 340 933 368 versu
975 326 1119 377 simili,
1166 326 1286 368 cuius
1325 330 1389 368 est
1420 326 1594 368 ultimus
1626 342 1701 381 pes

193 396 483 437 catalecticus.
543 396 613 436 hic
646 397 755 437 enim
786 396 840 436 ab
874 395 1076 436 extremis
1107 395 1249 448 potius
1281 409 1407 448 quam
1440 396 1702 449 primoribus

193 465 432 506 hexametri
462 464 660 518 partibus
692 479 786 505 cum
818 464 1015 505 videatur
1045 468 1165 504 ortus
1208 489 1259 494 ——
1292 478 1388 505 nam
1424 469 1465 504 et
1496 465 1701 505 incisione

194 537 311 574 certa
358 539 478 574 caret
520 559 595 583 —-,
640 533 784 573 exulat
828 546 853 572 a
897 533 1027 573 tertia
1065 532 1164 573 sede
1203 533 1433 586 spondeus,
1475 534 1555 573 nisi
1587 534 1699 586 quod

193 602 324 642 semel
352 602 556 642 Horatius
590 601 698 642 dixit
728 601 790 642 ita
823 602 874 656 [c.
898 602 928 652 I,
953 605 1018 651 28,
1043 601 1085 655 2]
1127 599 1368 642 ‘mensorem
1398 604 1594 650 cohibent,
1627 606 1699 642 Αν-

192 667 350 724 clzyta’„
414 674 602 728 ceterum
651 684 702 711 ea
748 670 906 724 optime
949 670 1135 710 habetur
1176 670 1362 723 species,
1409 684 1494 722 qua
1537 671 1700 723 primus

192 739 433 792 tertiusque
462 753 537 792 pes
567 738 798 792 dactylico,
842 738 1054 779 secundus
1087 742 1253 778 constet
1284 752 1462 779 numero
1492 738 1699 779 breviore.

215 834 235 835 ἡ
277 807 359 847 iam
394 807 626 848 secundum
658 821 721 858 ea,
751 821 861 860 quae
885 821 1016 860 supra
1049 807 1276 861 disputavi,
1309 807 1461 857 evenit,
1493 810 1540 847 ut
1572 821 1597 847 a
1625 808 1698 847 tri-

192 876 339 916 metris
360 875 722 930 hypercatalectis
747 875 944 926 Serenus,
967 875 1263 927 Terentianus,
1287 876 1501 916 Ausonius
1533 905 1585 908 —
1618 890 1700 916 non

191 944 450 998 Pomponius
472 944 664 997 tragicus
696 948 738 985 et
761 944 967 985 Boethius
1001 944 1092 999 [HL
1116 945 1158 999 G]
1190 970 1244 976 —-
1277 944 1555 986 excluderent
1576 959 1701 998 spon—

191 1013 338 1063 deum,
370 1026 508 1066 neque
538 1012 809 1063 mirabimur,
854 1013 967 1066 quod
1002 1027 1027 1054 a
1059 1014 1246 1055 secundo
1278 1014 1536 1067 pentametri
1570 1014 1701 1054 hemi-

193 1081 346 1122 stichio
380 1087 456 1122 aut
485 1095 510 1122 a
541 1095 665 1122 versu
698 1081 854 1122 adonio
887 1082 1009 1123 abest
1050 1082 1162 1124 idem
1206 1097 1300 1136 pes,
1342 1082 1444 1123 licet
1477 1083 1701 1131 Ausonius,

190 1164 284 1191 cum
318 1150 456 1192 tribus
488 1151 749 1192 carminibus
782 1152 966 1206 [parent.
999 1154 1073 1203 253
1108 1155 1182 1203 263
1214 1151 1331 1205 idyll.
1366 1151 1442 1192 VII
1474 1151 1607 1205 praef.
1646 1152 1700 1205 3],

192 1233 269 1272 per
309 1222 544 1273 systemata
585 1219 855 1261 adhibuisset
895 1219 1099 1260 dimetros
1140 1219 1514 1274 hypercatalectos
1557 1233 1700 1273 puros,

191 1301 261 1338 e0,
304 1302 387 1341 quo
431 1288 566 1329 solum
608 1288 689 1329 hoc
731 1288 996 1329 continuavit
1035 1292 1218 1329 metrum
1251 1288 1377 1343 [prof.
1409 1288 1582 1341 Burdig.
1619 1288 1701 1342 lO],

192 1357 321 1397 etiam
354 1356 578 1415 admiserit
608 1356 738 1397 illum.
786 1360 1016 1411 praeterea
1048 1357 1332 1398 Terentianus
1366 1371 1390 1398 a
1422 1357 1560 1410 primo
1591 1357 1700 1410 pede

190 1439 337 1466 versus
369 1425 580 1466 Calabrii:

590 1496 651 1538 qui
676 1505 798 1529 serere
825 1494 1023 1539 ingenuum
1048 1495 1148 1529 volet
1172 1505 1301 1538 agrum

188 1562 326 1603 noluit
371 1562 557 1604 alienum
599 1563 833 1617 spondeum
874 1564 1043 1618 [199ss],
1097 1567 1145 1605 ut
1189 1564 1282 1617 ipse
1325 1566 1469 1604 tamen
1516 1567 1699 1604 testetur

190 1644 335 1672 amare
366 1631 448 1672 hoc
477 1635 660 1672 metrum
693 1633 829 1685 magis
860 1632 953 1673 fieri
986 1632 1257 1686 dactylicum.

302 1699 393 1741 Iam
416 1700 467 1741 de
491 1701 778 1754 anapaesticis
800 1700 948 1742 metris
972 1701 1140 1741 dicturo
1163 1701 1313 1755 paucis
1339 1701 1498 1754 poterit
1521 1700 1695 1741 absolvi.

189 1782 240 1808 ac
277 1769 461 1822 primum
505 1769 677 1823 quidem
719 1769 963 1811 adscribam
998 1770 1203 1811 Varronis
1234 1772 1511 1810 tetrametros
1546 1770 1698 1810 aristo-

187 1837 387 1890 phanios,
416 1841 628 1891 quotquot
660 1842 826 1889 extant,
859 1852 1023 1887 omnes,
1065 1839 1212 1879 statim
1242 1842 1290 1879 ut
1322 1852 1532 1892 apparere
1564 1838 1700 1892 possit

189 1906 365 1957 cunctis,
398 1911 559 1960 quanto
588 1921 613 1948 a
639 1907 849 1948 Plautinis
881 1907 1041 1948 distent
1071 1907 1310 1948 intervallo.
1362 1911 1460 1948 sunt
1492 1908 1600 1947 enim
1633 1907 1697 1947 hi:

278 1986 398 2020 anima
422 1989 463 2021 ut
489 1987 662 2021 conclusa
686 1987 723 2020 in
750 1987 883 2030 vesica,
910 1987 1092 2031 quandost
1121 1990 1198 2021 arte
1224 1987 1388 2030 religata,

281 2054 364 2077 cum
389 2043 598 2088 pertuderis
623 2055 707 2078 aera
732 2044 872 2078 reddet.

279 2100 424 2134 demitis
451 2101 545 2134 acris
571 2104 723 2145 pectore
750 2112 854 2134 curas
881 2105 991 2135 cantu
1018 2104 1190 2145 castaque
1218 2101 1332 2146 poesi.

278 2158 348 2201 ipsi
373 2158 475 2192 scitis
501 2155 564 2197 ὀὸς
590 2159 649 2192 καὶ
677 2154 770 2204 λάβ’,
804 2158 840 2191 id
868 2161 941 2192 est:
970 2159 1055 2192 sivis
1082 2158 1295 2193 contendite
1321 2159 1397 2201 sivi,

278 2215 478 2259 anticipate
504 2219 612 2259 atque
639 2215 761 2249 addite
788 2216 920 2259 calcar,
947 2216 1078 2250 stultos
1105 2216 1330 2250 contemnite
1356 2216 1467 2249 docti.

279 2272 398 2316 ipsum
426 2275 581 2317 propter
607 2273 667 2306 vix
694 2273 816 2307 liberti
843 2274 1032 2307 sematrati
1059 2274 1310 2317 exequiantur.

279 2329 399 2372 ipsum
427 2329 572 2363 avidum
600 2330 684 2364 vino
710 2330 859 2363 invitavi
885 2331 1002 2374 poclis
1027 2330 1127 2374 large
1156 2333 1266 2374 atque
1292 2330 1461 2374 benigne.

278 2385 384 2419 Luna
410 2389 610 2430 expectant
634 2386 789 2420 Adriam
815 2399 852 2421 se
878 2388 989 2421 itiner
1012 2387 1163 2431 longum
1190 2398 1357 2421 sermone
1383 2387 1514 2420 levare.

280 2454 353 2476 non
379 2444 624 2487 quaerendast
648 2444 796 2487 homini,
824 2444 885 2487 qui
910 2444 1022 2478 habet
1046 2444 1231 2487 virtutem,
1258 2444 1413 2487 paenula
1439 2445 1474 2477 in
1505 2445 1622 2478 imbri.

188 2511 343 2564 quibus
382 2526 435 2552 an
477 2512 676 2553 addenda
716 2513 802 2553 sint
839 2526 949 2566 quae
992 2513 1194 2566 leguntur
1235 2513 1349 2566 apud
1383 2512 1565 2553 Nonium
1598 2528 1628 2554 s.
1662 2527 1697 2555 v.

181 2577 388 2621 ‘castum’
435 2581 548 2635 [267,
581 2581 644 2635 9],
676 2595 759 2622 non
792 2582 961 2622 omnino
994 2586 1175 2624 constat.
1237 2585 1442 2635 poterunt
1473 2595 1575 2622 sane
1607 2582 1696 2622 sine

187 2649 358 2701 negotio
390 2649 431 2690 in
465 2663 664 2690 numeros
696 2650 833 2703 redigi
863 2650 947 2692 ita:

278 2753 569 2769 υυ-υυ-υυ-
597 2746 684 2779 ergo
710 2738 789 2769 tum
815 2747 939 2770 sacrae
966 2737 1085 2779 (sacra
1109 2736 1215 2780 edet),
1240 2736 1445 2779 relligiosae

279 2794 474 2835 castaeque
500 2792 648 2826 fuerunt
674 2804 731 2826 res
761 2804 896 2827 omnes.

189 2865 302 2906 idem
335 2866 459 2907 alibi:
489 2870 665 2918 iurqare
698 2871 829 2918 coepit
862 2871 1026 2909 (licens.-

281 2955 373 2988 quae
400 2946 481 2987 scis,
508 2956 584 2990 aye,
612 2947 695 2989 quei
719 2947 758 2979 in
782 2947 924 2991 volyum
944 2948 1069 2991 vol-(sas
1096 2950 1279 2990 artemque
1305 2948 1487 2990 enan-omis
1514 2948 1664 2981 inertem
1680 2948 1698 2981 12
