1898 3292
781 215 899 240 LIBER
918 215 1105 246 QVARTVS.
1615 210 1664 245 523³,
1673 213 1693 245 Γ)

191 317 236 357 In
268 316 366 357 libri
398 316 496 357 XVI
528 317 726 358 editionis
754 321 927 358 nostrae
949 317 1014 358 vel
1036 317 1230 359 versibus
1252 318 1317 359 vel
1348 319 1572 372 particulis
1604 334 1695 361 ver-

191 400 313 425 suum
348 385 503 426 XLYH
535 385 731 426 elisiones
766 390 1046 426 numerantur
1079 387 1266 439 quinque
1299 388 1421 441 [4383
1453 391 1557 439 4423
1590 393 1694 439 4463

190 457 293 504 4703
325 454 450 507 471],
493 467 722 506 numquam
767 454 810 493 in
851 455 999 507 longa,
1040 455 1083 494 in
1119 454 1219 495 libri
1250 455 1369 495 XVII
1397 457 1545 496 metris
1577 456 1695 497 XVII

190 521 322 562 duae:
354 524 589 572 Latiumque
611 535 859 572 achescerQ
892 525 1023 563 Lunai
1049 530 1224 573 porcum,
1252 531 1311 563 est
1332 537 1494 573 operae.
1547 529 1697 565 contra

188 590 232 630 in
265 589 474 630 Aeneidos
504 590 654 643 primis
688 589 882 631 versibus
914 590 1068 631 LXXV
1099 591 1248 643 longas
1284 591 1418 633 habes
1451 592 1576 633 elisas
1610 593 1696 643 VII,

188 658 231 698 in
264 672 300 698 m
327 662 531 699 exeuntes
563 658 662 709 ΧΠ,
705 658 856 699 breves
888 658 1009 710 XXI,
1054 659 1096 699 in
1140 659 1545 713 Metamorphoseon
1586 661 1695 701 initii

189 727 369 768 totidem
398 727 449 775 ΙΙ,
482 727 553 776 III,
587 727 656 768 XI.

305 796 416 836 Sane
446 794 500 835 ab
525 795 706 847 Augusti
736 799 941 848 tempore,
972 809 1055 848 quo
1088 796 1225 848 magis
1257 810 1327 836 ars
1360 797 1695 838 corroboratast.

189 877 238 905 eo
271 864 435 904 acriore
467 867 690 916 poetarum
729 863 925 916 plerique
956 864 1173 904 elisionem
1207 865 1423 917 persecuti
1456 870 1553 906 sunt
1585 866 1694 906 odio.

189 932 303 985 quod
344 946 395 972 ex
436 935 561 985 parte
603 931 775 984 quidem
814 932 929 972 venit
962 931 1226 973 Graecorum
1268 933 1574 985 aemulatione,
1624 934 1695 987 qui

188 1004 362 1054 praeter
404 1013 544 1054 pauca
584 1000 780 1053 exempla
811 1000 934 1054 longe
968 1000 1097 1041 alium
1124 1004 1300 1042 tenuere
1331 1015 1492 1042 moreni
1522 1002 1587 1043 vel
1615 1002 1695 1042 tol-

188 1069 302 1110 lendi
341 1069 484 1110 hiatus
517 1069 582 1109 vel
626 1068 803 1109 ferendi.
865 1083 942 1110 nec
973 1072 1118 1110 tamen
1150 1070 1289 1110 minus
1321 1083 1346 1110 a
1378 1070 1567 1123 vulgaris
1596 1086 1692 1124 pro-

187 1138 468 1178 nuntiationis
499 1151 580 1178 usu
614 1137 822 1191 lapsaque
845 1137 1056 1178 vocalium
1089 1138 1333 1179 coeuntium
1365 1137 1598 1181 offensione
1624 1155 1692 1181 res

188 1210 252 1247 est
294 1205 539 1259 repetenda.
603 1206 758 1246 etenim
801 1206 911 1246 sicut
952 1206 1065 1246 intra
1107 1220 1238 1247 unum
1278 1206 1476 1257 verbum,
1516 1208 1579 1248 ita
1620 1209 1695 1249 fini

188 1279 230 1316 et
270 1275 392 1316 initio
432 1273 697 1315 diversarum
742 1287 893 1315 vocum
933 1274 1097 1328 positas
1137 1274 1350 1316 hiscentes
1380 1276 1548 1317 vocales
1590 1277 1694 1318 satis

186 1344 403 1397 patienter
433 1342 570 1383 tulere
611 1342 764 1383 ultima
805 1342 999 1393 saecula,
1043 1342 1087 1383 id
1130 1343 1244 1396 quod
1277 1343 1570 1385 Commodiani
1602 1359 1694 1386 car-

186 1411 372 1453 minibus
417 1415 459 1452 et
495 1411 707 1465 rythmica
752 1411 872 1464 poesi
916 1416 1109 1465 apparet.
1176 1425 1275 1452 uam
1319 1412 1361 1452 in
1400 1411 1467 1453 his
1509 1414 1589 1454 etsi
1628 1414 1693 1455 bis

185 1485 303 1522 terve
334 1480 383 1521 fit
424 1480 565 1530 elisio,
607 1483 750 1520 tamen
792 1480 963 1533 saepius
994 1480 1118 1533 longe
1151 1480 1301 1522 eadem
1331 1480 1593 1534 neglegitur,
1625 1483 1694 1523 vix

185 1554 234 1591 ut
264 1549 403 1590 ultimi
435 1547 604 1590 Romuli
641 1552 819 1602 nepotes
860 1549 997 1602 magis
1041 1548 1270 1590 offendisse
1301 1549 1528 1591 videantur
1570 1550 1693 1591 hiatu

187 1632 314 1672 quam
357 1631 447 1658 nos.
509 1616 609 1657 hinc
651 1617 779 1658 etiam
808 1631 987 1658 evenere
1023 1618 1238 1671 permirae
1268 1617 1369 1659 illae
1402 1618 1589 1659 elisionis
1622 1619 1693 1660 de-

185 1686 412 1736 finitiones,
444 1685 561 1739 apud
583 1685 786 1738 aequales
809 1699 919 1738 quae
943 1690 1093 1727 extant-
1115 1686 1432 1739 grammaticos,
1463 1687 1535 1740 qui
1559 1686 1692 1728 Grae·

187 1769 332 1797 corum
374 1753 615 1795 rationibus
656 1753 824 1807 decepti
865 1758 906 1795 et
937 1754 1105 1807 pridem
1137 1754 1304 1808 perdito
1334 1769 1461 1796 sensu
1492 1755 1693 1797 colliden-

184 1824 290 1865 tium
335 1823 496 1863 interse
542 1821 752 1863 vocalium
798 1822 1051 1875 plerumque
1104 1822 1344 1864 subsistunt
1393 1823 1435 1864 in
1488 1824 1692 1877 exemplis

185 1893 378 1934 brevium
423 1895 498 1931 aut
541 1891 779 1932 mediarum
811 1890 1098 1945 syllabarum,
1141 1905 1237 1932 cum
1267 1892 1451 1933 maxime
1483 1893 1691 1933 sermonis

185 1960 326 2001 Latini
354 1959 598 2013 proprietas
629 1959 672 2000 in
702 1959 840 2013 longis
874 1959 988 2000 elisis
1022 1963 1243 2013 appareat.
1303 1964 1534 2013 praeterea
1564 1960 1690 2011 idem,

184 2028 311 2083 plane
356 2031 406 2068 ut
449 2028 624 2081 pessimi
669 2028 975 2081 magistrorum
1022 2032 1289 2079 nostrorum,
1341 2028 1595 2079 scandendi,
1643 2034 1692 2070 ut

186 2100 397 2146 asserunt,
430 2110 578 2137 versus
612 2096 752 2150 gratia
782 2097 952 2137 omnino
974 2096 1121 2137 volunt
1154 2096 1267 2137 abici
1297 2095 1468 2138 finalem
1498 2098 1540 2138 in
1569 2097 1691 2139 hiatu

183 2166 382 2219 positam.
439 2190 480 2194 „
530 2177 639 2217 quae
684 2179 780 2205 cum
810 2165 872 2205 ita
903 2165 999 2215 sint,
1037 2165 1141 2206 satis
1174 2165 1331 2206 accidit
1358 2166 1534 2216 mirum,
1576 2166 1691 2219 quod

183 2233 447 2274 recentiores
477 2233 575 2274 Itali
607 2232 757 2274 eadem
788 2247 874 2286 qua
908 2234 1183 2274 vetustissimi
1215 2233 1400 2275 elidendi
1428 2234 1598 2276 vocales
1627 2235 1685 2275 in-

183 2302 412 2343 veniuntur
454 2302 517 2342 uti
554 2301 733 2342 ratione.
795 2301 870 2343 sed
907 2301 1019 2343 hanc
1051 2302 1223 2355 quidem
1254 2303 1535 2344 mutationem
1567 2303 1690 2344 valde

183 2369 418 2411 notabilem
449 2384 501 2410 ne
533 2373 650 2410 recte
680 2371 972 2420 aestimemus,
1006 2384 1057 2411 ea
1087 2384 1133 2411 re
1164 2370 1434 2424 impedimur,
1466 2371 1580 2424 quod
1612 2385 1690 2412 nec

182 2437 348 2479 novello
371 2438 579 2479 Italorum
603 2451 797 2479 sermone
820 2438 983 2492 scripta
1014 2439 1206 2479 carmina
1238 2443 1387 2480 extant
1417 2440 1565 2492 priora
1596 2453 1689 2480 sae-

183 2505 278 2547 culo
310 2505 424 2556 XIII,
456 2509 499 2547 et
528 2506 697 2559 vulgari
727 2506 874 2559 lingua
901 2506 1056 2547 Latina
1089 2507 1325 2560 composita
1355 2507 1544 2561 exceptis
1577 2507 1688 2548 chri·

183 2574 334 2615 stianis
383 2572 598 2615 habentur
647 2574 918 2627 paucissima.
991 2578 1181 2616 ceterum
1228 2589 1324 2616 cum
1374 2589 1426 2616 ne
1474 2575 1688 2628 rythmica

183 2642 353 2695 quidem
388 2642 579 2683 carmina
610 2642 663 2683 ab
696 2642 879 2683 indoctis
908 2643 1078 2684 omnino
1102 2643 1352 2684 auctoribus
1375 2644 1459 2684 sint
1479 2642 1686 2696 profecta,

183 2709 334 2751 dubito
376 2710 630 2763 plerumque
673 2724 727 2751 an
768 2711 928 2752 rustico
967 2725 1162 2752 sermone
1202 2711 1386 2764 viguerit-
1429 2711 1558 2752 etiam
1594 2714 1686 2752 tum

183 2777 325 2828 elisio,
364 2791 491 2831 quam
535 2778 707 2830 quidem
749 2778 928 2829 eruditi,
969 2779 1051 2819 nisi
1093 2778 1167 2820 ubi
1210 2779 1470 2820 auctoritate
1508 2779 1686 2832 Vergilii

180 2844 445 2896 firmaretur,
486 2846 653 2886 incuria
683 2845 866 2899 odioque
898 2847 1156 2887 omitterent.
1219 2850 1264 2887 at
1295 2846 1582 2899 antiquissimi
1614 2847 1685 2889 da-

183 2915 434 2968 ctylicorum
456 2914 557 2967 quin
580 2915 833 2963 graecanica
860 2916 1004 2968 potius
1035 2928 1182 2955 norma
1214 2915 1561 2956 circumciderint
1591 2930 1685 2971 syn-
