1898 3292
246 213 268 250 5
277 212 298 251 2
305 213 328 251 2
832 221 952 246 LIBER
971 221 1174 247 SEPTIMVS.

243 337 422 377 quorum
470 338 570 376 pars
610 324 744 364 mixta
787 327 881 364 erat
916 338 966 365 ex
1002 324 1156 365 Latina
1189 324 1455 377 proprietate
1503 328 1545 365 et
1577 324 1756 374 Graeca,

243 391 343 433 dum
377 391 548 442 recidit,
589 392 754 445 pariter
783 391 1023 446 elegantiae
1057 392 1279 446 prospexit
1310 396 1352 433 et
1382 392 1586 434 libertati.
1644 393 1758 434 hunc

242 461 374 514 igitur
403 460 552 509 virum,
586 460 659 514 qui
681 460 967 514 principatum
1000 460 1117 502 haud
1140 460 1269 502 dubie
1291 464 1410 502 tenet
1439 461 1543 502 artis
1566 461 1757 510 Latinae,

242 543 506 578 veneremur,
539 528 652 569 hunc
673 529 900 570 imitemur.
962 529 1032 570 hic
1060 529 1169 570 sciat
1192 543 1236 570 se
1258 529 1487 583 plurimum
1510 529 1757 583 profecisse,

243 597 310 638 cui
350 597 582 650 plurimum
629 597 839 651 probetur
878 597 1064 638 Ovidius.
1137 597 1263 639 huius
1305 601 1411 651 quot
1456 601 1555 639 sunt
1596 612 1756 647 versus,

244 664 422 706 totidem
456 669 555 706 sunt
577 666 776 715 artificia,
810 665 959 719 quovis
982 665 1161 707 Phidiae
1187 665 1262 706 illa
1284 665 1350 707 vel
1374 666 1601 707 Praxitelis
1628 680 1757 720 opere

243 748 328 774 non
354 733 533 775 minora.
596 737 650 784 et,
682 734 797 787 quod
830 748 999 788 semper
1031 738 1096 775 est
1118 734 1337 788 perfectae
1368 733 1522 776 indolis
1549 735 1757 788 poeticae,

243 816 338 843 cum
388 802 549 843 sentias
590 806 727 843 artem
779 802 918 843 inesse
968 816 1200 853 summam,
1244 802 1436 844 laborem
1482 803 1758 857 persentiscis

242 869 416 911 nullum.
478 871 576 911 hinc
605 870 654 911 fit
685 874 747 921 ut,
781 871 852 924 qui
884 870 1070 924 primum
1103 870 1157 912 ad
1191 871 1384 912 carmina
1415 871 1571 913 Latina
1601 885 1646 913 se
1678 885 1751 925 ap-

242 938 427 993 plicant,
471 938 720 980 facillimum
764 939 925 980 ducant
966 939 1153 980 omnium
1186 938 1438 980 Ovidianam
1471 940 1642 993 assequi
1674 939 1757 981 ele-

243 1007 445 1060 gantiam,
476 1021 605 1061 quam
628 1011 785 1058 tamen,
819 1021 902 1060 quo
935 1008 1142 1049 maiorem
1167 1022 1291 1049 usum
1323 1008 1615 1062 maioremque
1646 1009 1757 1061 peri-

241 1076 347 1117 tiam
371 1076 688 1127 nanciscuntur,
712 1090 761 1118 eo
785 1076 933 1117 melius
950 1076 1205 1129 intellegant
1224 1077 1465 1130 promptius
1487 1090 1580 1118 esse
1596 1077 1756 1118 imitari

242 1157 370 1197 quam
413 1144 632 1185 aemulari.
706 1145 791 1186 iam
837 1144 950 1186 illius
994 1145 1268 1187 severitatem
1314 1145 1429 1198 quod
1474 1146 1610 1187 secuti
1658 1149 1758 1186 sunt

240 1212 494 1266 plerumque
515 1213 789 1266 posteriores,
823 1228 945 1255 nemo
969 1214 1051 1255 erit
1073 1217 1164 1254 tam
1187 1227 1349 1262 vecors,
1383 1214 1456 1267 qui
1488 1228 1590 1255 casu
1614 1215 1756 1269 potius

246 1285 322 1322 aut
344 1281 526 1322 arbitrio
555 1296 682 1335 quam
717 1286 836 1324 certa
867 1283 1125 1324 necessitate
1147 1282 1264 1324 dicat
1285 1283 1460 1324 venisse.
1521 1283 1615 1336 quis
1647 1283 1757 1324 enim

242 1350 417 1403 putabit
451 1350 666 1392 Romanos
698 1351 837 1392 minus
869 1351 1065 1402 sensisse,
1098 1351 1288 1404 ipsorum
1323 1351 1426 1404 quid
1457 1351 1627 1404 linguae
1659 1365 1756 1392 con-

242 1420 417 1469 veniret,
448 1434 577 1472 quam
613 1421 809 1461 nosmet?
850 1423 895 1460 at
934 1419 1052 1460 aliud
1091 1419 1216 1473 longe
1247 1419 1408 1461 diserto
1442 1419 1652 1461 Martialis
1685 1419 1752 1461 fir-

241 1491 384 1529 matur
415 1488 673 1540 testimoniO,
707 1488 821 1542 quod
851 1488 1097 1530 adscribam
1130 1488 1222 1543 [IX,
1257 1491 1320 1539 11,
1360 1489 1451 1543 10]:

594 1580 727 1603 nomen
756 1569 887 1611 nobile,
915 1569 1034 1611 molle,
1061 1568 1259 1602 delicatum

598 1638 705 1660 versu
731 1625 855 1660 dicere
880 1637 952 1660 non
980 1626 1060 1659 rudi
1088 1626 1265 1660 volebam.

599 1683 663 1717 sed
689 1686 729 1717 tu
755 1683 893 1728 syllaba
917 1686 1115 1717 contumax
1145 1694 1339 1727 repugnas.

598 1740 727 1775 dicunt
751 1740 928 1774 Eiarinon
958 1744 1079 1774 tamen
1107 1743 1250 1784 poetae,

598 1797 661 1832 sed
687 1797 831 1841 Graeci,
857 1798 989 1841 quibus
1015 1800 1069 1831 est
1095 1797 1182 1831 nihil
1209 1800 1393 1842 negatum,

599 1858 636 1889 et
667 1867 758 1899 quos
777 1848 873 1898 Ἆρες
897 1851 997 1897 ’Ἆρες
1023 1855 1131 1889 decet
1158 1866 1298 1889 sonare.

597 1912 703 1947 nobis
728 1924 801 1946 non
827 1912 916 1947 licet
942 1924 1019 1947 esse
1046 1916 1120 1946 tam
1146 1912 1301 1955 disertis,

599 1969 660 2013 qui
687 1968 814 2003 Musas
839 1969 993 2003 colimus
1019 1970 1232 2004 severiores.

243 2038 347 2078 nihil
379 2038 522 2092 potuit
554 2037 767 2092 deliquari
799 2038 992 2092 apertius
1024 2041 1067 2079 et
1097 2038 1344 2093 simplicius.

355 2106 449 2148 Tali
492 2110 636 2148 autem
677 2106 803 2148 modo
855 2120 951 2148 cum
995 2107 1142 2161 adepti
1184 2110 1328 2149 essent
1360 2107 1554 2158 Romani,
1600 2111 1758 2149 natura

243 2188 353 2228 quac
385 2174 536 2216 liceret
568 2176 791 2229 consequi,
824 2174 1020 2217 effectast
1050 2175 1156 2216 artis
1189 2175 1477 2229 aequabilitas
1508 2175 1603 2227 illa,
1646 2190 1757 2229 quae

244 2243 480 2285 communis
515 2248 742 2297 poetarum
775 2244 1052 2285 classicorum
1083 2247 1125 2285 et
1156 2244 1488 2286 christianorum
1518 2244 1584 2285 vel
1623 2248 1756 2286 mate-

242 2312 333 2353 riae
377 2311 616 2353 siccitatem
663 2315 739 2354 aut
779 2312 938 2366 ingenii
980 2311 1195 2354 defectum
1235 2312 1489 2366 plerumque
1539 2312 1756 2364 emollivit,

243 2384 292 2422 ut
323 2380 558 2422 mediocria
579 2380 787 2434 pleraque
819 2380 1011 2422 carmina
1034 2381 1189 2422 Latina
1220 2395 1304 2422 non
1336 2382 1426 2423 sine
1448 2381 1583 2423 tacita
1609 2381 1755 2435 volup-

242 2452 332 2490 tate
373 2449 616 2503 percipiant
669 2449 836 2491 cordati
886 2449 1090 2500 lectores,
1145 2463 1241 2492 cum
1291 2450 1608 2492 neotericorum
1657 2449 1757 2491 libri

244 2517 562 2572 quantumlibet
584 2518 728 2559 eximii
758 2533 959 2560 sensuum
981 2519 1248 2573 proprietate
1271 2518 1336 2560 vel
1360 2519 1499 2561 nitore
1522 2518 1755 2560 dictionum

242 2586 406 2627 formae
448 2586 648 2640 squalore
689 2601 817 2641 saepe
863 2586 1083 2628 offendant
1122 2587 1306 2629 eosdem.
1375 2601 1473 2628 nam
1515 2601 1662 2628 verum
1708 2590 1756 2628 ut

242 2654 403 2705 fatear,
446 2669 618 2696 carmen
659 2669 934 2697 numerorum
978 2658 1071 2696 arte
1108 2669 1259 2697 carens
1295 2659 1417 2697 tanto
1450 2655 1574 2697 abest
1604 2669 1630 2697 a
1658 2669 1754 2709 per-

242 2722 426 2764 fectione
475 2723 725 2775 intervallo,
788 2726 950 2776 quanto
1003 2724 1314 2766 sententiarum
1368 2727 1410 2765 et
1466 2723 1751 2766 elocutionum

243 2805 396 2845 expers
426 2791 678 2845 suptilitate.

358 2860 476 2910 Quae
508 2874 601 2901 cum
633 2860 695 2901 ita
723 2860 828 2912 sint,
871 2859 1021 2901 eadem
1052 2859 1142 2902 fere
1178 2860 1307 2902 laude
1340 2861 1576 2914 eademque
1605 2874 1750 2914 repre-

243 2927 448 2981 hensione
492 2929 716 2971 metricam
757 2932 894 2971 artem
927 2929 1241 2981 Romanorum,
1283 2944 1369 2984 qua
1409 2943 1498 2971 rem
1535 2928 1753 2983 publicam
