1898 3292
766 203 1002 231 OPVSCVLVM
1022 206 1075 232 111.
1596 197 1675 235 567

718 309 758 340 ut
783 310 902 340 atrum

375 367 527 408 pectore
555 365 771 398 conbiberet
797 376 986 407 venenum⁷

168 447 272 483 non,
313 432 427 485 quod
458 432 582 486 vulgo
614 432 772 482 fertur⁷
815 447 999 483 corpore.
1073 447 1170 474 nam
1214 440 1256 475 et
1297 434 1423 475 simili
1455 450 1600 477 errore
1631 437 1674 477 in

170 500 293 542 libris
332 500 495 541 Manilii
543 500 738 541 omnibus
780 503 900 541 extat
944 500 998 557 [1,
1040 501 1135 557 720]
1180 500 1495 553 ‘aclme'llcmtqzce
1534 518 1675 544 nontam

168 573 306 610 laxato
330 575 501 619 pectore
529 566 681 610 lamen’
728 582 804 622 pro
842 583 891 610 eo
925 569 1040 622 quod
1079 570 1163 610 iam
1195 570 1470 612 restituemus
1502 586 1676 622 corpore

168 637 238 691 [cf.
272 638 384 692 807]
446 640 672 690 praeterea
702 637 744 677 in
777 636 925 677 eodem
958 651 1083 678 versu
1114 639 1355 691 ponendum
1389 653 1480 680 esse
1513 639 1673 681 ‘aconit-

168 704 241 747 ἰαί
275 719 358 747 non
387 705 555 759 quidem
587 708 804 755 certumst,
828 705 902 746 sed
923 705 1160 759 probabile.
1213 711 1403 749 ceterum
1425 708 1538 761 quod
1558 708 1675 750 haud

168 789 265 816 raro
307 774 471 815 studuit
508 773 629 814 Maro
666 773 851 815 ludibrio
885 774 1204 816 allitterationis
1243 790 1507 830 exaggerare
1549 792 1674 819 sonos

170 843 400 893 naturales,
427 842 471 883 id
494 845 654 895 quanto
678 855 806 895 opere
829 842 1096 896 displicuerit
1117 844 1402 897 posteriorum
1433 850 1674 899 temporum

167 909 535 953 existimatoribus
566 910 783 964 plerisque
816 910 1018 952 docemur
1047 911 1297 962 Quintiliani
1329 913 1423 954 loco
1451 913 1531 954 hoc
1564 915 1612 968 [L
1637 920 1672 965 5,

168 981 238 1034 72]
276 977 370 1020 ‘sed
408 982 566 1019 minime
608 982 720 1019 nohis
764 987 995 1020 concessas!
1036 978 1362 1035 ὀνοματοποιία.
1410 979 1522 1033 Δκμιὶὸ·
1571 987 1673 1024 enim

159 1053 296 1100 ferat,
336 1051 474 1098 siquid
512 1051 639 1088 simile
680 1051 757 1088 illis
802 1052 943 1088 merito
989 1052 1166 1089 laudatis
1211 1050 1323 1104 λίγξε
1369 1050 1461 1105 βιός
1509 1059 1546 1091 el
1589 1048 1668 1102 σίζ’

167 1113 401 1171 ὀφθαλμός
433 1115 490 1170 [il.
514 1116 583 1165 IV,
609 1119 711 1167 1253
743 1115 808 1156 od.
832 1116 903 1166 IX,
928 1118 1027 1171 394]
1056 1123 1216 1168 sinyere
1238 1122 1486 1159 audeamus?
1518 1122 1594 1159 iam
1623 1134 1674 1160 ne

159 1181 343 1225 ‘halare'
389 1187 546 1234 quidem
579 1191 649 1224 aul
691 1182 895 1224 ‘Ieiuno-0⁷
935 1189 1106 1235 forlioer
1139 1189 1382 1234 diceremus,
1416 1190 1494 1227 nisi
1524 1190 1674 1228 iudicio

166 1255 374 1293 vetuslate‘s
409 1255 669 1293 niteremur&
730 1256 958 1306 praeterea
994 1267 1120 1306 quam
1154 1253 1294 1295 aliena
1314 1254 1443 1295 fuerit
1474 1270 1499 1295 a
1531 1259 1672 1308 poste-

164 1320 324 1361 riorum
357 1324 597 1374 temporum
631 1320 874 1362 hominibus
906 1321 1157 1362 allitteratio
1181 1322 1384 1363 docemur
1415 1322 1525 1373 inde,
1558 1323 1672 1376 quod

164 1388 336 1429 Servius
375 1388 582 1430 adscribit
616 1389 669 1429 ad
702 1388 775 1429 illa
807 1389 995 1430 Maronis
1030 1388 1169 1431 ‘cassus
1208 1393 1442 1431 Cass-andra
1474 1390 1666 1433 canebat’

165 1455 273 1512 [aen.
306 1457 378 1507 ΙΙΙ,
415 1457 512 1512 163]
544 1456 655 1498 hanc
685 1458 1035 1511 compositionem
1070 1459 1154 1499 iam
1187 1459 1383 1500 vitiosam
1418 1473 1521 1509 esse.
1561 1475 1671 1513 quae

163 1524 399 1566 maioribus
440 1525 653 1579 placuerit
695 1525 761 1582 [cf.
794 1530 836 1567 et
867 1526 1065 1567 Martiali.
1100 1527 1147 1577 V,
1189 1528 1302 1582 514]⁸
1373 1527 1485 1569 idem
1528 1532 1671 1569 tamen

165 1592 269 1634 alibi
295 1592 402 1649 [aen.
422 1593 468 1644 V,
502 1593 599 1650 866]
625 1594 680 1635 ad
710 1594 813 1635 illud
849 1593 954 1636 ‘sale
983 1609 1089 1635 sara
1120 1593 1340 1636 sonabant'
1377 1599 1488 1645 hene)
1520 1597 1670 1651 inquit,

163 1664 339 1702 {milatus
371 1669 429 1702 est
460 1666 585 1703 maris
615 1666 844 1704 stridorem.

277 1731 418 1784 Atque
451 1734 741 1785 contemptum
773 1732 954 1784 figurae,
989 1731 1040 1773 de
1073 1746 1158 1785 qua
1190 1732 1352 1785 agitur,
1386 1732 1574 1773 studium
1606 1733 1672 1774 vel

162 1799 346 1840 maxime
375 1814 483 1841 saec.
512 1814 550 1853 p.
577 1799 672 1841 Chr.
696 1800 714 1840 Ι
736 1803 975 1853 poetarum,
998 1800 1216 1841 hominum
1241 1801 1670 1854 elegantissimorum,

161 1867 283 1908 libris
316 1867 573 1909 declaratur.
636 1882 769 1922 quare
801 1868 915 1922 quod
947 1868 1086 1918 fuere,
1132 1869 1203 1922 qui
1240 1870 1282 1909 in
1314 1869 1440 1910 Statii
1473 1870 1670 1910 carmini-

162 1935 241 1977 bus
284 1936 374 1977 eius
412 1951 536 1978 usum
577 1936 842 1990 deprendere
883 1937 964 1978 sibi
1008 1937 1255 1978 viderentur
1294 1937 1582 1991 frequentius,
1629 1941 1672 1978 et

162 2018 261 2045 raro
294 2004 524 2046 admodum
560 2018 653 2045 eam
684 2004 880 2046 adhiberi
913 2010 956 2046 et
986 2006 1054 2046 vix
1087 2005 1262 2047 consilio
1295 2005 1518 2059 rescripsit
1548 2005 1671 2046 nobis

164 2072 265 2113 Otto
289 2072 532 2114 Muellerus.
593 2072 842 2114 ultimorum
863 2087 963 2115 vero
986 2079 1225 2128 temporum
1256 2074 1379 2127 siqua
1400 2073 1672 2115 inveniantur

163 2140 358 2194 exempla
403 2140 591 2190 diversa,
640 2155 792 2194 parum
834 2156 968 2183 cures.
1030 2146 1075 2183 at
1115 2156 1166 2183 ne
1208 2143 1250 2182 in
1289 2141 1455 2197 hymnis
1498 2141 1669 2195 quidem

164 2208 492 2250 christianorum
527 2209 779 2250 allitteratio
812 2213 932 2251 extat
963 2210 1043 2251 nisi
1075 2210 1307 2252 rarissime.

276 2277 364 2318 Iam
397 2277 449 2318 de
469 2277 814 2318 homoeoteleuto
849 2292 942 2320 cum
975 2279 1226 2333 scripserint
1247 2279 1453 2333 plerique7
1487 2293 1669 2332 quorum

162 2345 390 2386 novissimo
450 2349 645 2399 tempore
712 2346 914 2388 collectas
977 2348 1237 2388 examinavit
1294 2347 1514 2401 opiniones
1568 2348 1669 2388 Otto

163 2413 468 2466 Dingeldeinus
516 2414 560 2454 in
603 2413 713 2454 libro
751 2414 978 2467 diligenter
1029 2417 1189 2469 scripto
1232 2415 1283 2456 de
1324 2416 1669 2457 homoeoteleuto

164 2482 330 2522 Graeco
362 2496 413 2523 ac
444 2483 595 2524 Latino
628 2483 759 2537 [Lips.
790 2483 926 2539 1892}
962 2484 1090 2525 veluti
1117 2484 1373 2525 Woelflinus
1408 2488 1449 2525 et
1483 2484 1671 2526 Meierus

164 2549 234 2603 (de
274 2550 356 2590 hoc
402 2550 563 2591 dictum
605 2551 808 2604 Opusculi
838 2551 878 2591 II
922 2552 1084 2605 initio),
1126 2555 1270 2592 tamen
1317 2552 1389 2605 qui
1433 2552 1671 2606 expedierit

161 2622 387 2671 poetarum
418 2618 668 2660 Latinorum
697 2633 856 2660 morem
888 2634 971 2660 non
1002 2620 1181 2660 invenio.
1245 2634 1328 2673 quo
1361 2624 1504 2661 autem
1538 2621 1668 2673 perti-

164 2686 257 2727 nuit
287 2686 578 2739 exemplorum
613 2687 828 2739 ingentem
867 2687 1081 2741 complere
1116 2687 1352 2737 cumulum7
1400 2702 1492 2729 cum
1544 2688 1670 2728 facile

164 2758 337 2807 possent
371 2754 519 2794 eadem
561 2754 698 2795 denuo
743 2755 932 2795 excussis
972 2754 1093 2795 libris
1139 2759 1328 2796 veterum
1362 2755 1669 2809 multiplicari?

163 2822 320 2863 etenim
349 2821 424 2863 illa
453 2822 593 2875 figura
625 2836 718 2862 cum
751 2823 1018 2876 provenisset
1040 2823 1203 2876 pariter
1235 2837 1329 2864 cum
1362 2823 1669 2864 allitteratione

163 2915 216 2922 —
250 2903 335 2944 qua
375 2889 546 2944 quidem
588 2893 630 2931 et
670 2889 835 2931 facilior
876 2890 1044 2944 longest
1088 2894 1130 2931 et
1161 2891 1371 2944 apertior3
1415 2891 1573 2945 quippe
1615 2890 1671 2932 ad
