1898 3292
250 243 332 281 448
859 252 978 276 numa
999 250 1155 276 sssx'rvs.

249 353 431 393 hainart.
466 352 587 406 564],
629 356 804 402 supplex
847 351 979 406 [Porf.
1015 356 1078 401 14,
1113 355 1185 403 11;
1218 352 1310 405 25],
1350 355 1533 402 supplico
1567 352 1756 406 [Damas.

250 435 317 474 ap.
350 420 513 461 Daniel.
546 420 582 471 1,
617 425 659 471 9,
691 421 784 474 22],
826 423 1054 473 praeterea
1096 419 1264 460 Graeca
1303 423 1476 461 ecclesia
1521 420 1656 474 [Paul.
1694 425 1756 471 15,

253 493 347 540 117,
380 488 523 542 alibi],
567 491 736 540 abyssus
776 487 913 542 [Paul.
946 491 1010 538 19,
1044 488 1157 541 651].
1198 513 1254 517 -
1298 492 1488 529 ceterum
1521 489 1758 542 composita

248 571 350 598 voce
382 558 425 597 in
461 556 653 598 confiniis
683 556 872 610 partium
903 569 998 596 cum
1029 555 1204 596 meliore
1240 556 1388 609 utique
1421 561 1647 610 poetarum
1678 571 1758 598 usu

248 625 515 679 producatur
544 624 703 667 vocalis
734 623 997 678 praecedens
1027 649 1080 654 -
1112 637 1209 664 nam
1244 623 1431 665 Lucilius
1463 628 1505 665 et
1533 625 1758 666 Lucretius

249 695 362 747 quod
386 694 532 735 dixere
559 699 770 743 comptum
801 692 921 733 brevi
942 692 1082 746 prima
1116 690 1203 747 [lX,
1227 696 1268 744 23
1293 693 1360 743 VI,
1386 693 1521 747 1133]
1553 693 1758 746 migrasse

249 762 448 804 videntur
480 762 707 803 veritatem
741 760 966 814 analogiae
998 760 1185 814 quodam
1217 760 1371 812 studio,
1415 761 1525 802 sicut
1556 761 1628 802 alii
1661 775 1758 802 con-

247 831 387 872 traria
418 831 483 872 usi
514 829 843 871 ratiocinatione
875 833 1014 870 conire
1047 829 1248 870 dixerunt
1278 843 1356 883 pro
1388 833 1499 870 coire
1536 830 1696 884 [Quint.
1729 830 1758 879 Ι,

251 903 287 950 6,
324 900 393 953 17]
434 899 500 940 vel
541 901 822 945 conazcdimmz,
867 901 1115 948 compassum-e
1160 897 1297 952 [Paul.
1331 897 1438 938 diac.
1473 901 1548 949 653
1582 898 1653 951 64]
1692 923 1758 947 -,

252 968 413 1021 poterit
457 966 591 1008 videri
637 965 806 1007 acutius
852 979 980 1019 quam
1026 966 1166 1007 verius
1211 966 1413 1007 statuisse
1459 965 1759 1007 Lachlnannus

251 1037 308 1091 [p.
340 1036 438 1089 136]
472 1035 598 1077 Gellii
631 1034 656 1075 1.
689 1034 729 1075 ΙΙ
761 1035 847 1088 [17,
879 1038 925 1086 83
957 1034 1008 1075 cf.
1041 1048 1190 1075 comm.
1223 1034 1426 1088 Hertzii],
1459 1033 1532 1075 ubi
1564 1035 1759 1087 exempla

252 1104 493 1146 afferuntur
524 1102 763 1157 productae
794 1102 1127 1156 praepositionis
1160 1117 1218 1151 σο,
1251 1102 1524 1144 scribendum
1557 1116 1649 1143 esse
1681 1116 1758 1156 pro

247 1177 440 1225 colliqes-e
470 1197 526 1202 —
554 1172 614 1213 sic
646 1171 756 1212 enim
779 1170 906 1224 vulgo
937 1171 1075 1212 fertur
1107 1196 1158 1200 ——
1191 1174 1399 1222 columne.
1451 1185 1550 1212 nam
1576 1170 1760 1212 sufficiet

247 1246 352 1295 puto
374 1240 583 1283 vocabulo
614 1239 686 1281 isti
712 1239 893 1280 alteram
926 1239 1054 1280 eximi
1084 1244 1107 1280 l.
1171 1242 1360 1280 ceterum
1392 1243 1440 1280 ut
1464 1240 1532 1280 hic
1564 1243 1758 1290 coliyare,

249 1310 358 1352 dixit
398 1313 587 1350 colocare
617 1307 839 1361 Porfyrius
883 1308 1070 1348 carmine
1112 1307 1167 1348 ad
1198 1308 1377 1349 Bassum
1420 1308 1505 1362 [21,
1544 1308 1622 1361 11].
1685 1307 1759 1348 sed

251 1379 315 1420 usi
358 1378 530 1419 invento
564 1375 829 1417 Lachmanni
867 1377 910 1416 in
941 1389 1067 1417 versu
1109 1376 1259 1417 comici
1300 1376 1443 1418 nescio
1486 1376 1623 1426 ouius,
1664 1389 1758 1416 011111

250 1448 305 1489 sit
335 1445 522 1488 traditus
552 1445 653 1486 talis
686 1445 784 1499 [inc.
815 1444 895 1486 inc.
928 1444 1013 1486 fab.
1047 1445 1139 1499 24]:

436 1531 501 1566 sed
527 1531 596 1566 sibi
625 1542 707 1565 cum
734 1530 860 1564 tetulit
884 1541 1057 1564 coronam
1083 1531 1130 1565 ob
1158 1531 1382 1575 colligandas
1408 1531 1565 1575 nuptias,

249 1620 505 1661 reponemus
533 1605 651 1656 illud,
684 1604 798 1658 quod
829 1605 953 1646 unice
989 1605 1175 1659 exigitur
1207 1619 1344 1656 sensu,
1377 1609 1642 1656 columnulas:

364 1676 455 1716 Iam
494 1673 646 1715 incidit
686 1677 856 1726 tempus
899 1673 951 1714 de
995 1673 1209 1726 producta
1253 1687 1328 1715 seu
1372 1677 1572 1727 correpta
1609 1674 1761 1714 vocula

251 1748 328 1786 recl
365 1742 617 1797 exponendi.
679 1755 789 1795 quae
830 1741 884 1782 ab
927 1742 1226 1794 antiquissimo
1257 1746 1450 1796 tempore
1481 1756 1559 1795 per
1589 1755 1760 1795 compo-

249 1813 447 1854 sitionem
475 1811 728 1865 plerumque
762 1811 922 1852 amissa
952 1813 1052 1851 ante
1085 1824 1315 1852 consonam
1348 1815 1375 1851 d
1417 1824 1512 1851 cum
1544 1810 1758 1852 breviare-

251 1886 343 1933 tur,
388 1884 533 1922 tamen
578 1879 695 1921 haud
742 1879 852 1920 raris
891 1878 1097 1933 exemplis
1138 1879 1298 1930 evenit,
1345 1883 1393 1920 ut
1436 1879 1572 1933 ipsius
1619 1879 1758 1921 finalis

249 1952 507 1992 servaretur.

363 2017 522 2059 Notum
562 2016 692 2058 etiam
735 2017 778 2057 in
818 2029 946 2070 prosa
990 2029 1159 2070 semper
1201 2016 1285 2057 dici
1326 2020 1468 2058 reddo.
1529 2029 1658 2070 porro
1694 2030 1759 2057 re-

250 2089 414 2128 cidendi
444 2084 712 2135 vocabulum,
745 2084 917 2138 quando
946 2084 1126 2138 corripit
1155 2084 1399 2135 secundam,
1431 2084 1615 2138 primam
1647 2085 1760 2139 apud

251 2155 485 2210 dactylicos
518 2153 720 2207 producit
751 2153 990 2195 assimilata
1022 2157 1050 2194 d
1086 2152 1236 2207 [veluti
1262 2153 1334 2194 Ov.
1361 2156 1531 2194 metam.
1560 2154 1628 2204 VI,
1656 2156 1759 2206 2123

252 2224 308 2275 X,
339 2227 408 2278 183
447 2223 588 2264 Iuven.
624 2225 691 2273 12,
725 2226 800 2274 543
843 2221 1025 2263 Phaedr.
1058 2222 1138 2273 Ill,
1174 2226 1241 2273 18,
1277 2222 1370 2276 15],
1423 2225 1603 2276 excepto
1647 2223 1761 2275 quod

249 2291 401 2333 ultima
431 2294 574 2332 aetate
606 2293 759 2332 auctor
790 2288 955 2331 Orestis
981 2289 1230 2343 tragoediae
1264 2290 1317 2344 [v.
1347 2291 1445 2344 757]
1479 2291 1676 2344 scripsit:

435 2378 472 2410 et
497 2386 607 2420 super
635 2386 716 2409 ossa
740 2386 844 2408 ruam
868 2374 1036 2409 recidens
1062 2375 1235 2418 spirantis
1260 2374 1417 2420 Egisthi.

251 2449 355 2503 quid
387 2449 501 2503 quod
533 2449 648 2504 apud
679 2449 926 2490 Terentium
961 2448 1157 2504 Hecyrae
1189 2449 1365 2503 prologo
1402 2449 1538 2490 altero
1582 2450 1674 2504 [47]
1717 2450 1759 2490 in

250 2518 461 2572 principio
502 2517 660 2560 senarii
690 2517 922 2559 Bembinus
964 2517 1147 2572 praebet
1192 2521 1433 2559 reccidere?
1491 2518 1554 2558 ita
1588 2521 1761 2559 reccidit

250 2586 490 2641 perfectum
523 2585 638 2640 apud
665 2585 866 2628 Plautum
893 2585 1028 2628 habes
1060 2586 1103 2627 in
1131 2586 1320 2628 Poenulo
1352 2586 1514 2641 [1369]
1566 2586 1760 2639 adeoque

251 2654 626 2697 Menaechmorum
663 2655 782 2709 [520]
815 2668 940 2696 versu
969 2654 1072 2696 hoc:

435 2751 560 2774 omnes
585 2740 622 2773 in
647 2742 684 2774 te
709 2739 821 2774 istaec
846 2739 1015 2775 recident
1041 2740 1282 2775 contumeliae

252 2813 610 2865 Studemundius,
659 2813 1020 2868 locupletissimus
1066 2814 1215 2867 iudeX,
1265 2817 1452 2856 testatur
1496 2815 1539 2855 in
1578 2812 1758 2855 Ambro-

251 2882 371 2924 siano
404 2882 487 2936 legi
518 2886 739 2925 reccident.
803 2882 917 2935 quod
959 2887 1103 2925 tamen
1135 2887 1317 2925 metrum
1350 2897 1434 2925 non
1465 2883 1635 2938 recipit,
1680 2883 1758 2923 nisi

252 2951 380 2992 altior
411 2951 518 2992 latet
550 2951 806 3004 corruptela.
854 2965 931 2992 nec
965 2965 1047 2992 non
1081 2955 1255 2992 extenta
1287 2951 1446 3004 ubique
1477 2951 1664 3004 primore
1696 2951 1758 2991 in-
