1898 3292
734 222 853 247 LrBER
871 221 1046 247 TERTIVS.
1562 213 1584 249 2
1592 214 1613 250 5
1621 213 1642 250 :3

136 327 218 367 lius
248 327 422 367 rimanti
455 340 548 367 cum
582 325 722 366 studio
758 339 850 365 esse
881 324 1085 364 affectata
1118 324 1172 364 ad
1194 324 1462 364 maiestatem
1486 323 1643 364 violen-

136 396 292 436 tiamve
324 393 565 435 addendam
598 394 801 441 orationi,
841 392 988 446 qualia
1030 396 1129 433 sunt
1171 391 1255 447 [od.
1288 392 1335 432 V.
1367 395 1470 443 2943
1503 392 1533 442 I,
1568 396 1642 442 623

136 464 177 504 il.
210 463 281 513 XI,
312 466 384 514 723
418 462 528 513 XVI,
555 462 651 516 156]
695 461 873 516 ‘donica
905 458 938 503 ὁ’
976 458 1229 514 οὐρανόθεν
1260 457 1379 511 νύξ’,
1423 459 1485 502 (τί
1516 459 1572 502 νύ
1603 463 1645 502 οῖ

136 531 270 575 τόσον
310 529 505 579 ὠδύσαο,
549 527 666 581 Ζεῦ’,
719 529 782 572 ‘os
824 530 869 572 δὲ
912 528 1037 571 λύκοι
1083 526 1175 579 ὦς’,
1222 527 1432 581 Vergilius
1475 528 1518 568 id
1563 527 1644 568 sibi

135 614 220 641 non
258 598 570 653 neglegendum
611 603 734 639 ratus
775 597 924 639 eodem
965 596 1108 647 modo,
1152 596 1384 650 aliquando
1427 596 1643 637 contrario

135 668 343 709 adhibuit.
406 667 481 708 sed
519 681 571 708 ex
614 666 941 720 insequentibus
985 665 1139 706 similia
1184 666 1256 718 qui
1297 665 1519 705 admiserit
1560 678 1643 705 non

134 737 302 777 invenio
350 740 524 790 praeter
572 735 737 789 singula
782 735 950 776 Horatii
997 738 1039 774 et
1085 733 1225 774 Ovidii
1273 734 1481 784 carmina,
1534 747 1644 786 quae

137 805 309 858 quidem
366 809 514 858 aperte
561 804 687 845 huius
739 803 1026 844 aemulatione
1080 806 1179 843 sunt
1226 803 1474 856 composita.
1546 806 1645 842 sunt

136 874 244 914 enim
278 873 386 914 haec
419 873 501 927 [ep.
524 873 576 923 II,
601 876 637 923 3,
663 876 765 923 1393
796 875 894 913 met.
919 870 1029 913 VIII.
1054 871 1153 925 359]
1193 869 1451 921 ‘parturiam
1480 877 1643 918 montes,

135 949 328 982 nascetur
356 945 557 982 ridiculas
589 938 696 981 mus’
742 944 784 981 et
814 953 944 993 porro
989 938 1049 979 ‘in
1083 942 1247 980 iuvenes
1278 947 1387 984 cerlo
1419 942 1479 979 sic
1502 942 1645 989 impele

135 1013 346 1059 vulnificus
375 1007 484 1050 sus'.
544 1009 700 1062 quibus
742 1012 841 1050 sunt
873 1021 1077 1062 expressa
1106 1007 1296 1049 Maronis
1335 1007 1440 1048 talia
1481 1008 1644 1062 [georg.

135 1078 165 1130 I,
200 1081 304 1130 1813
337 1092 427 1119 aen.
460 1077 534 1129 III,
567 1081 672 1129 3903
705 1077 822 1128 VIII,
855 1077 928 1131 43]
974 1075 1071 1118 ‘tecm
1106 1080 1247 1117 variae
1280 1080 1468 1117 c'nlzcclzcnl
1491 1083 1645 1126 pestes.

133 1161 257 1197 saepe
288 1150 462 1198 exiyuus
493 1144 601 1188 mzcs’
650 1145 824 1187 ‘litorec's
859 1149 1002 1197 inqens
1035 1149 1196 1186 inventa
1228 1147 1300 1185 snb
1339 1147 1497 1185 ilicibus
1533 1142 1641 1185 szcs'.

135 1229 232 1256 nam
266 1215 317 1256 de
348 1215 588 1256 imitatione
618 1214 893 1268 cogitandum
925 1227 1017 1255 esse
1039 1228 1122 1255 non
1145 1212 1286 1254 verbis
1308 1213 1434 1254 modo
1466 1213 1644 1266 paribus

135 1287 265 1337 atque
287 1283 469 1325 artificio
491 1284 685 1334 metrico,
709 1284 839 1324 etiam
861 1281 1197 1324 homoeoteleuti
1219 1282 1347 1322 simili
1369 1281 1645 1322 observantia

135 1352 411 1393 convincitur.
471 1352 575 1406 quid
604 1351 719 1405 quod
750 1351 921 1392 Horatii
953 1350 1125 1404 quidem
1155 1363 1324 1391 versum
1357 1350 1645 1391 aemulatione

135 1420 330 1474 prodisse
362 1420 540 1474 Vergilii
578 1420 750 1462 disertis
780 1419 921 1461 verbis
964 1423 1151 1460 testatur
1182 1418 1470 1469 Quintilianus
1514 1418 1644 1473 [VIIL

136 1493 172 1540 3,
205 1489 308 1544 20]?
369 1488 444 1530 sed
487 1490 598 1530 enim
634 1488 951 1542 insequentium
993 1502 1078 1529 non
1116 1487 1252 1540 magis
1285 1501 1414 1540 quam
1446 1487 1643 1528 vetustis-

135 1558 338 1599 simorum
367 1557 594 1610 quisquam
627 1557 836 1598 similibus
859 1562 924 1598 est
945 1571 1046 1598 usus
1068 1556 1249 1597 facetiis,
1303 1560 1490 1597 ceterum
1514 1569 1642 1608 quam

135 1626 340 1667 acerrime
362 1625 596 1676 vitandum,
627 1639 679 1667 ne
710 1626 836 1666 unius
869 1625 1052 1679 exempli
1082 1629 1157 1666 aut
1189 1625 1366 1666 alterius
1397 1624 1542 1665 fallaci
1572 1624 1643 1664 de-

135 1695 345 1749 cipiamur
383 1695 536 1748 specie.
604 1695 735 1736 veluti
778 1708 872 1735 cum
916 1694 1040 1734 Ennii
1081 1693 1357 1746 Lucretiique
1403 1692 1513 1733 tales
1560 1693 1645 1733 sint-

134 1777 410 1805 numerorum
459 1763 598 1804 exitus
653 1761 825 1804 ‘summa
871 1766 1056 1803 nitamur
1104 1777 1218 1813 opum
1263 1759 1338 1811 μί’,
1393 1760 1518 1812 ‘quae
1557 1775 1643 1802 cum

135 1835 258 1874 animi
289 1829 366 1881 125²,
410 1830 603 1873 ‘horrens
635 1835 838 1873 Arcadius
870 1828 979 1880 szcs',
1019 1830 1322 1872 describuntur
1353 1843 1455 1871 sane
1487 1829 1570 1871 illis
1603 1833 1645 1869 et

133 1901 336 1942 violentia
378 1900 590 1954 quaedam
633 1904 675 1942 et
714 1900 889 1951 horror,
935 1914 1082 1941 verum
1129 1913 1180 1941 ea
1222 1913 1306 1940 non
1345 1898 1535 1940 metricis
1575 1911 1644 1939 ra-

132 1969 322 2011 tionibus
352 1968 646 2019 declarantur,
689 1968 764 2010 sed
794 1967 992 2019 vocibus,
1036 1982 1146 2022 quae
1187 1972 1286 2009 sunt
1317 1971 1353 2008 υἱ
1383 1971 1425 2008 et
1455 1971 1641 2008 horrens.

135 2038 231 2092 quis
274 2038 384 2079 enim
429 2037 576 2079 credet
613 2037 796 2078 Ennium
839 2051 889 2078 ac
928 2037 1139 2078 Lucilium
1176 2037 1242 2078 vel
1274 2036 1527 2086 Homerum,
1570 2035 1643 2088 qui

134 2107 306 2148 minime
339 2111 438 2148 sunt
467 2106 674 2160 suspicati
707 2106 757 2147 de
789 2105 1024 2147 lectoribus
1067 2105 1313 2159 philologis,
1354 2109 1429 2146 aut
1459 2104 1642 2145 voluisse

135 2180 210 2217 aut
252 2175 444 2229 potuisse
491 2175 624 2216 semel
665 2175 730 2216 vel
771 2175 837 2216 bis
875 2174 1066 2216 indicare
1108 2174 1380 2216 insolentiam
1427 2172 1643 2227 quandam

135 2244 342 2285 orationis
373 2257 572 2285 versuum
616 2243 733 2284 exitu
777 2257 848 2294 eo,
893 2256 1018 2296 quem
1060 2243 1163 2284 alibi
1207 2256 1335 2297 saepe
1375 2243 1417 2283 in
1450 2242 1643 2283 oratione

135 2326 264 2365 quam
285 2313 470 2353 maxime
493 2312 677 2366 simplici
699 2316 741 2353 et
764 2312 908 2365 quieta
942 2311 1241 2353 adhibuissent
1275 2311 1400 2352 idem.
1453 2315 1640 2352 ceterum

134 2381 239 2421 satis
286 2385 452 2422 constat
501 2381 734 2434 Vergilium
781 2380 992 2434 quaedam
1043 2380 1196 2421 talium
1247 2379 1540 2433 exemplorum
1591 2378 1643 2418 de

133 2449 288 2491 horum
317 2453 543 2503 poetarum
573 2448 834 2490 carminibus
865 2448 1063 2502 proprios
1093 2449 1137 2489 in
1168 2448 1303 2490 libros
1326 2448 1381 2489 ad
1403 2446 1641 2489 ornandum

135 2530 291 2571 poema
315 2517 599 2559 transtulisse.

249 2585 443 2627 Eundem
475 2586 648 2639 cognitu
678 2585 794 2626 haud
827 2585 1061 2627 absurdum
1100 2585 1230 2627 etiam
1273 2585 1410 2639 quinti
1440 2584 1563 2638 pedis
1593 2583 1641 2623 li-

135 2654 276 2694 centia
307 2655 370 2695 uti
399 2653 454 2695 ad
485 2655 741 2707 gravit-atem
764 2654 962 2707 viresque
985 2653 1275 2696 conciliandas
1298 2653 1483 2695 orationi
1504 2652 1640 2693 velut:

340 2733 407 2765 nec
434 2722 531 2766 rapit
555 2722 741 2756 inmensos
766 2722 873 2756 orbes
900 2733 967 2766 per
992 2722 1142 2756 humum
1172 2733 1290 2767 neque
1317 2724 1420 2755 tanto

340 2789 533 2823 squameus
559 2779 596 2812 in
621 2779 757 2823 spiram
783 2781 906 2813 tractu
933 2790 970 2813 se
997 2778 1140 2823 colligit
1164 2779 1302 2824 anguis.

341 2835 586 2879 Caulonisque
616 2847 718 2869 arces
746 2839 782 2870 et
806 2835 1034 2880 navifragum
1063 2836 1291 2880 Scylaceum.

340 2892 457 2927 aeriae
485 2903 642 2936 quercus
667 2897 730 2927 aut
755 2893 938 2927 coniferae
966 2894 1152 2937 cyparissi.

339 2949 508 2984 lamentis
533 2950 746 2994 gemituque
773 2954 809 2984 et
835 2950 991 2984 femineo
1021 2950 1169 2985 ululatu¹
