1898 3292
699 225 817 249 LIBER
837 225 1047 251 SECVNDVS,
1549 219 1624 258 151

120 327 320 368 aeneidos
350 327 552 380 leguntur
583 330 881 380 tempestatem
917 327 1206 368 describentia
1243 329 1454 382 [Sl—913
1490 333 1627 370 102—

123 396 220 450 123]
256 409 451 449 quaeque
478 395 520 435 in
550 395 686 436 altero
720 395 907 436 eiusdem
943 395 1154 437 volumine
1184 396 1235 437 de
1258 397 1367 437 turri
1389 397 1431 437 in
1454 398 1626 439 Danaos

119 464 407 518 praecipitata
437 464 713 517 [ΜΟ-467]
775 477 912 516 neque
945 463 1032 504 ulla
1062 464 1198 505 maior
1230 470 1293 505 est
1324 465 1417 505 laus
1451 466 1626 518 Vergilii

120 546 246 585 quam
288 531 401 584 quod
442 531 534 572 istis
566 531 912 585 frequentissime
953 532 1116 585 pariter
1148 547 1197 573 ac
1239 532 1481 574 felicissime
1526 549 1626 575 usus

120 604 184 641 est
229 599 407 641 facetiis.
481 604 522 640 et
567 600 842 641 inveniuntur
892 599 1047 641 similia
1097 600 1213 642 haud
1258 601 1319 641 ita
1365 616 1464 643 raro
1512 602 1627 656 apud

118 668 344 709 Horatium
386 667 687 720 Ovidiumque,
736 668 873 709 minus
917 668 1031 722 apud
1074 669 1354 722 posteriores,
1399 684 1423 711 a
1471 670 1626 723 quibus

118 736 344 777 subtiliora
373 735 530 789 pedum
562 737 768 790 temporis
801 737 940 790 spatio
974 737 1219 789 aequalium
1252 737 1499 779 discrimina
1520 753 1625 792 pau—

117 804 234 845 latini
270 804 437 845 omissa.

234 872 466 914 Praeterea
497 872 610 926 quod
644 873 835 915 creditur
867 873 982 927 apud
1014 873 1197 914 Ennium
1231 878 1273 914 et
1296 874 1504 916 Lucilium
1536 876 1625 929 ple-

118 956 252 995 raque
294 940 538 982 abundasse
581 941 798 995 spondeis,
845 957 940 983 cum
986 942 1157 982 minime
1200 942 1409 996 probetur
1451 944 1626 985 maioris

118 1009 247 1064 spatii
278 1009 542 1062 fragmentis,
572 1023 623 1050 ex
656 1010 810 1063 quibus
843 1011 944 1051 solis
978 1025 1071 1052 cum
1105 1011 1292 1064 quadam
1315 1011 1625 1064 probabilitate

118 1077 447 1119 diiudicabimus
487 1092 680 1119 normam
727 1078 916 1129 illorum,
964 1079 1114 1120 dubito
1157 1079 1429 1133 plerumque,
1478 1094 1532 1120 an
1574 1094 1623 1121 eo

117 1151 285 1188 tantum
317 1145 490 1187 differre
518 1150 710 1188 veterum
744 1151 879 1188 artem
915 1161 939 1188 a
970 1148 1257 1201 posteriorum
1290 1147 1442 1198 dicam,
1476 1152 1523 1189 ut
1551 1148 1624 1199 illi,

118 1216 217 1257 dum
250 1230 397 1257 versus
431 1215 705 1266 conficerent,
740 1216 829 1256 sine
862 1216 954 1268 lege
986 1230 1099 1257 nunc
1130 1216 1323 1270 dactylos
1355 1231 1466 1257 nunc
1499 1231 1624 1270 spon-

117 1285 218 1325 deos
255 1283 562 1334 continuando,
610 1298 764 1338 parum
806 1284 1033 1325 videantur
1076 1299 1249 1326 curasse
1293 1285 1623 1326 concinnitatem

115 1367 387 1394 numerorum
421 1356 463 1393 et
494 1352 760 1394 varietatem.
804 1378 857 1382 -—-
898 1352 972 1394 sed
1001 1353 1111 1393 enim
1143 1367 1282 1394 sermo
1318 1353 1496 1394 Latinus
1529 1368 1624 1394 cum

114 1422 259 1476 plures
301 1421 433 1462 multo
472 1420 622 1474 longas
665 1421 824 1462 habeat
866 1421 1055 1471 Graeco,
1104 1421 1156 1462 ob
1203 1422 1247 1462 id
1291 1422 1429 1475 ipsum
1478 1436 1624 1463 versus

115 1489 348 1544 dactylicos
380 1490 571 1543 oportuit
602 1489 797 1530 duriores
830 1490 998 1530 evenire
1031 1489 1146 1543 apud
1174 1490 1400 1531 Romanos.
1452 1504 1549 1531 nam
1582 1494 1625 1531 et

115 1558 229 1612 apud
272 1557 505 1612 Vergilium
533 1558 754 1611 pleraque
796 1562 964 1599 scatent
1003 1558 1221 1611 spondeis,
1266 1572 1405 1612 neque
1449 1559 1624 1600 Ovidius

115 1631 158 1668 et
192 1627 264 1680 qui
304 1626 489 1680 proximi
529 1627 566 1667 ei
599 1627 704 1667 artis
736 1626 1001 1680 perfectione
1031 1630 1106 1667 aut
1137 1626 1310 1668 voluere
1343 1630 1419 1668 aut
1444 1631 1624 1681 potuere

114 1695 425 1737 volubilitatem
459 1694 614 1736 Graeci
649 1695 849 1736 carminis
883 1708 1144 1748 exaequare,
1187 1695 1262 1736 sed
1295 1696 1399 1737 satis
1430 1695 1622 1737 habuere

117 1763 321 1817 longioris
350 1763 471 1817 pedis
503 1777 554 1804 ac
587 1763 796 1805 brevioris
829 1767 1037 1816 quantum
1073 1768 1219 1817 posset
1255 1764 1349 1804 fieri
1379 1778 1622 1817 exaequare

113 1847 248 1874 usum.
308 1832 456 1885 itaque
498 1832 615 1886 apud
653 1832 836 1886 optimos
874 1832 986 1873 hanc
1018 1832 1108 1873 fere
1140 1832 1464 1886 proportionem
1495 1832 1624 1874 fuisse

117 1901 351 1952 existimes,
402 1904 450 1942 ut
502 1915 553 1942 ex
600 1901 765 1942 octonis
811 1900 1052 1954 septenisve
1100 1900 1280 1954 pedibus
1326 1901 1436 1941 terni
1483 1905 1624 1943 essent

114 1969 287 2024 dactyli,
327 1969 441 2023 apud
484 1969 742 2020 deteriores,
785 1973 833 2010 ut
865 1983 917 2010 ex
949 1969 1062 2010 senis
1106 1969 1213 2020 bini,
1257 1969 1388 2010 ceteri
1432 1969 1621 2022 spondei,

116 2052 210 2079 cum
241 2038 356 2092 apud
389 2037 579 2079 Graecos
609 2037 852 2079 contrarius
885 2036 1100 2078 obtineret
1132 2037 1340 2078 modulus.
1396 2041 1624 2091 praeterea

115 2106 407 2148 animandum
430 2120 455 2147 a
478 2107 665 2147 satiricis
688 2105 951 2157 auctoribus,
985 2120 1068 2159 quo
1090 2106 1267 2159 propius
1290 2106 1546 2148 accederent
1567 2106 1623 2147 ad

116 2175 323 2216 sermonis
358 2175 597 2228 quotidiani
629 2175 886 2228 exemplum,
925 2174 1061 2228 magis
1094 2174 1343 2215 adamatum
1376 2175 1622 2228 spondeum.

116 2259 167 2285 ex
208 2244 360 2286 ceteris
409 2249 456 2286 ut
499 2244 680 2297 quisque
719 2243 862 2297 potius
901 2243 955 2284 ad
989 2243 1165 2296 Vergilii
1197 2243 1283 2284 sive
1315 2242 1454 2284 Ovidii
1487 2243 1623 2297 appli-

116 2314 229 2354 cavit
265 2327 310 2355 se
342 2313 643 2363 imitationem,
682 2311 940 2367 disyllabum
980 2311 1305 2366 trisyllabumve
1345 2312 1516 2365 saepius
1550 2312 1623 2353 ad-

114 2381 255 2423 hibuit
282 2382 448 2435 pedem.

233 2450 432 2491 Ceterum
465 2450 577 2491 omni
610 2454 803 2503 tempore
836 2449 988 2489 merito
1022 2448 1240 2501 displicuit
1281 2448 1481 2502 spondeis
1523 2447 1623 2489 solis

117 2523 314 2559 constare
345 2532 580 2559 numerum.
643 2517 694 2558 de
726 2531 811 2570 qua
842 2531 887 2558 re
919 2516 1116 2567 Albinus,
1161 2517 1233 2570 qui
1273 2530 1362 2558 rem
1400 2516 1623 2557 metricam

116 2587 320 2627 tractavit
360 2586 575 2637 versibus,
620 2591 667 2627 ut
708 2586 822 2626 circa
862 2585 972 2626 idem
1017 2589 1184 2639 tempus
1227 2585 1265 2626 h.
1300 2599 1332 2625 e.
1376 2584 1454 2626 sub
1497 2584 1623 2625 finem

117 2669 148 2696 s.
171 2655 232 2696 III
267 2655 549 2697 Terentianus
581 2659 623 2696 et
654 2653 825 2695 saeculo
859 2654 948 2695 fere
979 2658 1077 2707 post
1108 2653 1299 2704 Rufinus,
1333 2668 1355 2693 a
1380 2667 1462 2706 quo
1495 2653 1574 2707 [gr.
1597 2653 1621 2693 l.

118 2724 185 2773 VI,
209 2724 309 2778 565]
343 2724 501 2764 citatur
535 2725 651 2777 (nam
673 2723 789 2776 quod
812 2722 927 2775 apud
949 2722 1062 2763 hunc
1083 2721 1157 2777 [ib.
1183 2723 1282 2776 573]
1311 2722 1353 2762 in
1375 2721 1457 2762 fine
1476 2735 1622 2762 eorum

118 2792 190 2844 qui
237 2792 289 2832 de
331 2792 518 2832 numeris
559 2791 691 2831 latine
737 2790 988 2844 scripserint
1034 2794 1297 2831 memoratur
1340 2789 1533 2837 Servius,
1578 2789 1622 2829 id

117 2873 270 2900 nomen
313 2859 429 2900 haud
472 2858 599 2900 dubie
640 2858 832 2899 additum
875 2858 928 2899 ab
958 2858 1267 2912 interpolatore
1299 2857 1527 2909 monacho)
1566 2882 1623 2887 —
