1898 3292
232 237 313 276 318
821 245 940 271 LIBER
958 246 1147 277 QVARTVS.

352 349 423 388 Cui
455 351 497 388 et
536 350 630 388 huic
671 361 765 388 cum
806 362 889 389 non
932 349 983 390 sit
1017 349 1192 390 dubium
1224 349 1286 390 ita
1316 362 1408 390 esse
1441 352 1555 400 orta,
1600 353 1649 391 ut
1682 350 1737 391 ad

231 416 385 469 stirpes
417 416 647 466 nominum,
690 430 800 469 quae
832 420 931 458 sunt
970 432 1021 468 qu
1050 417 1114 458 vel
1145 421 1183 466 h,
1227 418 1453 459 accederet
1490 418 1622 459 dativi
1651 422 1735 459 ter-

232 484 409 525 minatio
442 487 500 533 oi,
544 484 655 525 sicut
695 484 829 525 habes
862 489 1033 535 populoi
1064 488 1261 526 Bommzoe'
1292 499 1317 526 a
1348 485 1485 527 Mario
1520 486 1736 527 Victorino

229 555 424 593 notatum
460 551 626 608 [2463],
659 566 757 593 mox
789 567 810 593 ο
841 553 884 593 in
914 567 940 593 u
971 557 1139 594 mutata
1169 553 1341 594 brevem
1375 554 1538 595 coirent
1570 555 1737 596 vocales

231 646 284 652 —
308 620 422 674 quod
443 620 517 662 ubi
539 621 691 672 evenit,
720 636 771 671 qu
793 621 1055 674 pronominis
1077 621 1245 663 relativi
1267 622 1311 662 in
1338 636 1359 663 c
1390 626 1645 664 mutatumst
1672 649 1736 673 ——,

230 690 371 730 varias
406 692 548 730 tamen
582 690 826 730 excitarunt
857 691 1234 742 grammaticorum
1268 691 1446 744 antiqua
1477 691 1561 731 iam
1595 694 1737 746 aetate

230 772 368 799 curas.
430 772 610 811 quorun]
653 758 795 799 studia
832 772 909 811 pro
952 759 1163 811 gravitate
1206 759 1346 812 operis
1392 759 1637 801 omittentes
1678 760 1737 801 vi-

232 826 330 867 vida
368 827 511 880 potius
558 830 784 880 poetarum
831 827 1109 879 respiciemus
1156 827 1328 880 placita.
1400 827 1532 880 igitur
1577 828 1737 869 formas

228 895 334 936 istas
365 908 443 948 per
474 909 599 935 unam
634 894 843 949 syllabam
876 895 986 935 sicut
1018 895 1202 936 scaenici
1234 896 1413 946 vetusti,
1445 896 1506 936 ita
1537 895 1736 950 dactylici

229 963 284 1004 ad
324 963 450 1004 finem
490 977 625 1016 usque
670 964 809 1004 octavi
854 977 890 1004 a.
929 977 967 1004 11.
1009 978 1041 1003 c.
1083 963 1243 1004 saeculi
1284 964 1497 1004 constanti
1545 964 1737 1005 extulere

228 1046 321 1072 usu.
382 1031 545 1085 primus
578 1030 764 1073 diductis
796 1031 994 1085 partibus
1026 1035 1091 1072 cui
1123 1031 1231 1072 dixit
1264 1032 1426 1073 Seneca
1466 1033 1522 1073 ita
1566 1032 1736 1088 [Troad.

229 1103 334 1152 8523
369 1101 514 1154 Agam.
552 1099 671 1156 146]:

434 1186 559 1220 mittat
584 1188 621 1220 et
646 1185 759 1219 donet
785 1185 1004 1229 cuicumque
1029 1189 1161 1220 terrae.

435 1243 494 1277 cui
520 1242 686 1277 ultimast
710 1242 868 1286 fortuna,
896 1242 982 1287 quid
1009 1243 1158 1277 dubiam
1182 1243 1314 1277 timet?

228 1336 306 1364 nec
337 1323 464 1364 aliter
493 1323 707 1364 Iuvenalis
742 1322 795 1379 [3,
828 1328 904 1375 493
938 1327 974 1374 7,
1007 1322 1104 1379 211]
1124 1337 1155 1364 ε·

435 1408 514 1453 quis
542 1420 638 1442 nunc
665 1408 831 1453 diligitur
857 1409 925 1442 nisi
952 1409 1122 1442 conscius
1150 1412 1187 1443 et
1212 1409 1270 1442 cui
1296 1409 1450 1443 fervens.

435 1466 610 1500 cantabat
635 1466 763 1510 patriis
789 1466 825 1499 in
851 1466 1038 1500 montibus
1065 1469 1101 1500 et
1127 1467 1185 1500 cui
1215 1477 1285 1500 non
1314 1469 1412 1500 tunc.

227 1545 289 1586 ita
320 1549 475 1599 quater
505 1546 620 1600 apud
651 1546 895 1587 Martialem
926 1546 1141 1587 invenitur
1173 1550 1238 1587 61ιὶ
1270 1546 1527 1601 disyllabum
1561 1546 1608 1603 [Ι,
1645 1550 1737 1598 104,

228 1617 305 1666 22;
342 1614 453 1665 VIII,
487 1619 552 1665 52,
583 1618 628 1667 33
662 1615 733 1665 XI,
768 1619 832 1665 72,
866 1618 912 1667 23
945 1615 1038 1665 XII,
1071 1619 1137 1665 49,
1172 1614 1226 1671 3].
1287 1628 1415 1668 porro
1452 1619 1547 1656 huic
1576 1615 1642 1656 bis
1674 1615 1737 1656 di-

228 1686 436 1724 stractum
468 1682 602 1724 habes
635 1696 660 1723 a
691 1683 830 1724 Statio
866 1681 970 1738 [silv.
1003 1683 1034 1733 Ι,
1072 1687 1105 1733 1,
1141 1687 1242 1736 107;
1275 1687 1313 1733 2,
1350 1682 1467 1739 135]:

432 1768 549 1802 laetus
574 1768 659 1802 hnic
686 1768 782 1802 dono
809 1768 932 1802 videas
958 1768 1044 1803 dare
1071 1772 1153 1802 tura
1179 1772 1344 1813 nepotes.

435 1825 545 1860 falsus
571 1825 656 1859 huic
681 1826 811 1869 pinnas
838 1828 874 1859 et
901 1837 1038 1860 cornua
1063 1829 1224 1860 sumeret
1249 1826 1407 1860 aethrae.

229 1906 425 1959 congruit
457 1909 600 1947 autem
635 1920 730 1947 cum
761 1906 888 1960 primi
920 1921 959 1960 p.
983 1906 1078 1947 Chr.
1101 1921 1139 1947 n.
1173 1906 1334 1948 saeculi
1364 1907 1619 1960 scriptorum
1645 1921 1736 1957 usu,

228 1974 301 2027 qui
333 1988 461 2028 saepe
495 1974 764 2029 pyrrichiace
796 1979 961 2028 ponunt
991 1979 1069 2024 cui,
1102 1975 1216 2028 quod
1249 1975 1353 2016 dicit
1384 1975 1547 2016 Plotius
1592 1974 1735 2031 [2636]

227 2042 269 2083 in
303 2042 493 2084 Maronis
526 2057 653 2084 versu
686 2041 794 2099 [aen.
826 2043 855 2093 Ι,
891 2042 1015 2099 522]:

434 2139 454 2162 o
481 2129 618 2173 regina⁷
647 2140 778 2163 novam
805 2129 862 2162 cui
890 2128 1050 2163 condere
1075 2128 1248 2173 Iuppiter
1270 2129 1400 2164 urbem

227 2208 412 2262 primum
437 2208 685 2262 spondeum,
719 2212 884 2250 ceteros
908 2223 1000 2250 esse
1031 2209 1236 2264 dactylos.
1289 2209 1439 2251 ultimo
1462 2213 1605 2251 autem
1633 2214 1738 2252 teni-

227 2290 331 2330 pore
363 2276 521 2331 corripi
554 2281 754 2331 coeptum
785 2282 828 2319 et
857 2281 964 2326 huic,
1010 2277 1141 2319 veluti
1174 2278 1216 2319 in
1248 2278 1314 2319 his
1345 2278 1540 2320 versibus
1572 2278 1739 2320 Paulini

227 2344 383 2386 Nolani
417 2344 471 2401 [6,
504 2349 578 2398 293
615 2350 677 2397 16,
709 2345 802 2402 64];

435 2425 611 2469 obsequio
639 2425 823 2470 condigna
853 2426 911 2460 dei
938 2427 1072 2460 coniux
1097 2425 1182 2460 huic
1210 2426 1314 2460 alma.

434 2493 519 2516 cum
544 2483 665 2517 subito
692 2486 755 2516 aut
780 2483 850 2517 illis
877 2482 990 2517 corda
1015 2482 1184 2518 hostibus
1210 2487 1274 2518 aut
1298 2483 1382 2518 huic
1411 2495 1485 2518 ora.

228 2555 271 2592 et
300 2554 487 2592 testatur
527 2551 790 2605 pyrrichium
837 2555 988 2593 auctor
1024 2552 1239 2603 incertus,
1286 2552 1338 2593 (le
1370 2552 1531 2593 ultimis
1563 2551 1738 2606 syllabis

230 2619 307 2675 [gr.
340 2619 365 2661 l.
398 2620 467 2671 IV,
498 2618 595 2676 235]
640 2620 713 2673 qui
755 2620 928 2674 scripsit
970 2620 1025 2661 ad
1057 2621 1358 2662 Caelestinum.
1420 2620 1603 2674 (lenique
1640 2621 1737 2662 inde

227 2702 252 2729 a
284 2688 345 2729 III
376 2703 407 2729 s.
457 2689 500 2729 in
532 2691 716 2741 utroque
748 2689 1000 2742 pronomine
1022 2688 1250 2730 voluerunt
1282 2693 1295 2730 ἱ
1325 2703 1593 2731 6011111111116111
1625 2689 1739 2730 velut

227 2756 362 2798 habes
396 2756 511 2810 apud
543 2756 849 2798 Terentianum
884 2756 1032 2812 [15333
1068 2756 1217 2813 1375]:

433 2831 462 2864 ie
488 2831 628 2875 primus
654 2831 733 2874 erit,
762 2830 871 2874 longa
897 2831 957 2864 oui
982 2831 1105 2865 locata
1129 2831 1292 2875 primast.

434 2890 489 2922 est
513 2887 598 2922 huic
627 2887 799 2922 adversus
826 2887 896 2929 ille,
924 2888 985 2931 qui
1012 2887 1100 2922 duas
1126 2888 1254 2933 longas
1280 2887 1402 2922 habet.

228 2949 326 2990 hino
360 2954 541 3004 apparet
565 2951 777 3001 Albinum,
811 2964 953 2991 rerum
978 2952 1266 2993 Romanarum
1301 2951 1566 3004 scriptorem,
1599 2964 1737 3004 quem,
