1898 3292
264 184 344 220 342
854 188 973 212 LIBER
993 186 1179 217 QVARTVS.

380 294 433 333 At
470 292 725 332 ereticorum
759 290 947 331 elisionis
969 304 1054 331 11011
1074 290 1287 330 invenitur
1314 288 1553 342 exemplum
1576 289 1617 329 in
1639 289 1769 330 hexa-

262 362 410 404 metris
433 360 569 410 Ennii,
601 359 717 413 apud
748 372 874 412 quem
903 358 1024 413 [341]
1057 372 1151 399 cum
1183 358 1327 411 Lipsio
1360 357 1635 398 scribendum
1667 361 1774 399 debit

262 434 389 479 homo,
422 443 505 470 non
529 432 670 470 debila.
723 427 935 469 admisere
958 426 1137 468 eandem
1160 426 1361 477 Lucilius,
1383 426 1576 467 Catullus
1597 429 1773 480 praeter

263 499 538 540 hexametros
571 497 808 546 continuos,
841 495 1048 536 Horatius
1086 495 1130 536 in
1169 495 1353 546 Saturis,
1396 494 1580 548 denique
1622 498 1773 536 auctor

262 567 435 621 Priapei
467 567 552 621 [85,
585 566 649 620 7]:

539 646 631 679 alter
661 643 814 678 adsidua
839 655 972 678 cavens
1000 643 1201 688 diligentia,
1228 645 1268 676 ut
1293 643 1418 677 herba.

264 719 415 757 contra
445 715 489 756 in
520 713 706 768 epistula
737 713 991 754 Hermiones
1022 713 1079 767 [s,
1111 712 1181 766 71]
1215 711 1328 765 quod
1361 711 1519 752 fertur:

541 793 685 828 Castori
710 793 914 837 Amyclaeo
942 796 979 827 et
1003 792 1207 837 Amyclaeo
1233 791 1387 834 Polluci,

264 871 299 911 si
338 884 421 911 non
467 868 683 910 videbitur
728 882 876 909 versus
923 867 1094 921 spurius
1141 867 1258 920 (nam
1298 866 1458 907 omittit
1499 881 1592 908 eum
1636 867 1776 920 prima

264 953 415 980 manus
449 937 609 979 codicis
642 936 1000 990 Guelferbitani),
1042 936 1186 989 potius
1227 936 1481 988 graecanico
1522 949 1641 976 more
1684 949 1774 975 cor-

264 1011 433 1062 reptum
478 1010 490 1047 2'
532 1005 712 1047 habebit
759 1008 929 1047 Casloress.
1001 1018 1139 1057 neque
1182 1004 1396 1057 Propertii
1437 1004 1462 1044 l.
1501 1004 1562 1044 III
1607 1004 1698 1059 [30,
1732 1003 1775 1057 5]

261 1075 487 1130 legendum
502 1090 510 1116 :

540 1166 650 1189 curve
678 1157 714 1188 tc
740 1154 776 1187 in
801 1153 1031 1188 Herculcum
1057 1153 1256 1197 deportant
1281 1152 1409 1186 esseda
1436 1151 1570 1195 Tibur,

263 1231 337 1273 ubi
381 1230 589 1271 traditum
632 1244 758 1271 curva
798 1237 834 1269 te
863 1228 929 1269 vel
967 1243 1041 1269 cm·
1073 1235 1211 1269 nalem.
1275 1226 1568 1281 reponendum
1602 1241 1676 1268 cm·
1709 1235 1778 1267 ant

265 1309 302 1341 te
334 1303 598 1348 HercuIemn,
641 1298 753 1339 sicut
791 1304 861 1338 mcc
905 1296 1135 1337 traiectum
1177 1295 1290 1349 apud
1331 1295 1513 1337 eundem
1552 1295 1595 1335 in
1627 1295 1774 1336 eodem

270 1368 324 1425 [5,
358 1367 438 1424 34}
477 1392 534 1397 *κ
576 1367 617 1407 111
651 1366 827 1407 Manilio
861 1365 1031 1406 dedisse
1063 1364 1265 1406 Iacobum
1311 1363 1384 1420 [11.
1416 1367 1489 1415 283
1521 1364 1572 1404 cf.
1605 1367 1648 1404 et
1678 1363 1775 1419 286]

258 1436 421 1478 ‘Persea‘
452 1443 489 1477 ec
520 1439 804 1477 Andromedae
829 1431 1010 1486 poena&
1056 1434 1210 1475 merito
1243 1436 1491 1486 contemptu
1522 1432 1778 1486 praeteribi-

266 1520 374 1547 mus.
436 1519 575 1558 neque
617 1503 721 1545 alibi
761 1503 846 1544 iam
879 1502 1029 1544 similis
1060 1502 1260 1544 licentiae
1292 1502 1508 1556 reperitur
1538 1501 1778 1555 exemplum

267 1574 383 1629 apud
414 1574 616 1615 classicos
644 1575 818 1626 praeter
848 1571 927 1612 hos
960 1572 1149 1612 Senecae
1189 1571 1408 1612 trimetros
1452 1570 1637 1627 [Thyesta
1674 1574 1778 1622 3253

267 1643 424 1684 Phoen.
457 1646 558 1694 2623
593 1640 695 1683 Oed.
730 1645 835 1692 6953
869 1640 993 1694 928]:

543 1732 672 1766 parces
700 1723 737 1754 et
761 1720 823 1754 illi.
870 1720 999 1754 consili
1024 1719 1283 1764 Agamemnon
1311 1719 1393 1753 mei.

541 1778 606 1813 sed
632 1780 788 1811 matrem
813 1778 940 1811 amavi.
983 1776 1154 1821 proloqui
1179 1777 1420 1821 hymenaeum
1447 1775 1572 1820 pudet.

544 1835 731 1879 incognita
755 1835 869 1879 igitur
896 1837 936 1868 ut
961 1845 1098 1868 nocens
1125 1845 1232 1868 causa
1260 1832 1413 1867 cadam?

544 1896 607 1927 aut
632 1892 773 1926 fervido
800 1892 929 1936 aliquis
954 1892 1039 1936 igne
1064 1892 1120 1926 vel
1147 1903 1235 1925 saxo
1262 1891 1397 1925 domet.

268 1984 347 2011 nec
379 1969 518 2009 minus
551 1982 572 2009 e
600 1967 845 2009 christianis
869 1967 1065 2021 plerique
1095 1967 1342 2008 abstinuere
1374 1969 1463 2007 tam
1494 1966 1674 2008 molesta
1707 1967 1779 2007 eli-

268 2039 408 2080 sione:
441 2037 663 2086 Iuvencus,
687 2037 888 2087 Avianus,
921 2035 1134 2086 Sidonius,
1167 2035 1419 2085 Martianus,
1442 2035 1612 2085 Arator,
1644 2034 1780 2075 Maxi-

267 2107 448 2156 mianus,
470 2105 697 2155 Luxorius,
719 2104 951 2157 Eugenius,
982 2107 1211 2158 praeterea
1233 2103 1528 2154 Terentianus,
1559 2102 1779 2153 Boethius,

268 2175 549 2224 Octavianus,
587 2176 740 2214 auctor
771 2173 1016 2222 Phoenicis,
1062 2176 1107 2214 at
1137 2172 1203 2213 usi
1236 2186 1286 2213 ea
1317 2172 1449 2213 semel
1481 2172 1547 2213 vel
1576 2171 1643 2213 bis
1675 2171 1779 2212 Pru-

267 2243 454 2294 dentius,
493 2243 721 2292 Ausonius,
752 2241 957 2292 Avienus,
991 2241 1256 2291 Priscianus,
1289 2240 1505 2291 Sedulius,
1544 2243 1696 2281 auctor
1728 2239 1780 2281 de

266 2311 428 2365 figuris.
490 2324 588 2352 nain
621 2324 647 2351 a
678 2309 913 2351 Prudentio
945 2310 989 2351 id
1022 2310 1172 2351 vitium
1214 2309 1448 2350 admissum
1477 2308 1673 2350 versibus
1712 2308 1779 2349 his

267 2380 378 2434 [peri
412 2383 461 2420 st.
498 2382 535 2429 3,
570 2382 670 2431 1723
702 2382 765 2429 11,
800 2379 862 2432 1]:

543 2458 701 2493 feminae
726 2459 771 2492 ab
799 2469 861 2492 ore
887 2469 1010 2492 meare
1037 2458 1169 2502 palam.

542 2516 754 2550 innumeros
781 2515 922 2549 cineres
947 2517 1160 2549 sanctorum
1185 2514 1345 2549 Romula
1372 2515 1409 2548 in
1435 2515 1537 2549 urbe.

267 2592 363 2645 pari
395 2594 525 2644 atque
565 2590 672 2631 talia
704 2589 982 2631 excusatione
1012 2593 1111 2631 sunt
1140 2589 1265 2630 firma
1297 2589 1474 2631 Ausonii
1504 2589 1612 2630 haec
1652 2589 1779 2644 [prof.

266 2660 436 2713 burdig.
470 2662 535 2710 21,
568 2662 640 2710 273
674 2657 789 2712 idyll.
820 2662 856 2708 2,
894 2661 963 2709 113
1002 2661 1065 2708 10,
1096 2660 1200 2709 2563
1231 2658 1340 2712 prof.
1373 2661 1438 2709 20,
1472 2658 1536 2712 8]:

541 2739 648 2773 liberi
675 2741 712 2772 et
737 2738 844 2772 ambo
870 2749 996 2782 genus,
1024 2737 1089 2772 sed
1114 2749 1204 2781 quos
1230 2738 1407 2772 meruisse
1433 2738 1594 2771 deceret.

544 2795 661 2840 optuli
688 2806 797 2839 opem
824 2795 966 2829 cunctis
992 2795 1233 2840 poscentibus
1259 2794 1347 2828 artis
1371 2795 1567 2838 inemptae.

544 2853 696 2887 dextera
720 2852 756 2885 in
783 2852 971 2895 obliquum
996 2854 1120 2895 raptat
1144 2863 1245 2895 puer.
1284 2852 1424 2896 excipit
1448 2852 1573 2885 ictum.

542 2910 733 2944 historiam
759 2909 895 2943 callens
921 2908 1016 2943 Livii
1042 2912 1079 2943 et
1103 2909 1299 2943 Herodoti.
