1898 3292
704 260 821 285 LIBER
842 259 1030 291 QVARTvs.
1541 250 1620 288 323

114 369 256 406 tonem
293 363 519 405 moralium
561 365 889 416 praeceptorum
933 365 1173 411 auctorem,
1216 361 1289 413 qui
1328 374 1438 401 saec.
1471 361 1531 401 III
1561 360 1617 401 vi-

115 432 240 474 detur
273 432 440 482 vixisse,
471 431 711 490 exemplum
743 430 830 471 tale
862 430 910 484 [1,
946 434 1008 480 18,
1041 430 1107 483 2]:

389 522 461 544 non
487 510 617 544 eodem
642 521 750 543 cursu
777 508 1005 553 respondent
1032 508 1160 542 ultima
1186 508 1322 552 primis.

115 589 244 639 atque
274 585 337 625 ita
368 588 507 626 eadem
540 583 795 639 disyllabum
827 586 947 624 extat
978 582 1092 636 apud
1124 582 1332 623 Avianum
1366 581 1446 638 [23,
1482 581 1547 638 12]
1580 585 1622 623 et

115 653 341 695 Paulinum
374 651 456 708 [15‚
491 656 594 704 3343
626 656 691 703 20,
725 655 818 699 331,
851 651 995 707 alibi]3
1034 651 1137 692 item
1167 650 1349 692 Orientii
1381 650 1622 692 Commoni-

115 723 227 763 torio
259 721 474 774 reperitur
509 720 554 776 [L
589 724 690 771 2373
718 721 769 771 Il,
804 720 915 774 369}
978 723 1020 761 et
1059 720 1120 760 sic
1158 720 1201 760 in
1233 719 1405 760 Alethia
1436 719 1622 760 Victoris

114 789 385 832 hemistichio
418 789 662 842 Vergiliano
698 788 786 845 [HL
821 787 917 844 030]
953 802 1033 829 una
1061 792 1282 838 eademque
1312 791 1398 836 wa,-
1438 786 1622 840 denique

116 858 375 900 Dracontius
397 857 438 897 in
463 856 766 898 Satisfactione
798 856 915 912 [1613
942 855 1037 912 181]
1073 860 1211 897 eadem
1239 859 1407 896 muliere
1438 863 1623 903 creatus,-

115 935 293 978 tempore
324 940 496 976 namque
527 929 712 967 eodemst.
747 950 800 955 -
840 929 1070 978 praeterea
1100 923 1261 965 notabo
1294 923 1507 977 Catullum
1537 924 1623 978 [64,

120 995 217 1049 120]
256 997 544 1045 praeoptarit,
592 998 813 1035 auctorem
859 993 910 1034 de
955 993 1105 1047 figuris
1147 992 1456 1034 sententiarum
1501 992 1623 1047 [154]

109 1066 404 1115 praeoccurse'o
448 1062 614 1103 coalitis
657 1062 814 1104 dixisse
858 1061 1045 1116 syllabis.
1108 1064 1258 1102 contra
1299 1064 1382 1102 scio
1415 1063 1458 1101 et
1488 1064 1623 1101 nescio

115 1145 346 1184 numquam
371 1144 465 1171 cum
489 1130 667 1184 synizesi
690 1144 871 1184 posuere
895 1129 1108 1184 dactylici,
1139 1129 1240 1170 licet
1272 1128 1399 1170 aliter
1426 1128 1624 1170 videatur

116 1200 329 1253 Wagnero
363 1199 473 1254 [aen.
496 1198 574 1249 IX,
599 1199 712 1253 296]
762 1212 892 1252 porro
926 1198 980 1240 ab
1015 1197 1149 1239 isdem
1182 1211 1352 1251 semper
1376 1201 1425 1238 ut
1455 1196 1624 1238 duabus

116 1267 291 1322 syllabis
331 1270 538 1315 nunciam,
580 1267 643 1307 ita
682 1270 801 1307 ellam
837 1270 880 1308 et
922 1270 1110 1317 quoniam
1149 1265 1374 1319 trisyllaba
1415 1265 1621 1306 adhibita.

118 1336 231 1377 unde
252 1334 319 1376 vel
342 1338 532 1376 extremo
563 1339 757 1388 tempore
780 1333 1029 1376 Aldhelmus
1060 1337 1108 1375 ut
1136 1332 1348 1374 tribrachi
1383 1333 1625 1387 exemplum

115 1404 237 1459 ponit
257 1403 364 1444 illud
395 1406 583 1454 quoniam
615 1403 700 1457 [pg.
725 1406 805 1445 286
833 1403 896 1444 ed.
922 1402 1083 1457 Giles]
1117 1427 1171 1431 —
1204 1401 1388 1455 denique
1418 1402 1626 1443 memoria

118 1473 294 1527 dignum
342 1471 648 1513 Terentianum
694 1472 930 1522 constanti,
978 1471 1059 1512 nisi
1106 1470 1209 1524 quid
1255 1484 1322 1511 me
1368 1470 1498 1525 fugit,
1544 1484 1625 1512 usu

118 1539 457 1595 monosyllabum
500 1553 660 1594 ponere
701 1543 814 1591 quia,
862 1539 977 1593 quod
1021 1553 1105 1593 quo
1138 1539 1322 1580 voluerit
1358 1539 1484 1580 modo
1526 1552 1625 1593 pro-

118 1609 361 1651 nuntiatum
393 1622 442 1650 eo
473 1609 613 1650 minus
646 1613 883 1663 comparet,
926 1622 1020 1650 cum
1059 1611 1102 1649 et
1134 1607 1331 1649 elidendo
1361 1608 1626 1649 imminuerit

118 1678 280 1733 [1090]
343 1676 492 1718 eadem
532 1690 734 1718 mensura
774 1676 929 1718 extulit
968 1680 1010 1718 et
1052 1676 1310 1718 deterrimus
1350 1679 1502 1718 auctor
1545 1676 1626 1717 Ve-

118 1747 290 1788 nantius
331 1745 525 1800 [miscell.
555 1745 612 1795 II,
647 1749 709 1796 15,
743 1746 787 1799 8]
828 1748 939 1795 filius
979 1752 1023 1786 ut
1068 1748 1207 1786 dicant
1254 1748 1387 1795 quiast
1429 1751 1626 1786 creatura

120 1819 197 1857 dei.
230 1840 286 1844 —
328 1818 374 1855 at
413 1813 671 1867 particulam
714 1817 871 1855 tatnetsi
910 1827 1005 1854 cum
1049 1817 1092 1854 et
1120 1813 1298 1867 integris
1331 1812 1552 1854 vocalibus
1584 1815 1627 1853 et

118 1883 294 1924 minutis
324 1895 484 1936 ponere
515 1882 718 1923 timerent
747 1885 903 1936 poetae
943 1881 1163 1936 dactylici,
1202 1885 1371 1923 tantum
1412 1895 1493 1922 non
1538 1894 1626 1921 om-

118 1952 218 1993 nino
249 1951 392 1993 abisse
423 1950 615 1992 videmus
648 1964 700 1992 ex
735 1965 815 1992 usu
847 1964 1006 1992 eorum.
1068 1964 1165 1991 nam
1209 1951 1451 2004 exemplum
1495 1963 1626 1991 unum

119 2020 266 2062 notavi
296 2019 450 2061 Lucilii
481 2019 548 2074 [V,
582 2019 646 2074 6]:

326 2111 397 2143 quo
422 2110 481 2133 me
505 2099 660 2133 habeam
684 2101 806 2143 pacto,
832 2098 978 2133 tametsi
1004 2109 1077 2132 non
1103 2098 1251 2142 quaeri',
1277 2097 1432 2133 docebo.

119 2177 347 2229 praeterea
378 2173 514 2215 habes
543 2177 752 2214 tamenetsi
783 2173 898 2227 apud
930 2173 1113 2214 Ennium
1149 2171 1260 2229 [ann.
1294 2171 1416 2228 527]:

326 2256 364 2287 at
390 2252 575 2288 Romanus
601 2253 722 2297 homo,
749 2253 942 2288 tamenetsi
968 2265 1025 2287 res
1052 2254 1145 2288 bene
1174 2256 1324 2298 gestast.

124 2332 275 2371 contra
305 2342 390 2370 non
420 2327 530 2369 bene
560 2328 776 2382 Hauptius
806 2328 850 2369 in
881 2327 1024 2369 Culice
1057 2326 1197 2384 [380]:

328 2411 366 2443 et
389 2408 586 2442 tamenetsi
611 2407 725 2451 audis,
753 2407 915 2443 dimittes
945 2407 1066 2441 omnia
1091 2407 1220 2442 ventis.

120 2483 241 2525 locus
273 2483 462 2536 graviter
492 2482 691 2534 affectus,
723 2486 771 2523 ut
800 2481 996 2536 plerique
1025 2482 1069 2523 in
1097 2482 1179 2523 hoc
1212 2482 1419 2532 carmine,
1448 2481 1629 2522 necdum

121 2552 359 2593 restitutus.
421 2565 559 2604 neque
587 2550 858 2605 probandum
891 2550 1007 2604 quod
1036 2551 1080 2592 in
1120 2550 1322 2592 laudibus
1353 2549 1519 2592 Pisonis
1559 2563 1630 2590 ex-

121 2620 273 2662 hibent
303 2623 509 2674 excerpta
539 2619 737 2661 Parisina
771 2618 880 2676 [2ss]:

605 2697 627 2707 ““
668 2699 866 2733 tamenetsi
890 2699 987 2733 bella
1013 2699 1195 2743 quierunt,

535 2767 608 2790 non
634 2756 745 2800 periit
769 2757 905 2799 virtus3

123 2824 198 2866 ubi
227 2828 343 2866 recte
376 2823 511 2866 codex
542 2823 759 2866 Siohardi:
792 2838 867 2866 nec
899 2828 1015 2873 enim,
1046 2828 1083 2865 si
1113 2826 1216 2865 bella
1248 2826 1452 2874 quierunt,
1485 2825 1633 2863 occidit

125 2899 174 2935 et.
206 2918 262 2922 —
293 2902 483 2934 ceterum
513 2892 735 2933 fatendum
767 2896 809 2934 et
837 2893 923 2933 alia
943 2892 1077 2934 verba
1108 2891 1286 2946 synizesi
1318 2890 1504 2931 obnoxia
1530 2903 1630 2931 raro

127 2962 239 3014 apud
274 2960 507 3015 dactylicos
530 2960 662 3002 fuisse
684 2976 776 3012 usu,
809 2975 904 3002 cum
927 2964 969 3002 et
991 2963 1215 3002 contracta
1237 2959 1362 3000 nimis
1385 2958 1632 3000 viderentur

1286 3026 1358 3060 21*
