1898 3292
688 245 807 269 LIBER
826 245 1024 269 SEPTIMVS.
1528 238 1609 276 489

106 349 367 390 nominativo
410 363 433 387 a
478 348 672 401 longam,
719 348 952 401 aliquando
998 348 1241 401 producunt
1287 349 1464 390 eandem
1514 365 1610 404 poe-

106 422 246 459 tarum
281 418 530 458 Latinorum
562 432 654 467 usu,
696 417 771 458 scd
812 417 1031 458 rarissime
1065 421 1188 458 extra
1218 418 1390 459 nomina
1422 420 1610 473 propria,

105 486 222 528 velut
260 490 408 527 cinara
446 486 604 538 legitur
638 485 896 528 Columellae
937 501 973 526 v.
1006 489 1100 537 235,
1144 500 1222 528 nec
1252 501 1455 539 umquam
1495 488 1611 541 apud

106 554 328 604 Lucilium,
364 554 622 605 Lucretium,
657 554 897 605 Horatium,
931 554 1164 605 Lucanum,
1196 554 1401 606 Persium,
1432 556 1609 597 Iuvena-

105 623 201 673 lem,
233 622 527 664 Claudianum.
576 622 703 664 huius
733 623 933 664 licentiae
960 623 1144 676 primum
1166 623 1349 677 praebet
1370 625 1610 678 exemplum

105 716 161 721 —
192 691 317 732 modo
339 691 445 732 fides
468 692 523 732 sit
541 691 719 742 Isidoro,
750 691 912 732 homini
932 691 1016 732 levi
1037 692 1280 742 admodum,
1313 693 1386 746 qui
1408 692 1535 734 affert
1556 719 1610 723 —-

107 759 430 813 antiquissimus
462 763 613 801 auctor
645 760 750 801 artis
780 760 942 801 Ennius
974 759 1116 816 [567]:

379 834 495 868 multa
519 834 598 868 foro
624 834 730 878 ponit
755 837 792 868 et
816 838 932 879 agoea
955 835 1066 879 longa
1090 835 1276 879 repletur;

106 897 180 938 ubi
223 896 398 950 quidam
442 895 501 938 ‘et
535 901 656 949 Zonqa
687 902 870 948 replerat·
900 896 1068 949 ayoea'.
1130 897 1205 939 sed
1245 899 1317 952 qui
1349 898 1613 941 Graecorum

106 966 148 1006 in
180 965 353 1006 modum
384 968 579 1014 Aeacida,
620 966 763 1019 potuit
802 966 930 1007 etiam
969 980 1098 1018 aqoea
1140 966 1293 1008 efferre
1324 967 1442 1008 finali
1472 968 1612 1021 longa,

107 1034 218 1075 sicut
247 1033 319 1074 alii
351 1033 507 1074 similia
536 1033 635 1075 inde
666 1047 692 1075 a
720 1034 936 1076 Ciceronis
968 1039 1129 1085 aetate,
1172 1036 1245 1089 qui
1272 1036 1436 1090 primus
1469 1050 1520 1077 ex
1551 1038 1613 1077 in-

108 1102 386 1155 sequentibus
428 1102 472 1143 id
513 1102 696 1144 admisit.
758 1116 856 1144 nam
898 1117 982 1145 non
1023 1104 1160 1157 magis
1202 1105 1414 1146 assentior
1450 1105 1616 1147 Brouk-

106 1171 230 1213 husio
262 1172 337 1227 [ad
368 1172 641 1225 Propertium
672 1171 724 1222 ΙΙ,
761 1175 822 1221 11,
854 1171 892 1228 5]
925 1175 968 1213 et
999 1173 1211 1214 Kootenio
1245 1173 1316 1229 [ad
1340 1173 1461 1214 Pind.
1485 1174 1614 1215 Theb.

108 1239 229 1297 640],
271 1240 343 1294 qui
393 1244 598 1294 corrupta
638 1254 689 1281 ac
727 1240 837 1282 falsa
880 1244 1125 1282 statuerunt
1167 1255 1259 1283 esse
1296 1242 1492 1296 exempla
1521 1243 1617 1291 ista,

109 1323 239 1362 quam
270 1309 566 1359 Lachmanno,
607 1309 681 1362 qui
718 1323 802 1350 non
834 1313 1012 1350 Aethrae
1050 1310 1197 1361 modo,
1239 1310 1368 1352 etiam
1400 1313 1537 1352 Ledae
1575 1315 1617 1353 et

108 1381 325 1419 Phaedrae
366 1377 576 1418 vocabula
617 1377 783 1432 pridem
832 1378 1056 1420 notissima
1094 1379 1258 1420 Latinis
1303 1393 1381 1433 per
1425 1380 1615 1433 tragicos

106 1447 298 1500 potuisse
332 1446 491 1500 corripi
524 1446 578 1487 ab
609 1446 759 1488 Ovidio
791 1451 920 1500 negat
958 1448 1015 1502 [p.
1047 1447 1166 1504 406]‚
1209 1461 1305 1489 cum
1347 1448 1433 1489 iam
1464 1451 1614 1490 Ledam

108 1515 353 1556 accusativo
376 1514 535 1556 dixerit
551 1515 739 1556 Lucilius
754 1515 904 1570 [XVIL
927 1516 963 1572 l]
986 1530 1064 1557 nec
1087 1520 1162 1558 aut
1184 1530 1312 1571 saepe
1335 1520 1411 1558 aut
1431 1517 1615 1558 libenter

107 1583 359 1624 admiserint
398 1598 424 1625 a
461 1583 716 1637 productam
756 1584 883 1625 istam
919 1589 1119 1626 auctores
1159 1610 1215 1615 -—
1253 1586 1366 1627 unde
1401 1586 1485 1640 ipsi
1518 1586 1614 1627 Ovi-

107 1652 177 1694 dio
213 1652 330 1694 dicta
366 1652 511 1706 potius
550 1655 660 1693 Lede
697 1653 902 1694 Amorum
943 1653 1054 1695 libro
1097 1654 1236 1708 primo
1275 1655 1365 1709 [10‚
1396 1655 1439 1708 3]
1480 1680 1534 1684 ——
1573 1658 1616 1696 et

107 1721 317 1762 concedat
356 1721 429 1762 ille
461 1724 679 1762 Pasitheae
716 1735 871 1762 nomen
908 1722 995 1762 iam
1034 1736 1059 1763 a
1092 1722 1277 1774 Catullo,
1315 1726 1559 1764 Philomelae
1590 1738 1615 1764 a

108 1789 296 1843 Vergilio
327 1789 507 1843 ipsoque
538 1789 726 1830 breviari
757 1789 940 1831 Nasone.

219 1858 354 1899 Porro
386 1861 564 1899 Anchisa
597 1857 737 1899 dictus
769 1858 921 1900 Latine
952 1859 1089 1901 Ennio
1121 1860 1227 1901 Anu.
1260 1875 1295 1901 v.
1331 1864 1398 1912 19,
1431 1860 1467 1902 si
1498 1865 1614 1903 recte

105 1927 302 1968 vitiosam
343 1927 570 1968 lectionem
613 1927 943 1969 emendavimus.
1005 1942 1082 1969 nec
1122 1929 1176 1970 ab
1220 1930 1370 1971 eodem
1406 1930 1613 1984 scriptum

107 1995 235 2036 credo
272 1999 321 2038 18
355 1999 569 2037 Anchisen.
633 1999 783 2037 contra
813 1996 1026 2050 Vergilius
1062 1998 1258 2039 vocativo
1297 2013 1399 2040 usus
1435 2002 1614 2040 Anchisa

105 2077 182 2118 per
212 2064 443 2106 molossum
475 2065 585 2119 [aen.
615 2065 688 2115 III,
711 2068 808 2116 475,
839 2065 914 2106 ubi
946 2069 1091 2107 tamen
1124 2066 1223 2108 libri
1255 2067 1443 2121 variant]
1475 2067 1530 2109 ab
1565 2082 1613 2109 eo

106 2132 220 2185 quod
253 2136 319 2174 est
349 2136 548 2174 Anchisas
580 2133 702 2174 duxit
732 2133 972 2175 flexionem.

219 2202 276 2242 At
306 2201 458 2242 Latine
486 2202 749 2243 nominativo
770 2202 837 2243 vel
859 2203 1054 2244 vocativo
1082 2207 1228 2245 Atrida
1260 2204 1432 2258 ponitur
1463 2219 1489 2246 a
1510 2205 1613 2246 Pro-

104 2270 245 2324 pertio
277 2269 545 2323 Horatioque
576 2270 667 2325 [HL
702 2274 738 2321 6,
769 2274 810 2320 1,
844 2285 876 2312 s.
904 2271 956 2322 ΙΙ,
981 2275 1017 2321 3,
1043 2273 1154 2327 187],
1187 2272 1241 2314 ab
1274 2273 1356 2314 hoc
1389 2276 1431 2314 et
1461 2272 1612 2315 Ovidio

107 2337 153 2394 [s.
184 2338 215 2389 I,
249 2342 285 2389 6,
311 2341 411 2390 120,
443 2342 540 2379 met.
566 2339 633 2385 VI,
656 2339 754 2395 400]
788 2342 971 2392 Marsya,
1002 2340 1104 2381 item
1136 2355 1162 2382 a
1192 2340 1383 2382 Martiali
1414 2356 1464 2383 ac
1492 2342 1612 2383 Iuve-

106 2406 193 2447 nali
223 2406 290 2462 [IL
327 2410 394 2457 61,
417 2411 463 2455 8,
496 2411 533 2457 9,
557 2406 612 2463 2],
645 2421 670 2448 a
698 2407 862 2449 Seneca
898 2411 1055 2450 Tiresia
1087 2409 1203 2465 [Oed.
1228 2409 1344 2466 289],
1375 2410 1430 2451 ab
1464 2410 1613 2451 eodem

105 2478 219 2516 Pelia
251 2474 379 2529 [Med.
413 2476 526 2530 201],
558 2489 583 2516 a
611 2475 757 2517 Persio
791 2479 833 2517 et
862 2476 1098 2518 Octaviano
1130 2480 1244 2519 Mida
1280 2478 1334 2535 [l,
1367 2482 1467 2530 121,
1500 2478 1613 2535 204],

106 2555 131 2582 a
160 2542 334 2584 Sidonio
376 2544 544 2597 [paneg.
577 2544 772 2585 Anthem.
809 2545 902 2601 176]
936 2545 1117 2599 aliisque
1150 2551 1353 2599 Archyta;
1394 2551 1436 2588 et
1478 2548 1613 2588 multa

105 2610 222 2652 dicta
250 2611 456 2652 similiter.
519 2616 669 2653 contra
706 2615 739 2653 T
739 2617 864 2654 {resia
895 2614 938 2654 in
969 2615 1164 2656 vocativo
1196 2631 1221 2657 a
1250 2616 1463 2669 producta
1493 2619 1613 2657 extat

105 2679 221 2732 apud
251 2679 479 2721 Horatium
513 2679 567 2736 [S.
600 2680 652 2731 II,
687 2686 722 2731 5,
759 2682 820 2736 1];
865 2685 995 2736 atque
1038 2683 1100 2724 ita
1136 2686 1315 2724 Tiresias
1346 2684 1515 2725 videtur
1546 2698 1611 2725 re-

104 2747 346 2800 ponendum
369 2748 522 2789 Lucilii
553 2749 675 2802 frgm.
697 2750 777 2791 inc.
805 2754 894 2792 110.
947 2765 1077 2805 porro
1110 2752 1335 2793 bucolicon
1358 2752 1412 2794 ab
1435 2756 1611 2794 auctore

104 2815 387 2856 Einsidelensi
419 2819 534 2857 Mida
562 2817 793 2859 adhibetur
824 2819 1007 2861 iambice
1040 2821 1098 2874 [1,
1133 2820 1183 2874 1].

219 2883 452 2925 Praeterea
492 2885 609 2926 haud
647 2886 869 2939 indignum
907 2888 1114 2929 memoria
1144 2891 1424 2939 Hippodamen
1466 2891 1610 2931 vocari

106 2965 131 2992 a
168 2952 357 3006 Vergilio
399 2953 635 3008 Ovidioque
681 2956 841 3010 [georg.
874 2957 952 3006 ΙΙΙ,
986 2961 1030 3010 7,
1070 2960 1168 2999 met.
1200 2958 1296 3009 XII,
1331 2959 1451 3014 210]‚
1500 2973 1610 3014 quae
