1898 3292
270 197 351 235 564
872 202 1109 228 opvscvnvm
1130 202 1185 227 111.

268 308 334 348 usi
376 310 476 348 sunt
515 305 644 347 rudes
683 303 848 358 populi,
898 317 980 343 non
1022 303 1158 354 magis
1198 302 1452 343 mirabimur
1493 316 1621 355 quam
1665 302 1779 356 quod

267 380 464 428 tempore
504 372 808 428 progrediente
851 372 1153 424 sollertiusque
1185 371 1354 412 exculto
1400 371 1576 421 iudicio,
1621 372 1656 412 si
1696 385 1780 412 non

270 448 467 496 utroque,
504 445 619 482 certe
651 441 806 494 priore,
839 453 923 492 quo
955 440 1094 480 minus
1123 439 1337 480 feriuntur
1359 453 1496 490 aures⁷
1528 439 1780 493 plerumque

272 511 586 553 abstinuerunt.

387 590 597 630 Nimirum
631 588 964 630 homoeoteleuti
994 588 1119 640 longe
1152 588 1293 628 acrior
1323 587 1386 628 vis
1418 592 1481 627 est
1512 587 1627 637 ideo,
1669 587 1782 640 quod

272 660 439 700 animus
471 658 524 700 ad
554 657 681 698 finem
724 657 858 710 partis
901 656 1107 697 orationis
1152 669 1320 709 semper
1362 660 1586 709 properat„
1627 657 1783 709 quippe

275 741 361 781 quo
394 727 504 768 ratio
539 726 819 778 condicioque
841 725 883 765 in
907 725 1129 766 enuntiato
1153 724 1349 765 obtinens
1372 724 1627 775 declaretur,
1661 725 1784 765 simul

274 795 388 849 quod
420 795 554 835 refert
585 794 824 846 elegantiae
855 794 897 833 in
930 807 1124 833 sermone
1157 792 1270 833 culto
1302 792 1441 832 finalis
1472 794 1784 846 pronuntiatio-

272 878 369 905 nem
415 862 777 916 neglegentiorem
823 861 988 914 figurae
1037 861 1122 901 sive
1169 861 1410 902 rhetoricae
1460 861 1545 901 sive
1589 863 1785 915 poeticae

274 932 472 986 impediri
504 931 728 984 gravitate.

390 1012 526 1064 Igitur
559 1010 673 1064 apud
706 1010 913 1059 Graecos,
954 1023 1134 1062 quorum
1180 1010 1504 1062 antiquissimus
1541 1014 1669 1064 poeta
1702 1011 1786 1051 iam

275 1080 567 1134 plenissimam
602 1078 790 1119 ostendit
821 1078 882 1118 rei
922 1077 1128 1119 metricae
1171 1079 1389 1130 peritiam,
1432 1080 1630 1132 exiguum
1664 1079 1788 1120 valde

278 1152 453 1202 praeter
500 1147 756 1188 comicorum
810 1145 945 1186 libros
996 1145 1316 1186 allitterationis
1368 1152 1550 1200 apparet
1600 1148 1787 1189 studium

276 1218 479 1269 (namque
525 1215 568 1255 hi
615 1229 717 1255 sane
761 1214 814 1255 ad
861 1214 1113 1255 movendum
1162 1213 1387 1255 ridiculum
1437 1215 1552 1256 haud
1600 1230 1698 1256 raro
1740 1231 1788 1256 eu

277 1286 374 1337 usi),
405 1288 447 1325 et
478 1283 650 1336 quidem
682 1283 769 1324 tale
801 1283 946 1328 ferme,
983 1282 1110 1335 quale
1143 1282 1255 1336 apud
1280 1283 1494 1324 Romanos
1525 1283 1624 1324 inde
1657 1298 1681 1324 a
1713 1284 1790 1325 Ca-

278 1352 373 1393 tulli
406 1356 612 1405 tempore.
676 1355 720 1392 at
760 1351 885 1392 aliter
923 1351 1046 1403 longe
1087 1364 1154 1391 res
1185 1351 1318 1392 habet
1350 1352 1465 1404 apud
1497 1352 1649 1393 horum
1682 1353 1790 1393 anti-

279 1420 518 1474 quissimos.

395 1500 449 1541 Et
479 1500 521 1540 in
555 1500 762 1540 arvalium
795 1499 967 1553 quidem
1006 1500 1186 1540 fratrum
1232 1500 1419 1541 carmine
1459 1501 1625 1554 pariter
1662 1505 1792 1554 atque

282 1569 529 1623 Scipionum
578 1568 726 1621 elogiis
774 1568 955 1621 aliisque
1001 1568 1353 1622 inscriptionibus
1402 1569 1700 1609 vetustissimis
1746 1573 1794 1610 ut

282 1642 412 1687 certa,
446 1637 505 1677 sic
539 1636 656 1677 haud
689 1636 751 1677 ita
783 1636 918 1677 multa
940 1637 1214 1677 inveniuntur
1236 1637 1556 1677 allitterationis
1586 1638 1793 1691 exempla,

281 1706 395 1759 quod
437 1705 580 1746 nescio
629 1718 683 1745 an
726 1705 780 1745 sit
826 1719 851 1746 a
892 1706 1166 1759 corruptione
1208 1706 1461 1758 gravissima
1507 1706 1794 1759 antiquissimi

281 1773 545 1815 monumenti
579 1777 621 1814 et
662 1777 903 1814 ceterorum
935 1774 1155 1827 paucitate
1187 1774 1479 1827 repetendum.
1541 1779 1656 1815 certe
1696 1789 1794 1828 pro-

282 1843 421 1896 priam
451 1841 563 1882 Latii
596 1855 674 1883 nec
707 1843 973 1883 extrinsecus
1006 1842 1214 1883 adscitam
1248 1842 1360 1883 hanc
1390 1842 1572 1896 figuram
1605 1843 1794 1884 dubitari

284 1925 366 1951 non
397 1913 551 1965 potest.

404 1991 526 2042 Quod
555 2005 651 2032 cum
682 1991 745 2031 ita
776 1990 848 2041 sit,
881 2004 932 2031 ea
963 2004 1099 2044 usque
1130 1990 1184 2031 ad
1216 1991 1343 2032 finem
1377 2006 1406 2032 s.
1440 2005 1476 2032 a.
1509 2006 1546 2032 u.
1581 2006 1613 2033 c.
1646 1991 1723 2033 VII
1754 1992 1796 2032 in

283 2059 406 2100 libris
438 2063 665 2113 poetarum
697 2059 990 2100 scaenicorum
1023 2059 1186 2112 pariter
1219 2063 1261 2100 et
1291 2063 1531 2101 ceterorum
1553 2074 1637 2102 non
1658 2061 1798 2102 minus

285 2142 414 2182 quam
470 2128 734 2182 pedestrium
787 2128 1044 2181 scriptorum
1102 2128 1229 2168 simili
1281 2129 1495 2169 invenitur
1541 2129 1795 2182 frequentia.

288 2211 415 2250 quam
450 2197 623 2250 quidem
656 2210 758 2237 casu
791 2200 833 2237 et
865 2210 948 2237 non
982 2196 1158 2237 consilio
1190 2200 1415 2238 auctorum
1452 2198 1698 2251 provenisse
1729 2199 1798 2238 vix

286 2266 368 2306 erit
411 2269 498 2306 tum
532 2279 678 2306 vecors
721 2265 793 2318 qui
836 2268 1012 2306 statuat.
1073 2265 1204 2306 veluti
1241 2265 1284 2305 in
1321 2266 1469 2318 primis
1510 2267 1797 2319 quadraginta

290 2333 493 2374 carminis
538 2333 785 2374 Lucretiani
831 2332 1024 2374 versibus
1072 2336 1221 2373 extant
1268 2331 1376 2374 haec
1422 2337 1540 2374 certa
1587 2339 1629 2375 et
1681 2334 1798 2375 clara

292 2401 611 2442 allitterationis
644 2401 840 2454 exempla
871 2401 920 2455 [I‚
944 2401 987 2455 2]
1032 2398 1192 2452 ‘supter
1215 2404 1392 2442 labentia
1413 2405 1546 2453 siqua,
1582 2402 1672 2456 [14]
1705 2406 1800 2443 inde

280 2474 406 2520 ferae
448 2474 632 2520 pecudes
675 2474 913 2520 persultant
954 2472 1112 2520 pabula
1158 2474 1284 2519 laeta,
1327 2470 1418 2524 [17]
1462 2484 1544 2521 ster
1579 2474 1709 2511 maria
1752 2484 1801 2511 ac

290 2544 455 2587 montes,
489 2538 580 2592 [24]
612 2545 648 2578 te
670 2542 818 2579 sociam
841 2542 982 2579 studeo
1004 2541 1233 2579 scribendis
1257 2541 1438 2579 versibus
1461 2552 1562 2588 esse,
1595 2539 1685 2593 [26]
1709 2546 1799 2579 lem-

281 2620 389 2655 pore
420 2609 459 2646 ἱη
485 2609 590 2647 omni
620 2609 800 2647 omnihus
832 2614 1016 2647 ornatum
1040 2609 1198 2647 voluisli
1228 2610 1430 2647 excellere
1460 2610 1594 2655 rebus,
1627 2607 1719 2661 [28]
1749 2611 1800 2647 da

291 2677 423 2722 dictis,
459 2678 564 2722 diva,
599 2678 788 2725 leporem,
823 2675 914 2728 [34]
948 2678 1126 2715 devictus
1159 2679 1324 2714 vulnere
1355 2679 1516 2723 autoris,
1550 2675 1640 2729 [36]
1665 2679 1803 2725 pascit

290 2755 427 2782 autore
449 2745 588 2783 (midos
610 2767 665 2772 -—
688 2746 808 2792 visus,
841 2743 932 2797 [37]
961 2746 1146 2792 resupini
1167 2745 1350 2793 ιεγήνῖίαις,
1382 2743 1473 2797 [40]
1501 2750 1645 2793 peleus
1670 2746 1801 2793 placi-

291 2813 381 2849 dam
414 2812 618 2858 Bonnmis,
657 2814 823 2859 inclusa,
860 2808 1044 2860 pacem'.
1107 2824 1235 2865 porro
1270 2811 1371 2851 mihi
1405 2812 1542 2852 locum
1578 2811 1801 2851 considera

290 2877 420 2918 talem
454 2878 502 2932 [L
537 2879 658 2933 722];
