1898 3292
713 239 831 265 LIBER
850 239 1005 264 PRmrvs.
1561 231 1613 267 83

111 344 235 394 cept-a
275 340 465 393 potuisse
504 353 698 390 noscere,
743 354 852 392 quae
899 340 952 380 ab
987 341 1166 380 Horatio
1208 340 1435 381 observata
1478 341 1615 381 credit

109 408 340 457 Christius,
380 411 524 449 tamen
551 408 723 449 minime
756 408 906 449 eadem
939 408 1077 449 utitur
1109 408 1338 449 severitate
1367 421 1542 449 normae
1571 409 1614 449 in

107 477 254 518 metris
287 476 446 518 eisdem
478 475 543 517 vel
575 476 783 518 similibus
815 490 982 528 eorum,
1023 491 1132 530 quae
1164 477 1371 518 Horatius
1403 476 1613 525 adhibuit,

107 545 183 586 sed
212 546 296 596 ita,
337 549 385 586 ut
418 548 460 585 et
499 544 590 598 ipse
621 545 706 585 iam
739 546 843 586 satis
875 545 1056 587 multum
1088 560 1113 586 a
1146 545 1411 587 Graecorum
1440 545 1615 587 recedat

105 613 319 655 libertate.
380 613 512 667 igit-ur
559 616 607 654 ut
646 613 871 655 Lucretius
918 617 960 655 et
1000 613 1209 665 Catullus,
1261 627 1356 655 mox
1399 613 1613 667 Vergilius

106 682 368 735 Ovidiusque
413 681 652 723 hexametri
693 683 1005 736 pentametrive
1050 686 1188 724 artem
1220 682 1411 736 legitimo
1445 686 1487 724 et
1515 697 1612 724 con-

106 765 212 804 gruo
242 750 376 792 indoli
407 751 625 792 Romanae
664 765 895 805 progressu
928 751 1208 793 excoluerunt
1239 752 1485 793 accuratius
1516 765 1613 793 con-

105 820 429 873 venientiusque
481 820 727 872 aequalium
778 820 928 861 melius
978 820 1268 861 litteratorum
1313 820 1501 874 placitis,
1553 821 1613 861 ita

106 888 312 929 Horatius
352 888 507 942 lyricos
549 892 770 929 cantorum
805 888 1091 942 Euphorionis
1122 889 1318 930 modulos
1351 889 1487 942 magis
1527 889 1611 930 iam

104 957 328 1010 perpolitis
371 956 589 998 hominum
630 957 799 998 iudiciis
840 961 882 998 et
923 961 1052 998 aucta
1093 957 1289 998 doctrina
1330 948 1498 1011 legibus
1539 957 1613 998 ad-

105 1025 278 1066 strinxit
308 1025 553 1066 artioribus.

219 1094 308 1136 Nec
341 1098 486 1136 tamen
515 1094 666 1148 ignoro
699 1094 892 1147 adeoque
923 1095 1103 1148 primus,
1143 1095 1224 1135 nisi
1255 1095 1399 1147 fallor,
1440 1095 1612 1137 demon-

103 1164 254 1214 stravi,
297 1165 503 1216 quantum
549 1164 753 1204 momenti
801 1163 1003 1205 habuerit
1047 1164 1090 1204 in
1134 1164 1315 1205 metrica
1354 1164 1611 1217 scriptorum

107 1235 298 1273 veterum
322 1231 622 1273 constituenda
643 1246 786 1273 rerum
810 1233 1189 1285 grammaticarum
1222 1233 1422 1283 studium,
1454 1233 1496 1273 in
1528 1247 1612 1287 quo

103 1300 244 1341 Latini
286 1304 440 1354 poetae
480 1300 609 1341 etiam
650 1300 896 1354 diligentius
935 1300 1291 1354 frequentiusque
1322 1302 1482 1342 versati
1513 1305 1613 1342 sunt

104 1383 232 1422 quam
274 1368 431 1410 Graeci
471 1372 569 1422 post
611 1369 903 1410 Alexandrum
947 1369 1161 1423 Magnum.
1227 1370 1374 1423 itaque
1417 1383 1501 1411 non
1549 1373 1614 1411 est

106 1451 181 1478 cur
223 1441 421 1491 negetur,
464 1437 663 1491 cupidine
704 1437 779 1478 illa
818 1441 958 1479 metra
1003 1437 1212 1491 pleraque
1255 1452 1307 1479 ex
1336 1437 1612 1480 nobilissimis

103 1505 283 1557 duobus,
316 1506 565 1547 hexametro
598 1506 809 1561 dactylico
842 1510 885 1547 et
911 1506 1109 1548 trimetro
1130 1506 1329 1558 iambico,
1360 1506 1612 1558 deducendi,

103 1575 223 1616 cuius
254 1575 394 1629 prima
421 1575 602 1628 vestigia
631 1578 679 1616 ut
708 1575 751 1615 in
782 1575 1032 1629 prohoemio
1064 1575 1309 1627 memoravi,
1338 1575 1614 1617 inveniuntur

104 1643 219 1697 apud
241 1644 490 1694 Varronem,
526 1643 689 1696 aliquid
712 1643 915 1685 collatum
944 1643 999 1685 ad
1030 1643 1190 1685 formas
1222 1658 1306 1695 eas,
1340 1657 1447 1697 quas
1479 1657 1612 1685 novas

102 1713 146 1753 in
175 1712 319 1767 lyricis
349 1712 536 1754 instituit
566 1712 784 1754 Horatius.
846 1716 891 1753 at
924 1715 1069 1754 tamen
1100 1713 1277 1766 propria
1308 1713 1442 1754 multo
1474 1713 1612 1766 magis

103 1780 301 1831 sollertia
335 1780 581 1834 iudicioque
620 1794 750 1834 quam
799 1781 1043 1822 summariis
1090 1781 1383 1835 professorum
1422 1781 1612 1822 metricis

100 1841 518 1903 praestantissimum
541 1863 753 1903 quemque
775 1853 1001 1903 poetarum
1019 1849 1214 1891 adiutum
1235 1849 1278 1890 in
1296 1853 1389 1891 arte
1411 1864 1611 1891 versuum

101 1917 384 1972 temperanda
415 1921 615 1972 apparet,
653 1921 702 1959 ut
737 1918 824 1959 iam
856 1917 959 1959 alibi
991 1917 1170 1969 dictum,
1210 1919 1276 1959 vel
1307 1931 1360 1960 ex
1389 1932 1456 1970 eo,
1498 1919 1612 1972 quod

101 1986 287 2040 plurima
337 1986 574 2040 eademque
624 1986 893 2040 ineptissima
946 1989 1183 2041 praecepta
1233 1987 1611 2040 grammaticorum

101 2055 344 2097 reiecerunt
373 2054 487 2096 idem
518 2068 569 2096 ac
599 2054 879 2108 reliquerunt.

217 2135 396 2176 Accedit
418 2135 533 2189 quod
554 2134 624 2176 vix
647 2138 711 2176 est
730 2134 957 2189 probabile
979 2137 1054 2176 aut
1071 2134 1342 2176 Aeolensium
1366 2138 1612 2187 metrorum,

104 2217 214 2257 quae
244 2204 409 2257 primus
440 2204 613 2245 novavit
644 2204 871 2255 Horatius,
912 2202 1027 2257 apud
1065 2203 1200 2245 ullum
1238 2216 1289 2244 ex
1321 2204 1613 2257 grammaticis

102 2271 290 2323 Latinis,
346 2273 419 2325 qui
468 2276 661 2326 tempore
707 2275 1058 2326 praecesserunt,
1110 2272 1320 2325 aliquam,
1370 2286 1423 2313 ne
1473 2272 1613 2314 dicam

106 2340 440 2393 accuratiorem,
481 2341 612 2383 fuisse
654 2341 985 2394 descriptionem
1032 2344 1107 2381 aut
1146 2354 1171 2381 a
1208 2354 1424 2394 quoquam
1457 2340 1612 2382 Roma—

104 2422 255 2449 norum
279 2409 595 2451 Graecorumve
618 2423 691 2451 eas
712 2408 943 2464 lyricorum
973 2423 1173 2450 versuum
1197 2422 1473 2450 caesurarum
1495 2408 1612 2463 leges

108 2476 355 2529 adnotatas,
387 2477 542 2531 quibus
573 2478 644 2519 ille
679 2477 1025 2519 constantissime
1056 2477 1204 2518 utitur.

218 2557 307 2598 Nec
338 2570 440 2598 vero
470 2557 586 2599 ultra
615 2557 740 2599 Iones
773 2560 816 2598 et
847 2557 999 2599 Aeoles
1027 2557 1240 2611 processit
1269 2556 1404 2608 idem,
1450 2557 1522 2610 qui
1560 2557 1612 2598 de

105 2624 312 2666 imitando
333 2625 520 2667 Pindaro
554 2626 657 2679 quid
687 2625 943 2668 iudicaverit
969 2629 1116 2667 notum
1140 2625 1252 2666 inter
1274 2639 1432 2676 omnes,
1464 2638 1611 2678 quam-

106 2707 234 2746 quam
264 2707 513 2748 processere
546 2694 630 2735 alii.
682 2708 704 2735 e
735 2694 891 2747 quibus
912 2693 1130 2735 Pindarici
1153 2693 1353 2735 carminis
1376 2696 1612 2735 sectatores

106 2762 413 2815 praedicantur
442 2762 578 2804 Titius
611 2762 732 2817 [Hor.
756 2763 877 2816 epist.
909 2763 940 2814 I,
973 2766 1009 2814 3,
1033 2762 1192 2816 9—13]
1226 2765 1268 2803 et
1298 2761 1434 2803 Rufus
1473 2760 1611 2815 [Ovid.

107 2842 169 2883 ep.
194 2843 245 2871 ex
266 2830 309 2871 P.
333 2830 402 2882 IV,
428 2834 493 2882 16,
516 2831 600 2884 28].
659 2830 814 2884 quibus
848 2830 1063 2884 quomodo
1094 2829 1283 2871 evenerit
1313 2843 1382 2870 res
1412 2842 1497 2871 non
1526 2829 1612 2870 iam

107 2898 209 2939 licet
255 2898 457 2950 discerni,
502 2899 584 2940 nisi
630 2899 744 2952 quod
790 2898 973 2940 alterum
1019 2913 1165 2940 eorum
1213 2897 1380 2939 urbana
1425 2897 1612 2950 quadam

1293 2976 1338 3010 6*
