<?xml version="1.0" encoding="UTF-8"?>
<!DOCTYPE html PUBLIC "-//W3C//DTD XHTML 1.0 Transitional//EN"
    "http://www.w3.org/TR/xhtml1/DTD/xhtml1-transitional.dtd">
<html xmlns="http://www.w3.org/1999/xhtml" xml:lang="en" lang="en">
 <head>
  <title>
</title>
<meta http-equiv="Content-Type" content="text/html;charset=utf-8" />
  <meta name='ocr-system' content='tesseract 3.04.00' />
  <meta name='ocr-capabilities' content='ocr_page ocr_carea ocr_par ocr_line ocrx_word'/>
</head>
<body>
  <div class='ocr_page' id='page_1' title='image "./deremetricapoeta00mluoft_0191.png"; bbox 0 0 1898 3292; ppageno 0'>
   <div class='ocr_carea' id='block_1_1' title="bbox 750 262 1678 299">
    <p class='ocr_par' dir='ltr' id='par_1_1' title="bbox 750 262 1678 299">
     <span class='ocr_line' id='line_1_1' title="bbox 750 262 1678 299; baseline 0.005 -5"><span class='ocrx_word' id='word_1_1' title='bbox 750 271 870 294; x_wconf 79' lang='lat' dir='ltr'><strong>LIBER</strong></span> <span class='ocrx_word' id='word_1_2' title='bbox 889 270 1098 295; x_wconf 69' lang='lat' dir='ltr'>SECVNDVS.</span> <span class='ocrx_word' id='word_1_3' title='bbox 1600 262 1678 299; x_wconf 80' lang='lat'>169</span> 
     </span>
    </p>
   </div>
   <div class='ocr_carea' id='block_1_2' title="bbox 171 371 1684 2963">
    <p class='ocr_par' dir='ltr' id='par_1_2' title="bbox 172 371 1680 495">
     <span class='ocr_line' id='line_1_2' title="bbox 172 371 1680 425; baseline -0.001 -11"><span class='ocrx_word' id='word_1_4' title='bbox 172 373 355 414; x_wconf 89' lang='lat' dir='ltr'>haberet</span> <span class='ocrx_word' id='word_1_5' title='bbox 385 372 544 413; x_wconf 83' lang='lat' dir='ltr'>veniae.</span> <span class='ocrx_word' id='word_1_6' title='bbox 607 386 787 425; x_wconf 89' lang='lat' dir='ltr'>quorum</span> <span class='ocrx_word' id='word_1_7' title='bbox 831 372 1027 425; x_wconf 75' lang='lat' dir='ltr'>equidem</span> <span class='ocrx_word' id='word_1_8' title='bbox 1070 371 1290 413; x_wconf 81' lang='lat' dir='ltr'>fastidium</span> <span class='ocrx_word' id='word_1_9' title='bbox 1330 372 1465 425; x_wconf 82' lang='lat' dir='ltr'>magis</span> <span class='ocrx_word' id='word_1_10' title='bbox 1498 372 1680 414; x_wconf 81' lang='lat' dir='ltr'>excultis</span> 
     </span>
     <span class='ocr_line' id='line_1_3' title="bbox 172 440 1679 495; baseline -0.001 -12"><span class='ocrx_word' id='word_1_11' title='bbox 172 444 442 495; x_wconf 77' lang='lat' dir='ltr'>posterorum</span> <span class='ocrx_word' id='word_1_12' title='bbox 473 444 712 494; x_wconf 88' lang='lat' dir='ltr'>temporum</span> <span class='ocrx_word' id='word_1_13' title='bbox 744 441 925 494; x_wconf 84' lang='lat' dir='ltr'>ingeniis</span> <span class='ocrx_word' id='word_1_14' title='bbox 958 440 1087 481; x_wconf 90' lang='lat' dir='ltr'>etiam</span> <span class='ocrx_word' id='word_1_15' title='bbox 1106 443 1280 481; x_wconf 88' lang='lat' dir='ltr'>auctum</span> <span class='ocrx_word' id='word_1_16' title='bbox 1303 440 1371 481; x_wconf 89' lang='lat' dir='ltr'>cui</span> <span class='ocrx_word' id='word_1_17' title='bbox 1393 441 1476 481; x_wconf 89' lang='lat' dir='ltr'>erit</span> <span class='ocrx_word' id='word_1_18' title='bbox 1496 440 1679 482; x_wconf 62' lang='lat' dir='ltr'>mirum?</span> 
     </span>
    </p>

    <p class='ocr_par' dir='ltr' id='par_1_3' title="bbox 171 508 1681 910">
     <span class='ocr_line' id='line_1_4' title="bbox 285 508 1679 564; baseline 0 -14"><span class='ocrx_word' id='word_1_19' title='bbox 285 509 422 562; x_wconf 87' lang='lat' dir='ltr'>Igitur</span> <span class='ocrx_word' id='word_1_20' title='bbox 453 523 532 550; x_wconf 90' lang='lat' dir='ltr'>nec</span> <span class='ocrx_word' id='word_1_21' title='bbox 561 509 761 564; x_wconf 77' lang='lat' dir='ltr'>dactylici</span> <span class='ocrx_word' id='word_1_22' title='bbox 791 509 911 550; x_wconf 90' lang='lat' dir='ltr'>verbi</span> <span class='ocrx_word' id='word_1_23' title='bbox 934 508 1109 563; x_wconf 81' lang='lat' dir='ltr'>syllabis</span> <span class='ocrx_word' id='word_1_24' title='bbox 1130 508 1292 549; x_wconf 80' lang='lat' dir='ltr'>ultimis</span> <span class='ocrx_word' id='word_1_25' title='bbox 1315 512 1514 550; x_wconf 76' lang='lat' dir='ltr'>constare</span> <span class='ocrx_word' id='word_1_26' title='bbox 1536 509 1679 550; x_wconf 90' lang='lat' dir='ltr'>volue-</span> 
     </span>
     <span class='ocr_line' id='line_1_5' title="bbox 172 577 1675 632; baseline -0.001 -13"><span class='ocrx_word' id='word_1_27' title='bbox 172 582 273 619; x_wconf 89' lang='lat' dir='ltr'>runt</span> <span class='ocrx_word' id='word_1_28' title='bbox 305 578 529 631; x_wconf 81' lang='lat' dir='ltr'>anapaesti</span> <span class='ocrx_word' id='word_1_29' title='bbox 560 592 635 618; x_wconf 90' lang='lat' dir='ltr'>seu</span> <span class='ocrx_word' id='word_1_30' title='bbox 675 577 834 632; x_wconf 86' lang='lat' dir='ltr'>dactyli</span> <span class='ocrx_word' id='word_1_31' title='bbox 866 577 1007 618; x_wconf 90' lang='lat' dir='ltr'>thesin</span> <span class='ocrx_word' id='word_1_32' title='bbox 1048 591 1251 629; x_wconf 87' lang='lat' dir='ltr'>umquam</span> <span class='ocrx_word' id='word_1_33' title='bbox 1293 591 1371 617; x_wconf 86' lang='lat' dir='ltr'>nec</span> <span class='ocrx_word' id='word_1_34' title='bbox 1413 577 1524 618; x_wconf 89' lang='lat' dir='ltr'>binis</span> <span class='ocrx_word' id='word_1_35' title='bbox 1556 591 1675 618; x_wconf 85' lang='lat' dir='ltr'>voca·</span> 
     </span>
     <span class='ocr_line' id='line_1_6' title="bbox 173 645 1680 699; baseline -0.001 -12"><span class='ocrx_word' id='word_1_36' title='bbox 173 646 285 688; x_wconf 91' lang='lat' dir='ltr'>bulis</span> <span class='ocrx_word' id='word_1_37' title='bbox 317 646 398 687; x_wconf 85' lang='lat' dir='ltr'>nisi</span> <span class='ocrx_word' id='word_1_38' title='bbox 431 645 663 699; x_wconf 84' lang='lat' dir='ltr'>aliquando</span> <span class='ocrx_word' id='word_1_39' title='bbox 692 646 734 686; x_wconf 88' lang='lat' dir='ltr'>in</span> <span class='ocrx_word' id='word_1_40' title='bbox 767 646 904 699; x_wconf 88' lang='lat' dir='ltr'>primo</span> <span class='ocrx_word' id='word_1_41' title='bbox 936 645 1067 699; x_wconf 85' lang='lat' dir='ltr'>pede,</span> <span class='ocrx_word' id='word_1_42' title='bbox 1108 645 1232 686; x_wconf 82' lang='lat' dir='ltr'>veriti</span> <span class='ocrx_word' id='word_1_43' title='bbox 1276 646 1433 699; x_wconf 84' lang='lat' dir='ltr'>quippe</span> <span class='ocrx_word' id='word_1_44' title='bbox 1474 647 1680 687; x_wconf 82' lang='lat' dir='ltr'>orationis</span> 
     </span>
     <span class='ocr_line' id='line_1_7' title="bbox 171 714 1681 769; baseline 0 -14"><span class='ocrx_word' id='word_1_45' title='bbox 171 715 369 769; x_wconf 88' lang='lat' dir='ltr'>partibus</span> <span class='ocrx_word' id='word_1_46' title='bbox 393 714 446 755; x_wconf 88' lang='lat' dir='ltr'>ad</span> <span class='ocrx_word' id='word_1_47' title='bbox 468 714 682 768; x_wconf 85' lang='lat' dir='ltr'>legitimos</span> <span class='ocrx_word' id='word_1_48' title='bbox 705 728 903 755; x_wconf 87' lang='lat' dir='ltr'>numeros</span> <span class='ocrx_word' id='word_1_49' title='bbox 926 714 1039 767; x_wconf 86' lang='lat' dir='ltr'>aptis</span> <span class='ocrx_word' id='word_1_50' title='bbox 1063 714 1183 755; x_wconf 85' lang='lat' dir='ltr'>abuti</span> <span class='ocrx_word' id='word_1_51' title='bbox 1214 714 1268 755; x_wconf 86' lang='lat' dir='ltr'>ad</span> <span class='ocrx_word' id='word_1_52' title='bbox 1301 714 1534 767; x_wconf 84' lang='lat' dir='ltr'>precarios.</span> <span class='ocrx_word' id='word_1_53' title='bbox 1581 714 1681 755; x_wconf 89' lang='lat' dir='ltr'>hinc</span> 
     </span>
     <span class='ocr_line' id='line_1_8' title="bbox 173 783 1681 837; baseline -0.001 -12"><span class='ocrx_word' id='word_1_54' title='bbox 173 784 301 825; x_wconf 89' lang='lat' dir='ltr'>etiam</span> <span class='ocrx_word' id='word_1_55' title='bbox 333 783 634 837; x_wconf 88' lang='lat' dir='ltr'>repetendum,</span> <span class='ocrx_word' id='word_1_56' title='bbox 677 783 792 836; x_wconf 89' lang='lat' dir='ltr'>quod</span> <span class='ocrx_word' id='word_1_57' title='bbox 824 784 990 824; x_wconf 86' lang='lat' dir='ltr'>solutae</span> <span class='ocrx_word' id='word_1_58' title='bbox 1023 783 1132 823; x_wconf 87' lang='lat' dir='ltr'>arsis</span> <span class='ocrx_word' id='word_1_59' title='bbox 1163 786 1330 836; x_wconf 87' lang='lat' dir='ltr'>partem</span> <span class='ocrx_word' id='word_1_60' title='bbox 1363 783 1551 836; x_wconf 83' lang='lat' dir='ltr'>priorem</span> <span class='ocrx_word' id='word_1_61' title='bbox 1582 783 1681 824; x_wconf 82' lang='lat' dir='ltr'>dac-</span> 
     </span>
     <span class='ocr_line' id='line_1_9' title="bbox 171 851 1679 910; baseline -0.001 -17"><span class='ocrx_word' id='word_1_62' title='bbox 171 852 290 910; x_wconf 89' lang='lat' dir='ltr'>tylici</span> <span class='ocrx_word' id='word_1_63' title='bbox 319 852 407 893; x_wconf 85' lang='lat' dir='ltr'>sive</span> <span class='ocrx_word' id='word_1_64' title='bbox 436 851 645 893; x_wconf 85' lang='lat' dir='ltr'>trochaici</span> <span class='ocrx_word' id='word_1_65' title='bbox 674 851 792 893; x_wconf 91' lang='lat' dir='ltr'>verbi</span> <span class='ocrx_word' id='word_1_66' title='bbox 824 852 975 892; x_wconf 89' lang='lat' dir='ltr'>ultima</span> <span class='ocrx_word' id='word_1_67' title='bbox 1007 851 1174 906; x_wconf 87' lang='lat' dir='ltr'>syllaba</span> <span class='ocrx_word' id='word_1_68' title='bbox 1207 852 1416 892; x_wconf 86' lang='lat' dir='ltr'>contineri</span> <span class='ocrx_word' id='word_1_69' title='bbox 1438 852 1679 892; x_wconf 86' lang='lat' dir='ltr'>noluerunt.</span> 
     </span>
    </p>

    <p class='ocr_par' dir='ltr' id='par_1_4' title="bbox 171 920 1683 1373">
     <span class='ocr_line' id='line_1_10' title="bbox 290 920 1683 974; baseline -0.001 -13"><span class='ocrx_word' id='word_1_70' title='bbox 290 922 344 961; x_wconf 85' lang='lat' dir='ltr'>At</span> <span class='ocrx_word' id='word_1_71' title='bbox 371 920 640 962; x_wconf 84' lang='lat' dir='ltr'>tribrachum</span> <span class='ocrx_word' id='word_1_72' title='bbox 671 921 903 973; x_wconf 86' lang='lat' dir='ltr'>aequantia</span> <span class='ocrx_word' id='word_1_73' title='bbox 935 934 1029 961; x_wconf 91' lang='lat' dir='ltr'>cum</span> <span class='ocrx_word' id='word_1_74' title='bbox 1075 920 1341 973; x_wconf 83' lang='lat' dir='ltr'>anapaestici</span> <span class='ocrx_word' id='word_1_75' title='bbox 1374 934 1449 961; x_wconf 86' lang='lat' dir='ltr'>seu</span> <span class='ocrx_word' id='word_1_76' title='bbox 1481 920 1683 974; x_wconf 83' lang='lat' dir='ltr'>dactylici</span> 
     </span>
     <span class='ocr_line' id='line_1_11' title="bbox 171 988 1681 1043; baseline -0.001 -13"><span class='ocrx_word' id='word_1_77' title='bbox 171 989 293 1043; x_wconf 86' lang='lat' dir='ltr'>pedis</span> <span class='ocrx_word' id='word_1_78' title='bbox 325 989 466 1030; x_wconf 87' lang='lat' dir='ltr'>thesin</span> <span class='ocrx_word' id='word_1_79' title='bbox 498 989 667 1030; x_wconf 87' lang='lat' dir='ltr'>efficere</span> <span class='ocrx_word' id='word_1_80' title='bbox 698 989 995 1042; x_wconf 83' lang='lat' dir='ltr'>permisissent</span> <span class='ocrx_word' id='word_1_81' title='bbox 1028 988 1241 1042; x_wconf 85' lang='lat' dir='ltr'>producta</span> <span class='ocrx_word' id='word_1_82' title='bbox 1263 988 1414 1029; x_wconf 88' lang='lat' dir='ltr'>ultima</span> <span class='ocrx_word' id='word_1_83' title='bbox 1446 989 1533 1030; x_wconf 80' lang='lat' dir='ltr'>sive</span> <span class='ocrx_word' id='word_1_84' title='bbox 1565 989 1681 1039; x_wconf 72' lang='lat' dir='ltr'>elisa,</span> 
     </span>
     <span class='ocr_line' id='line_1_12' title="bbox 173 1056 1680 1111; baseline -0.001 -13"><span class='ocrx_word' id='word_1_85' title='bbox 173 1058 289 1098; x_wconf 86' lang='lat' dir='ltr'>arsin</span> <span class='ocrx_word' id='word_1_86' title='bbox 319 1057 500 1098; x_wconf 89' lang='lat' dir='ltr'>solutam</span> <span class='ocrx_word' id='word_1_87' title='bbox 534 1061 702 1098; x_wconf 88' lang='lat' dir='ltr'>tantum</span> <span class='ocrx_word' id='word_1_88' title='bbox 723 1057 765 1098; x_wconf 85' lang='lat' dir='ltr'>in</span> <span class='ocrx_word' id='word_1_89' title='bbox 788 1057 928 1111; x_wconf 88' lang='lat' dir='ltr'>prima</span> <span class='ocrx_word' id='word_1_90' title='bbox 950 1071 1001 1098; x_wconf 90' lang='lat' dir='ltr'>ac</span> <span class='ocrx_word' id='word_1_91' title='bbox 1032 1057 1220 1098; x_wconf 89' lang='lat' dir='ltr'>secunda</span> <span class='ocrx_word' id='word_1_92' title='bbox 1252 1056 1418 1111; x_wconf 87' lang='lat' dir='ltr'>syllaba</span> <span class='ocrx_word' id='word_1_93' title='bbox 1463 1058 1536 1110; x_wconf 83' lang='lat' dir='ltr'>qui</span> <span class='ocrx_word' id='word_1_94' title='bbox 1567 1057 1680 1097; x_wconf 90' lang='lat' dir='ltr'>ultro</span> 
     </span>
     <span class='ocr_line' id='line_1_13' title="bbox 173 1125 1680 1179; baseline 0 -13"><span class='ocrx_word' id='word_1_95' title='bbox 173 1125 437 1167; x_wconf 84' lang='lat' dir='ltr'>offerebatur</span> <span class='ocrx_word' id='word_1_96' title='bbox 468 1126 596 1176; x_wconf 89' lang='lat' dir='ltr'>ordo,</span> <span class='ocrx_word' id='word_1_97' title='bbox 640 1126 874 1167; x_wconf 88' lang='lat' dir='ltr'>consistere</span> <span class='ocrx_word' id='word_1_98' title='bbox 917 1129 1016 1166; x_wconf 87' lang='lat' dir='ltr'>sunt</span> <span class='ocrx_word' id='word_1_99' title='bbox 1051 1126 1179 1179; x_wconf 87' lang='lat' dir='ltr'>passi.</span> <span class='ocrx_word' id='word_1_100' title='bbox 1240 1125 1306 1166; x_wconf 87' lang='lat' dir='ltr'>his</span> <span class='ocrx_word' id='word_1_101' title='bbox 1338 1129 1480 1166; x_wconf 85' lang='lat' dir='ltr'>autem</span> <span class='ocrx_word' id='word_1_102' title='bbox 1514 1125 1680 1166; x_wconf 83' lang='lat' dir='ltr'>duobus</span> 
     </span>
     <span class='ocr_line' id='line_1_14' title="bbox 173 1193 1680 1248; baseline -0.001 -13"><span class='ocrx_word' id='word_1_103' title='bbox 173 1194 356 1235; x_wconf 85' lang='lat' dir='ltr'>modulis</span> <span class='ocrx_word' id='word_1_104' title='bbox 400 1195 608 1235; x_wconf 84' lang='lat' dir='ltr'>institutis</span> <span class='ocrx_word' id='word_1_105' title='bbox 656 1194 709 1235; x_wconf 91' lang='lat' dir='ltr'>ad</span> <span class='ocrx_word' id='word_1_106' title='bbox 755 1195 902 1248; x_wconf 88' lang='lat' dir='ltr'>inepta</span> <span class='ocrx_word' id='word_1_107' title='bbox 947 1197 1084 1235; x_wconf 88' lang='lat' dir='ltr'>metro</span> <span class='ocrx_word' id='word_1_108' title='bbox 1126 1193 1310 1234; x_wconf 90' lang='lat' dir='ltr'>iambico</span> <span class='ocrx_word' id='word_1_109' title='bbox 1352 1193 1418 1234; x_wconf 83' lang='lat' dir='ltr'>vel</span> <span class='ocrx_word' id='word_1_110' title='bbox 1458 1193 1680 1234; x_wconf 87' lang='lat' dir='ltr'>trochaico</span> 
     </span>
     <span class='ocr_line' id='line_1_15' title="bbox 174 1261 1681 1313; baseline -0.001 -9"><span class='ocrx_word' id='word_1_111' title='bbox 174 1263 537 1304; x_wconf 86' lang='lat' dir='ltr'>accommodanda</span> <span class='ocrx_word' id='word_1_112' title='bbox 570 1263 800 1304; x_wconf 88' lang='lat' dir='ltr'>noluerunt</span> <span class='ocrx_word' id='word_1_113' title='bbox 829 1263 988 1304; x_wconf 86' lang='lat' dir='ltr'>addere</span> <span class='ocrx_word' id='word_1_114' title='bbox 1010 1263 1197 1313; x_wconf 84' lang='lat' dir='ltr'>tertium,</span> <span class='ocrx_word' id='word_1_115' title='bbox 1229 1276 1281 1303; x_wconf 92' lang='lat' dir='ltr'>ne</span> <span class='ocrx_word' id='word_1_116' title='bbox 1314 1262 1438 1303; x_wconf 90' lang='lat' dir='ltr'>nimis</span> <span class='ocrx_word' id='word_1_117' title='bbox 1468 1261 1551 1303; x_wconf 90' lang='lat' dir='ltr'>loci</span> <span class='ocrx_word' id='word_1_118' title='bbox 1583 1276 1681 1303; x_wconf 88' lang='lat' dir='ltr'>con-</span> 
     </span>
     <span class='ocr_line' id='line_1_16' title="bbox 173 1331 756 1373; baseline -0.002 0"><span class='ocrx_word' id='word_1_119' title='bbox 173 1331 267 1373; x_wconf 88' lang='lat' dir='ltr'>cedi</span> <span class='ocrx_word' id='word_1_120' title='bbox 298 1331 515 1373; x_wconf 90' lang='lat' dir='ltr'>videretur</span> <span class='ocrx_word' id='word_1_121' title='bbox 545 1331 756 1373; x_wconf 85' lang='lat' dir='ltr'>licentiae.</span> 
     </span>
    </p>

    <p class='ocr_par' dir='ltr' id='par_1_5' title="bbox 172 1399 1682 1930">
     <span class='ocr_line' id='line_1_17' title="bbox 288 1399 1682 1459; baseline -0.001 -18"><span class='ocrx_word' id='word_1_122' title='bbox 288 1400 446 1459; x_wconf 86' lang='lat' dir='ltr'>Contra</span> <span class='ocrx_word' id='word_1_123' title='bbox 492 1400 535 1441; x_wconf 90' lang='lat' dir='ltr'>in</span> <span class='ocrx_word' id='word_1_124' title='bbox 582 1400 664 1449; x_wconf 87' lang='lat' dir='ltr'>eis,</span> <span class='ocrx_word' id='word_1_125' title='bbox 715 1413 825 1453; x_wconf 89' lang='lat' dir='ltr'>quae</span> <span class='ocrx_word' id='word_1_126' title='bbox 871 1400 1305 1454; x_wconf 85' lang='lat' dir='ltr'>proceleusmaticum</span> <span class='ocrx_word' id='word_1_127' title='bbox 1352 1399 1558 1450; x_wconf 86' lang='lat' dir='ltr'>reddunt,</span> <span class='ocrx_word' id='word_1_128' title='bbox 1606 1414 1682 1440; x_wconf 88' lang='lat' dir='ltr'>cur</span> 
     </span>
     <span class='ocr_line' id='line_1_18' title="bbox 172 1468 1681 1523; baseline -0.001 -14"><span class='ocrx_word' id='word_1_129' title='bbox 172 1469 311 1522; x_wconf 84' lang='lat' dir='ltr'>prima</span> <span class='ocrx_word' id='word_1_130' title='bbox 341 1482 391 1509; x_wconf 90' lang='lat' dir='ltr'>ac</span> <span class='ocrx_word' id='word_1_131' title='bbox 423 1469 612 1510; x_wconf 85' lang='lat' dir='ltr'>secunda</span> <span class='ocrx_word' id='word_1_132' title='bbox 647 1468 812 1523; x_wconf 88' lang='lat' dir='ltr'>syllaba</span> <span class='ocrx_word' id='word_1_133' title='bbox 843 1468 968 1522; x_wconf 83' lang='lat' dir='ltr'>longe</span> <span class='ocrx_word' id='word_1_134' title='bbox 1005 1469 1177 1522; x_wconf 83' lang='lat' dir='ltr'>saepius</span> <span class='ocrx_word' id='word_1_135' title='bbox 1200 1469 1255 1509; x_wconf 88' lang='lat' dir='ltr'>ad</span> <span class='ocrx_word' id='word_1_136' title='bbox 1287 1468 1533 1510; x_wconf 86' lang='lat' dir='ltr'>solvendam</span> <span class='ocrx_word' id='word_1_137' title='bbox 1565 1469 1681 1509; x_wconf 88' lang='lat' dir='ltr'>arsin</span> 
     </span>
     <span class='ocr_line' id='line_1_19' title="bbox 172 1536 1681 1591; baseline -0.001 -13"><span class='ocrx_word' id='word_1_138' title='bbox 172 1537 452 1578; x_wconf 87' lang='lat' dir='ltr'>adhiberetur</span> <span class='ocrx_word' id='word_1_139' title='bbox 484 1551 613 1591; x_wconf 89' lang='lat' dir='ltr'>quam</span> <span class='ocrx_word' id='word_1_140' title='bbox 645 1537 834 1578; x_wconf 87' lang='lat' dir='ltr'>secunda</span> <span class='ocrx_word' id='word_1_141' title='bbox 865 1551 916 1578; x_wconf 92' lang='lat' dir='ltr'>ac</span> <span class='ocrx_word' id='word_1_142' title='bbox 947 1537 1094 1587; x_wconf 87' lang='lat' dir='ltr'>tertia,</span> <span class='ocrx_word' id='word_1_143' title='bbox 1139 1540 1446 1591; x_wconf 84' lang='lat' dir='ltr'>praeterquam</span> <span class='ocrx_word' id='word_1_144' title='bbox 1491 1536 1605 1590; x_wconf 88' lang='lat' dir='ltr'>quod</span> <span class='ocrx_word' id='word_1_145' title='bbox 1638 1537 1681 1577; x_wconf 87' lang='lat' dir='ltr'>in</span> 
     </span>
     <span class='ocr_line' id='line_1_20' title="bbox 172 1605 1682 1659; baseline 0.001 -13"><span class='ocrx_word' id='word_1_146' title='bbox 172 1605 383 1659; x_wconf 86' lang='lat' dir='ltr'>principio</span> <span class='ocrx_word' id='word_1_147' title='bbox 417 1609 540 1646; x_wconf 88' lang='lat' dir='ltr'>erant</span> <span class='ocrx_word' id='word_1_148' title='bbox 571 1605 825 1657; x_wconf 79' lang='lat' dir='ltr'>collocatae,</span> <span class='ocrx_word' id='word_1_149' title='bbox 869 1606 998 1647; x_wconf 88' lang='lat' dir='ltr'>etiam</span> <span class='ocrx_word' id='word_1_150' title='bbox 1034 1606 1143 1647; x_wconf 90' lang='lat' dir='ltr'>haec</span> <span class='ocrx_word' id='word_1_151' title='bbox 1172 1606 1254 1647; x_wconf 84' lang='lat' dir='ltr'>fuit</span> <span class='ocrx_word' id='word_1_152' title='bbox 1284 1620 1432 1656; x_wconf 84' lang='lat' dir='ltr'>causa,</span> <span class='ocrx_word' id='word_1_153' title='bbox 1475 1605 1588 1659; x_wconf 88' lang='lat' dir='ltr'>quod</span> <span class='ocrx_word' id='word_1_154' title='bbox 1620 1606 1682 1646; x_wconf 88' lang='lat' dir='ltr'>ita</span> 
     </span>
     <span class='ocr_line' id='line_1_21' title="bbox 172 1674 1682 1728; baseline 0 -14"><span class='ocrx_word' id='word_1_155' title='bbox 172 1688 373 1715; x_wconf 88' lang='lat' dir='ltr'>numerus</span> <span class='ocrx_word' id='word_1_156' title='bbox 403 1674 598 1727; x_wconf 88' lang='lat' dir='ltr'>poeticus</span> <span class='ocrx_word' id='word_1_157' title='bbox 632 1688 658 1715; x_wconf 89' lang='lat' dir='ltr'>a</span> <span class='ocrx_word' id='word_1_158' title='bbox 689 1675 969 1728; x_wconf 84' lang='lat' dir='ltr'>grammatico</span> <span class='ocrx_word' id='word_1_159' title='bbox 1003 1678 1183 1716; x_wconf 88' lang='lat' dir='ltr'>accentu</span> <span class='ocrx_word' id='word_1_160' title='bbox 1214 1674 1347 1716; x_wconf 87' lang='lat' dir='ltr'>fiebat</span> <span class='ocrx_word' id='word_1_161' title='bbox 1379 1674 1584 1716; x_wconf 82' lang='lat' dir='ltr'>diversus.</span> <span class='ocrx_word' id='word_1_162' title='bbox 1637 1677 1682 1714; x_wconf 88' lang='lat' dir='ltr'>at</span> 
     </span>
     <span class='ocr_line' id='line_1_22' title="bbox 173 1742 1679 1801; baseline 0 -18"><span class='ocrx_word' id='word_1_163' title='bbox 173 1755 283 1795; x_wconf 83' lang='lat' dir='ltr'>quae</span> <span class='ocrx_word' id='word_1_164' title='bbox 304 1755 509 1796; x_wconf 87' lang='lat' dir='ltr'>paeonem</span> <span class='ocrx_word' id='word_1_165' title='bbox 533 1742 718 1801; x_wconf 87' lang='lat' dir='ltr'>primum</span> <span class='ocrx_word' id='word_1_166' title='bbox 741 1742 983 1796; x_wconf 80' lang='lat' dir='ltr'>explebant,</span> <span class='ocrx_word' id='word_1_167' title='bbox 1013 1757 1174 1793; x_wconf 86' lang='lat' dir='ltr'>rursus,</span> <span class='ocrx_word' id='word_1_168' title='bbox 1196 1746 1244 1784; x_wconf 90' lang='lat' dir='ltr'>ut</span> <span class='ocrx_word' id='word_1_169' title='bbox 1265 1756 1376 1796; x_wconf 85' lang='lat' dir='ltr'>quae</span> <span class='ocrx_word' id='word_1_170' title='bbox 1398 1742 1679 1792; x_wconf 76' lang='lat' dir='ltr'>tribrachum,</span> 
     </span>
     <span class='ocr_line' id='line_1_23' title="bbox 173 1810 1681 1866; baseline -0.001 -14"><span class='ocrx_word' id='word_1_171' title='bbox 173 1810 427 1852; x_wconf 87' lang='lat' dir='ltr'>solutionem</span> <span class='ocrx_word' id='word_1_172' title='bbox 467 1811 576 1852; x_wconf 87' lang='lat' dir='ltr'>arsis</span> <span class='ocrx_word' id='word_1_173' title='bbox 618 1811 671 1852; x_wconf 86' lang='lat' dir='ltr'>ab</span> <span class='ocrx_word' id='word_1_174' title='bbox 714 1811 773 1852; x_wconf 89' lang='lat' dir='ltr'>eis</span> <span class='ocrx_word' id='word_1_175' title='bbox 817 1811 992 1866; x_wconf 90' lang='lat' dir='ltr'>syllabis</span> <span class='ocrx_word' id='word_1_176' title='bbox 1032 1811 1316 1862; x_wconf 87' lang='lat' dir='ltr'>incohabant,</span> <span class='ocrx_word' id='word_1_177' title='bbox 1361 1825 1470 1865; x_wconf 88' lang='lat' dir='ltr'>quae</span> <span class='ocrx_word' id='word_1_178' title='bbox 1516 1811 1681 1865; x_wconf 88' lang='lat' dir='ltr'>primae</span> 
     </span>
     <span class='ocr_line' id='line_1_24' title="bbox 173 1878 1313 1930; baseline 0.001 -10"><span class='ocrx_word' id='word_1_179' title='bbox 173 1878 466 1921; x_wconf 85' lang='lat' dir='ltr'>offerebantur</span> <span class='ocrx_word' id='word_1_180' title='bbox 497 1879 665 1930; x_wconf 88' lang='lat' dir='ltr'>breves,</span> <span class='ocrx_word' id='word_1_181' title='bbox 697 1879 736 1920; x_wconf 89' lang='lat' dir='ltr'>h.</span> <span class='ocrx_word' id='word_1_182' title='bbox 761 1894 794 1921; x_wconf 90' lang='lat' dir='ltr'>e.</span> <span class='ocrx_word' id='word_1_183' title='bbox 827 1893 852 1921; x_wconf 89' lang='lat' dir='ltr'>a</span> <span class='ocrx_word' id='word_1_184' title='bbox 883 1880 1071 1921; x_wconf 87' lang='lat' dir='ltr'>secunda</span> <span class='ocrx_word' id='word_1_185' title='bbox 1104 1884 1146 1921; x_wconf 92' lang='lat' dir='ltr'>et</span> <span class='ocrx_word' id='word_1_186' title='bbox 1172 1880 1313 1921; x_wconf 90' lang='lat' dir='ltr'>tertia.</span> 
     </span>
    </p>

    <p class='ocr_par' dir='ltr' id='par_1_6' title="bbox 172 1947 1684 2262">
     <span class='ocr_line' id='line_1_25' title="bbox 287 1947 1681 2002; baseline 0.001 -14"><span class='ocrx_word' id='word_1_187' title='bbox 287 1947 574 1989; x_wconf 83' lang='lat' dir='ltr'>Similitudine</span> <span class='ocrx_word' id='word_1_188' title='bbox 619 1952 762 1989; x_wconf 88' lang='lat' dir='ltr'>autem</span> <span class='ocrx_word' id='word_1_189' title='bbox 803 1949 892 1990; x_wconf 90' lang='lat' dir='ltr'>eius</span> <span class='ocrx_word' id='word_1_190' title='bbox 923 1948 1050 2001; x_wconf 80' lang='lat' dir='ltr'>legis,</span> <span class='ocrx_word' id='word_1_191' title='bbox 1093 1962 1220 2002; x_wconf 85' lang='lat' dir='ltr'>quam</span> <span class='ocrx_word' id='word_1_192' title='bbox 1264 1949 1306 1989; x_wconf 89' lang='lat' dir='ltr'>in</span> <span class='ocrx_word' id='word_1_193' title='bbox 1341 1947 1553 1990; x_wconf 86' lang='lat' dir='ltr'>solvendis</span> <span class='ocrx_word' id='word_1_194' title='bbox 1585 1962 1681 1989; x_wconf 89' lang='lat' dir='ltr'>ora-</span> 
     </span>
     <span class='ocr_line' id='line_1_26' title="bbox 172 2015 1680 2070; baseline 0 -14"><span class='ocrx_word' id='word_1_195' title='bbox 172 2016 300 2057; x_wconf 90' lang='lat' dir='ltr'>tionis</span> <span class='ocrx_word' id='word_1_196' title='bbox 331 2015 541 2070; x_wconf 87' lang='lat' dir='ltr'>partibus,</span> <span class='ocrx_word' id='word_1_197' title='bbox 575 2030 685 2070; x_wconf 90' lang='lat' dir='ltr'>quae</span> <span class='ocrx_word' id='word_1_198' title='bbox 707 2016 846 2058; x_wconf 88' lang='lat' dir='ltr'>tribus</span> <span class='ocrx_word' id='word_1_199' title='bbox 876 2017 1079 2058; x_wconf 87' lang='lat' dir='ltr'>brevibus</span> <span class='ocrx_word' id='word_1_200' title='bbox 1113 2017 1199 2058; x_wconf 80' lang='lat' dir='ltr'>sive</span> <span class='ocrx_word' id='word_1_201' title='bbox 1232 2020 1437 2070; x_wconf 82' lang='lat' dir='ltr'>quattuor</span> <span class='ocrx_word' id='word_1_202' title='bbox 1468 2020 1680 2067; x_wconf 81' lang='lat' dir='ltr'>constant,</span> 
     </span>
     <span class='ocr_line' id='line_1_27' title="bbox 173 2084 1684 2139; baseline 0.001 -15"><span class='ocrx_word' id='word_1_203' title='bbox 173 2084 366 2138; x_wconf 89' lang='lat' dir='ltr'>optinere</span> <span class='ocrx_word' id='word_1_204' title='bbox 399 2084 503 2135; x_wconf 81' lang='lat' dir='ltr'>dixi,</span> <span class='ocrx_word' id='word_1_205' title='bbox 536 2086 693 2135; x_wconf 86' lang='lat' dir='ltr'>evenit,</span> <span class='ocrx_word' id='word_1_206' title='bbox 732 2089 780 2126; x_wconf 86' lang='lat' dir='ltr'>ut</span> <span class='ocrx_word' id='word_1_207' title='bbox 810 2086 852 2126; x_wconf 91' lang='lat' dir='ltr'>in</span> <span class='ocrx_word' id='word_1_208' title='bbox 885 2085 1079 2127; x_wconf 86' lang='lat' dir='ltr'>formulis</span> <span class='ocrx_word' id='word_1_209' title='bbox 1111 2085 1388 2139; x_wconf 84' lang='lat' dir='ltr'>quibusdam,</span> <span class='ocrx_word' id='word_1_210' title='bbox 1421 2085 1551 2126; x_wconf 87' lang='lat' dir='ltr'>veluti</span> <span class='ocrx_word' id='word_1_211' title='bbox 1584 2088 1684 2136; x_wconf 72' lang='lat' dir='ltr'>quid</span> 
     </span>
     <span class='ocr_line' id='line_1_28' title="bbox 173 2153 1682 2209; baseline 0.001 -17"><span class='ocrx_word' id='word_1_212' title='bbox 173 2155 288 2203; x_wconf 63' lang='lat' dir='ltr'>0,qu</span> <span class='ocrx_word' id='word_1_213' title='bbox 319 2155 419 2203; x_wconf 75' lang='lat' dir='ltr'>quid</span> <span class='ocrx_word' id='word_1_214' title='bbox 448 2156 588 2204; x_wconf 62' lang='grc' dir='ltr'>ἐρέτην,</span> <span class='ocrx_word' id='word_1_215' title='bbox 621 2154 761 2207; x_wconf 90' lang='lat' dir='ltr'>prima</span> <span class='ocrx_word' id='word_1_216' title='bbox 793 2157 836 2195; x_wconf 90' lang='lat' dir='ltr'>et</span> <span class='ocrx_word' id='word_1_217' title='bbox 867 2153 1056 2195; x_wconf 86' lang='lat' dir='ltr'>secunda</span> <span class='ocrx_word' id='word_1_218' title='bbox 1087 2154 1253 2209; x_wconf 90' lang='lat' dir='ltr'>syllaba</span> <span class='ocrx_word' id='word_1_219' title='bbox 1286 2154 1393 2195; x_wconf 89' lang='lat' dir='ltr'>arsis</span> <span class='ocrx_word' id='word_1_220' title='bbox 1426 2153 1682 2195; x_wconf 85' lang='lat' dir='ltr'>redderetur</span> 
     </span>
     <span class='ocr_line' id='line_1_29' title="bbox 172 2220 324 2262; baseline 0 -1"><span class='ocrx_word' id='word_1_221' title='bbox 172 2220 324 2262; x_wconf 90' lang='lat' dir='ltr'>soluta.</span> 
     </span>
    </p>

    <p class='ocr_par' dir='ltr' id='par_1_7' title="bbox 173 2289 1682 2754">
     <span class='ocr_line' id='line_1_30' title="bbox 288 2289 1681 2341; baseline 0.001 -11"><span class='ocrx_word' id='word_1_222' title='bbox 288 2289 486 2330; x_wconf 87' lang='lat' dir='ltr'>Ceterum</span> <span class='ocrx_word' id='word_1_223' title='bbox 520 2289 629 2331; x_wconf 89' lang='lat' dir='ltr'>haec</span> <span class='ocrx_word' id='word_1_224' title='bbox 659 2294 856 2332; x_wconf 80' lang='lat' dir='ltr'>servatur</span> <span class='ocrx_word' id='word_1_225' title='bbox 888 2291 974 2341; x_wconf 87' lang='lat' dir='ltr'>via,</span> <span class='ocrx_word' id='word_1_226' title='bbox 1018 2294 1066 2331; x_wconf 89' lang='lat' dir='ltr'>ut</span> <span class='ocrx_word' id='word_1_227' title='bbox 1106 2304 1154 2331; x_wconf 93' lang='lat' dir='ltr'>eo</span> <span class='ocrx_word' id='word_1_228' title='bbox 1183 2290 1352 2331; x_wconf 81' lang='lat' dir='ltr'>facilius</span> <span class='ocrx_word' id='word_1_229' title='bbox 1383 2289 1540 2331; x_wconf 87' lang='lat' dir='ltr'>solutio</span> <span class='ocrx_word' id='word_1_230' title='bbox 1573 2291 1681 2332; x_wconf 83' lang='lat' dir='ltr'>arsis</span> 
     </span>
     <span class='ocr_line' id='line_1_31' title="bbox 173 2357 1681 2412; baseline 0.001 -15"><span class='ocrx_word' id='word_1_231' title='bbox 173 2357 439 2409; x_wconf 84' lang='lat' dir='ltr'>admittatur,</span> <span class='ocrx_word' id='word_1_232' title='bbox 472 2371 556 2411; x_wconf 89' lang='lat' dir='ltr'>quo</span> <span class='ocrx_word' id='word_1_233' title='bbox 590 2359 729 2400; x_wconf 90' lang='lat' dir='ltr'>minus</span> <span class='ocrx_word' id='word_1_234' title='bbox 760 2362 857 2400; x_wconf 88' lang='lat' dir='ltr'>sunt</span> <span class='ocrx_word' id='word_1_235' title='bbox 889 2362 992 2412; x_wconf 87' lang='lat' dir='ltr'>apta</span> <span class='ocrx_word' id='word_1_236' title='bbox 1014 2359 1146 2400; x_wconf 86' lang='lat' dir='ltr'>verba</span> <span class='ocrx_word' id='word_1_237' title='bbox 1167 2372 1344 2400; x_wconf 91' lang='lat' dir='ltr'>numero</span> <span class='ocrx_word' id='word_1_238' title='bbox 1366 2372 1474 2412; x_wconf 90' lang='lat' dir='ltr'>puro</span> <span class='ocrx_word' id='word_1_239' title='bbox 1497 2358 1681 2399; x_wconf 86' lang='lat' dir='ltr'>iambico</span> 
     </span>
     <span class='ocr_line' id='line_1_32' title="bbox 174 2425 1682 2481; baseline 0.001 -15"><span class='ocrx_word' id='word_1_240' title='bbox 174 2425 261 2467; x_wconf 92' lang='lat' dir='ltr'>sive</span> <span class='ocrx_word' id='word_1_241' title='bbox 292 2426 527 2467; x_wconf 87' lang='lat' dir='ltr'>trochaico.</span> <span class='ocrx_word' id='word_1_242' title='bbox 579 2440 712 2480; x_wconf 86' lang='lat' dir='ltr'>quare</span> <span class='ocrx_word' id='word_1_243' title='bbox 744 2428 884 2468; x_wconf 88' lang='lat' dir='ltr'>minus</span> <span class='ocrx_word' id='word_1_244' title='bbox 917 2427 1041 2469; x_wconf 88' lang='lat' dir='ltr'>adest</span> <span class='ocrx_word' id='word_1_245' title='bbox 1070 2428 1270 2469; x_wconf 88' lang='lat' dir='ltr'>licentiae</span> <span class='ocrx_word' id='word_1_246' title='bbox 1294 2427 1518 2481; x_wconf 87' lang='lat' dir='ltr'>dactylicis</span> <span class='ocrx_word' id='word_1_247' title='bbox 1541 2427 1682 2468; x_wconf 87' lang='lat' dir='ltr'>verbis</span> 
     </span>
     <span class='ocr_line' id='line_1_33' title="bbox 174 2495 1681 2550; baseline 0.001 -16"><span class='ocrx_word' id='word_1_248' title='bbox 174 2507 303 2547; x_wconf 90' lang='lat' dir='ltr'>quam</span> <span class='ocrx_word' id='word_1_249' title='bbox 345 2495 638 2548; x_wconf 84' lang='lat' dir='ltr'>pyrrichiacis.</span> <span class='ocrx_word' id='word_1_250' title='bbox 706 2495 901 2549; x_wconf 87' lang='lat' dir='ltr'>adeoque</span> <span class='ocrx_word' id='word_1_251' title='bbox 943 2496 1158 2550; x_wconf 87' lang='lat' dir='ltr'>dactylica</span> <span class='ocrx_word' id='word_1_252' title='bbox 1197 2496 1311 2549; x_wconf 87' lang='lat' dir='ltr'>apud</span> <span class='ocrx_word' id='word_1_253' title='bbox 1355 2496 1556 2537; x_wconf 87' lang='lat' dir='ltr'>classicos</span> <span class='ocrx_word' id='word_1_254' title='bbox 1599 2509 1681 2536; x_wconf 91' lang='lat' dir='ltr'>non</span> 
     </span>
     <span class='ocr_line' id='line_1_34' title="bbox 173 2562 1681 2618; baseline 0.001 -16"><span class='ocrx_word' id='word_1_255' title='bbox 173 2562 345 2602; x_wconf 90' lang='lat' dir='ltr'>memini</span> <span class='ocrx_word' id='word_1_256' title='bbox 387 2562 567 2604; x_wconf 87' lang='lat' dir='ltr'>inveniri</span> <span class='ocrx_word' id='word_1_257' title='bbox 608 2563 748 2616; x_wconf 87' lang='lat' dir='ltr'>posito</span> <span class='ocrx_word' id='word_1_258' title='bbox 790 2564 833 2604; x_wconf 89' lang='lat' dir='ltr'>in</span> <span class='ocrx_word' id='word_1_259' title='bbox 875 2564 987 2605; x_wconf 90' lang='lat' dir='ltr'>thesi</span> <span class='ocrx_word' id='word_1_260' title='bbox 1028 2564 1244 2618; x_wconf 87' lang='lat' dir='ltr'>pyrrichio</span> <span class='ocrx_word' id='word_1_261' title='bbox 1286 2567 1461 2617; x_wconf 85' lang='lat' dir='ltr'>praeter</span> <span class='ocrx_word' id='word_1_262' title='bbox 1494 2564 1681 2604; x_wconf 82' lang='lat' dir='ltr'>Senecae</span> 
     </span>
     <span class='ocr_line' id='line_1_35' title="bbox 173 2629 1681 2685; baseline 0.001 -15"><span class='ocrx_word' id='word_1_263' title='bbox 173 2629 421 2683; x_wconf 83' lang='lat' dir='ltr'>tragoedias</span> <span class='ocrx_word' id='word_1_264' title='bbox 463 2634 505 2672; x_wconf 90' lang='lat' dir='ltr'>et</span> <span class='ocrx_word' id='word_1_265' title='bbox 543 2631 733 2673; x_wconf 87' lang='lat' dir='ltr'>Petronii</span> <span class='ocrx_word' id='word_1_266' title='bbox 773 2632 953 2673; x_wconf 88' lang='lat' dir='ltr'>Halosin</span> <span class='ocrx_word' id='word_1_267' title='bbox 982 2632 1136 2673; x_wconf 89' lang='lat' dir='ltr'>Troiae</span> <span class='ocrx_word' id='word_1_268' title='bbox 1179 2636 1221 2673; x_wconf 89' lang='lat' dir='ltr'>et</span> <span class='ocrx_word' id='word_1_269' title='bbox 1268 2632 1440 2685; x_wconf 88' lang='lat' dir='ltr'>quidem</span> <span class='ocrx_word' id='word_1_270' title='bbox 1482 2632 1524 2671; x_wconf 92' lang='lat' dir='ltr'>in</span> <span class='ocrx_word' id='word_1_271' title='bbox 1564 2632 1681 2685; x_wconf 87' lang='lat' dir='ltr'>prin-</span> 
     </span>
     <span class='ocr_line' id='line_1_36' title="bbox 175 2698 1537 2754; baseline 0.001 -16"><span class='ocrx_word' id='word_1_272' title='bbox 175 2698 286 2752; x_wconf 90' lang='lat' dir='ltr'>cipio</span> <span class='ocrx_word' id='word_1_273' title='bbox 318 2699 445 2739; x_wconf 87' lang='lat' dir='ltr'>metri</span> <span class='ocrx_word' id='word_1_274' title='bbox 476 2713 526 2740; x_wconf 88' lang='lat' dir='ltr'>ac</span> <span class='ocrx_word' id='word_1_275' title='bbox 556 2700 787 2751; x_wconf 88' lang='lat' dir='ltr'>rarissime,</span> <span class='ocrx_word' id='word_1_276' title='bbox 819 2701 934 2741; x_wconf 90' lang='lat' dir='ltr'>velut</span> <span class='ocrx_word' id='word_1_277' title='bbox 964 2701 1045 2741; x_wconf 90' lang='lat' dir='ltr'>hoe</span> <span class='ocrx_word' id='word_1_278' title='bbox 1072 2700 1260 2741; x_wconf 89' lang='lat' dir='ltr'>Petronii</span> <span class='ocrx_word' id='word_1_279' title='bbox 1295 2714 1421 2741; x_wconf 84' lang='lat' dir='ltr'>versu</span> <span class='ocrx_word' id='word_1_280' title='bbox 1452 2700 1537 2754; x_wconf 80' lang='lat' dir='ltr'>[ss]:</span> 
     </span>
    </p>

    <p class='ocr_par' dir='ltr' id='par_1_8' title="bbox 175 2772 1681 2963">
     <span class='ocr_line' id='line_1_37' title="bbox 480 2772 1349 2818; baseline 0 -12"><span class='ocrx_word' id='word_1_281' title='bbox 480 2772 623 2815; x_wconf 75' lang='lat' dir='ltr'>robora,</span> <span class='ocrx_word' id='word_1_282' title='bbox 651 2774 832 2808; x_wconf 87' lang='lat' dir='ltr'>minacem</span> <span class='ocrx_word' id='word_1_283' title='bbox 860 2786 951 2818; x_wconf 85' lang='lat' dir='ltr'>quae</span> <span class='ocrx_word' id='word_1_284' title='bbox 976 2774 1180 2818; x_wconf 85' lang='lat' dir='ltr'>figurarent</span> <span class='ocrx_word' id='word_1_285' title='bbox 1205 2785 1349 2818; x_wconf 84' lang='lat' dir='ltr'>equum.</span> 
     </span>
     <span class='ocr_line' id='line_1_38' title="bbox 175 2840 1681 2895; baseline 0.001 -15"><span class='ocrx_word' id='word_1_286' title='bbox 175 2843 220 2880; x_wconf 87' lang='lat' dir='ltr'>at</span> <span class='ocrx_word' id='word_1_287' title='bbox 241 2840 396 2881; x_wconf 87' lang='lat' dir='ltr'>viderit</span> <span class='ocrx_word' id='word_1_288' title='bbox 416 2841 519 2894; x_wconf 88' lang='lat' dir='ltr'>ipse,</span> <span class='ocrx_word' id='word_1_289' title='bbox 550 2841 664 2882; x_wconf 91' lang='lat' dir='ltr'>unde</span> <span class='ocrx_word' id='word_1_290' title='bbox 696 2842 870 2895; x_wconf 88' lang='lat' dir='ltr'>petierit</span> <span class='ocrx_word' id='word_1_291' title='bbox 901 2843 1144 2884; x_wconf 90' lang='lat' dir='ltr'>trimetrum</span> <span class='ocrx_word' id='word_1_292' title='bbox 1177 2842 1319 2892; x_wconf 90' lang='lat' dir='ltr'>talem,</span> <span class='ocrx_word' id='word_1_293' title='bbox 1352 2841 1513 2882; x_wconf 86' lang='lat' dir='ltr'>Marius</span> <span class='ocrx_word' id='word_1_294' title='bbox 1538 2841 1681 2882; x_wconf 91' lang='lat' dir='ltr'>Victo-</span> 
     </span>
     <span class='ocr_line' id='line_1_39' title="bbox 175 2908 735 2963; baseline 0.004 -14"><span class='ocrx_word' id='word_1_295' title='bbox 175 2908 293 2949; x_wconf 90' lang='lat' dir='ltr'>rinus</span> <span class='ocrx_word' id='word_1_296' title='bbox 328 2909 407 2963; x_wconf 85' lang='lat' dir='ltr'>[gr.</span> <span class='ocrx_word' id='word_1_297' title='bbox 438 2908 510 2949; x_wconf 89' lang='lat' dir='ltr'>lat.</span> <span class='ocrx_word' id='word_1_298' title='bbox 546 2909 610 2959; x_wconf 90' lang='lat' dir='ltr'>VI,</span> <span class='ocrx_word' id='word_1_299' title='bbox 640 2910 735 2963; x_wconf 81' lang='lat'>49]:</span> 
     </span>
    </p>
   </div>
   <div class='ocr_carea' id='block_1_3' title="bbox 449 2983 1309 3030">
    <p class='ocr_par' dir='ltr' id='par_1_9' title="bbox 449 2983 1309 3030">
     <span class='ocr_line' id='line_1_40' title="bbox 449 2983 1309 3030; baseline 0.002 -14"><span class='ocrx_word' id='word_1_300' title='bbox 449 2983 608 3028; x_wconf 85' lang='lat' dir='ltr'>armiger</span> <span class='ocrx_word' id='word_1_301' title='bbox 634 2984 671 3017; x_wconf 90' lang='lat' dir='ltr'>in</span> <span class='ocrx_word' id='word_1_302' title='bbox 697 2983 766 3018; x_wconf 85' lang='lat' dir='ltr'>Ida</span> <span class='ocrx_word' id='word_1_303' title='bbox 793 2984 887 3030; x_wconf 88' lang='lat' dir='ltr'>pede</span> <span class='ocrx_word' id='word_1_304' title='bbox 914 2996 1006 3029; x_wconf 81' lang='lat' dir='ltr'>vago</span> <span class='ocrx_word' id='word_1_305' title='bbox 1033 2983 1144 3018; x_wconf 75' lang='lat' dir='ltr'>litera</span> <span class='ocrx_word' id='word_1_306' title='bbox 1169 2987 1309 3030; x_wconf 84' lang='lat' dir='ltr'>petens.</span> 
     </span>
    </p>
   </div>
  </div>
 </body>
</html>
