1898 3292
739 252 859 277 LOEER.
876 252 1032 277 PRIMVS.
1588 243 1634 281 91

136 371 239 398 rone
260 357 488 398 lectionem
510 359 735 396 auctorum
758 355 1156 405 vetustissimorum,
1186 354 1258 407 qui
1279 355 1404 408 vulgo
1428 353 1641 405 iacebant,

135 440 284 467 rursus
315 424 586 466 resuscitavit
616 424 809 478 [Sueton.
843 437 902 477 gr.
936 423 1020 477 24].

250 493 350 535 Mox
402 492 592 534 eiusdem
642 492 797 534 vindex
847 505 898 533 ac
946 494 1154 545 patronus
1205 490 1347 532 extitit
1397 490 1642 532 Hadrianus

136 563 296 604 Caesar
337 561 567 619 insolentia
608 560 767 614 ingenii
815 564 858 602 et
905 560 1143 614 pravitate,
1192 572 1277 612 qua
1326 559 1501 600 ductum
1547 573 1642 601 eum

137 631 332 673 Ciceroni
353 630 570 680 Catonem,
604 628 792 682 Vergilio
822 628 1005 669 Ennium
1035 628 1293 682 praetulisse
1325 631 1476 669 auctor
1507 632 1573 669 est
1600 628 1642 669 in

137 700 225 741 vita
256 700 309 755 [c.
342 700 411 754 16]
445 698 712 752 Spartianus.
774 700 903 750 atque
936 697 1026 748 hic,
1068 700 1116 738 ut
1158 696 1296 738 solent
1328 709 1451 749 reges
1479 710 1642 738 rerum-

137 783 219 823 que
249 771 460 822 potentes,
492 766 650 808 multos
679 765 833 807 habuit
864 765 1060 807 adseclas
1091 769 1133 806 et
1164 765 1474 807 adsentatores.

251 848 426 889 Inversa
468 850 609 888 autem
661 846 879 887 hominum
924 845 1084 886 iudicia
1123 845 1178 887 ad
1218 845 1463 899 pedestrem
1507 845 1644 886 solum

137 916 374 958 orationem
415 929 522 957 nove
563 914 915 956 conformandam
955 914 1215 968 pertinuisse
1252 928 1330 956 nec
1360 927 1438 968 per
1470 928 1513 955 se
1546 927 1644 967 pro-

134 984 323 1027 babilest
351 988 394 1026 et
433 984 645 1026 refellitur
683 983 760 1034 eis,
804 996 913 1036 quae
946 996 1044 1024 mox
1076 986 1354 1037 exponentur.
1417 996 1467 1024 ea
1499 986 1642 1023 autem

138 1068 205 1095 res
247 1053 343 1096 ideo
380 1054 521 1094 minus
553 1052 739 1094 advertit
786 1050 951 1101 doctos,
1004 1051 1119 1105 quod
1166 1055 1391 1105 poetarum
1434 1050 1641 1092 Frontoni

138 1122 385 1176 aequalium
415 1125 583 1164 tantum
614 1135 698 1162 non
730 1120 866 1161 omnis
887 1119 1106 1161 intercidit
1127 1121 1344 1162 memoria.
1397 1134 1480 1173 quo
1512 1119 1646 1172 magis

139 1195 205 1232 est
235 1191 470 1232 notandum
505 1190 633 1241 illud,
669 1189 741 1243 qui
768 1188 848 1230 soli
878 1192 1172 1230 memorantur
1202 1193 1322 1230 vates
1354 1189 1444 1230 eius
1476 1188 1645 1238 aetatis,

139 1260 380 1301 Annianum
420 1264 462 1301 et
501 1259 657 1300 Iulium
698 1256 895 1299 Paullum
939 1257 1110 1299 disertis
1154 1257 1296 1299 verbis
1335 1257 1580 1312 praedicari
1621 1270 1646 1298 a

138 1327 276 1370 Gellio
307 1328 549 1370 litterarum
582 1331 774 1386 veterum
795 1325 877 1367 hoc
900 1329 964 1367 est
987 1330 1177 1379 Augusto
1199 1327 1390 1380 priorum
1414 1325 1644 1367 admodum

138 1396 269 1438 fuisse
311 1397 474 1451 peritos
518 1397 613 1452 [VI,
645 1400 681 1447 7,
717 1399 759 1447 13
802 1394 916 1446 XIX,
952 1399 987 1446 7,
1021 1399 1062 1447 l,
1102 1395 1153 1436 cf.
1186 1395 1278 1447 XX,
1310 1400 1346 1446 8,
1375 1396 1431 1450 4].
1499 1394 1647 1447 itaque

137 1465 339 1507 varietati
355 1479 630 1507 numerorum
654 1477 783 1519 quam
804 1464 989 1505 maxime
1012 1463 1227 1516 studuere,
1251 1468 1292 1505 et
1315 1464 1499 1518 quidem,
1531 1462 1646 1517 quod

137 1534 432 1588 dignissimum
472 1534 696 1585 memoria,
738 1533 941 1575 Laevium
969 1533 1294 1587 Varronemque
1331 1533 1474 1588 potius
1516 1545 1645 1585 quam

137 1602 352 1644 Catullum
374 1606 416 1644 et
437 1602 666 1645 Horatium
687 1602 856 1644 imitati.
908 1603 1041 1656 igitur
1071 1605 1226 1656 poetae
1259 1602 1331 1656 qui
1359 1602 1494 1644 secuti
1518 1600 1646 1642 Anni-

137 1686 266 1713 anum
298 1671 351 1713 ab
383 1671 594 1713 Hadriani
620 1675 814 1725 tempore
845 1671 1044 1712 vixerunt
1075 1685 1211 1724 usque
1243 1670 1297 1712 ad
1325 1671 1452 1712 finem
1484 1667 1646 1711 saeculi

136 1741 199 1782 III
241 1741 406 1795 (eorum
447 1739 582 1782 habes
623 1740 803 1782 collecta
833 1738 1076 1793 fragmenta
1105 1739 1149 1780 in
1179 1739 1415 1793 appendice
1448 1737 1647 1780 editionis

137 1809 401 1863 Rutilianae)
432 1809 475 1850 in
496 1809 644 1850 metris
666 1808 786 1851 fuere
807 1808 1103 1860 multiformes,
1134 1808 1292 1859 tenelli,
1325 1808 1477 1862 arguti.
1533 1805 1646 1848 unde

139 1881 181 1919 et
221 1878 398 1919 minima
437 1891 633 1932 quaeque
677 1882 719 1919 et
756 1877 944 1919 maxima
985 1891 1186 1919 versuum
1230 1891 1388 1931 genera
1419 1875 1646 1917 mirificum

136 1946 181 1987 in
210 1946 382 1988 modum
415 1947 475 1988 eis
505 1946 772 2001 placuerunt.
832 1959 961 2000 porro
993 1946 1105 1988 idem
1139 1946 1350 1988 abstrusis
1388 1945 1540 1987 laetati
1570 1958 1645 1985 nu-

136 2015 287 2067 meris,
330 2015 417 2057 sive
449 2028 555 2069 quos
593 2015 681 2056 dixi
710 2015 840 2056 duces
871 2015 1000 2056 etiam
1029 2015 1110 2056 hoc
1138 2015 1404 2069 praeierant,
1447 2014 1534 2055 sive
1564 2012 1647 2067 ipsi

136 2083 377 2138 probavere
406 2084 547 2138 primi.
609 2084 676 2125 cui
703 2097 788 2125 non
820 2083 1025 2126 dissimile
1058 2083 1254 2135 studiost,
1287 2082 1402 2138 quod
1432 2081 1565 2123 iambi
1597 2094 1647 2121 ac

136 2152 333 2194 trochaei
362 2151 520 2203 Italici,
554 2153 627 2206 qui
659 2152 758 2194 olim
792 2152 1056 2206 ignorantia,
1095 2166 1195 2194 mox
1228 2154 1476 2206 contemptu
1504 2152 1647 2192 essent

139 2220 295 2273 obruti,
325 2221 412 2262 iam
441 2221 569 2263 docta
600 2221 840 2263 imitatione
872 2224 914 2262 et
940 2221 1131 2263 vanitate
1154 2221 1316 2275 gloriae
1338 2224 1437 2263 sunt
1458 2217 1644 2273 repetiti,

139 2290 256 2343 quali
292 2303 345 2331 ne
375 2289 479 2344 fingi
511 2289 682 2343 quidem
713 2293 859 2344 potest
890 2293 1047 2332 conatu
1079 2289 1320 2332 absurdius.
1381 2303 1431 2330 ac
1461 2287 1646 2342 primum

140 2358 312 2412 quidem
345 2358 605 2413 Appuleium
633 2358 738 2400 satis
771 2362 942 2400 constat
971 2359 1014 2400 in
1043 2358 1155 2400 libro
1177 2358 1461 2400 Ludicrorum
1493 2355 1646 2398 iambis

137 2441 262 2469 usum
292 2427 466 2469 Italicis.
528 2441 580 2469 ex
622 2427 778 2481 quibus
819 2427 911 2482 ipse
953 2441 1103 2470 versus
1146 2426 1356 2481 quosdam
1388 2426 1575 2468 servavit
1604 2425 1647 2466 in

140 2496 340 2549 apologia
371 2496 471 2551 [226
496 2495 655 2537 anthol.
674 2495 866 2552 Meycri}
919 2496 1103 2538 alterum
1127 2509 1300 2537 carmen
1323 2509 1375 2537 ex
1395 2494 1645 2544 Menandro,

138 2567 187 2605 ut
224 2563 384 2615 fertur,
425 2560 600 2606 ductum
642 2564 787 2607 codice
829 2564 986 2606 Isidori
1033 2564 1349 2616 Bellovacensi,
1393 2564 1466 2617 qui
1505 2562 1646 2617 periit,

139 2636 400 2674 servatumst
431 2633 533 2688 [230
555 2632 642 2688 Μ.].
693 2637 797 2687 puto
831 2633 885 2675 ab
918 2647 967 2675 eo
1001 2638 1044 2675 et
1074 2633 1303 2675 trochaeos
1325 2633 1500 2674 Italicos
1533 2644 1645 2672 com-

137 2700 314 2754 positos,
345 2715 606 2755 quamquam
638 2702 680 2742 in
713 2701 923 2744 versiculo
956 2715 981 2743 a
1011 2702 1149 2744 Nonio
1179 2715 1247 2756 pg.
1273 2705 1324 2743 68
1357 2715 1387 2742 s.
1415 2700 1441 2740 l.
1483 2698 1646 2741 ‘abste-

138 2767 269 2811 mius'
312 2773 481 2812 servato
512 2770 613 2811 hoc:

345 2861 397 2895 sei
423 2861 522 2896 fuisti
548 2861 732 2905 quondam
758 2860 916 2896 Athenis
942 2873 1074 2906 parcus
1100 2864 1208 2905 atque
1232 2860 1430 2895 abstemius

140 2941 302 2983 exclusi
336 2945 435 2982 sunt
467 2955 491 2982 a
530 2941 624 2983 loco
664 2942 820 2995 impari
863 2942 1053 2995 spondei.
1114 2945 1340 2999 praeterea
1382 2941 1425 2981 in
1466 2939 1647 2985 ioculari.
