<?xml version="1.0" encoding="UTF-8"?>
<!DOCTYPE html PUBLIC "-//W3C//DTD XHTML 1.0 Transitional//EN"
    "http://www.w3.org/TR/xhtml1/DTD/xhtml1-transitional.dtd">
<html xmlns="http://www.w3.org/1999/xhtml" xml:lang="en" lang="en">
 <head>
  <title>
</title>
<meta http-equiv="Content-Type" content="text/html;charset=utf-8" />
  <meta name='ocr-system' content='tesseract 3.04.00' />
  <meta name='ocr-capabilities' content='ocr_page ocr_carea ocr_par ocr_line ocrx_word'/>
</head>
<body>
  <div class='ocr_page' id='page_1' title='image "./deremetricapoeta00mluoft_0451.png"; bbox 0 0 1898 3292; ppageno 0'>
   <div class='ocr_carea' id='block_1_1' title="bbox 812 249 1719 286">
    <p class='ocr_par' dir='ltr' id='par_1_1' title="bbox 812 249 1719 286">
     <span class='ocr_line' id='line_1_1' title="bbox 812 249 1719 286; baseline 0.006 -6"><span class='ocrx_word' id='word_1_1' title='bbox 812 255 931 280; x_wconf 78' lang='lat' dir='ltr'>LIBER</span> <span class='ocrx_word' id='word_1_2' title='bbox 951 255 1129 286; x_wconf 75' lang='lat' dir='ltr'><strong>QVINTVS.</strong></span> <span class='ocrx_word' id='word_1_3' title='bbox 1638 249 1719 285; x_wconf 75' lang='lat'>427</span> 
     </span>
    </p>
   </div>
   <div class='ocr_carea' id='block_1_2' title="bbox 209 357 1725 1710">
    <p class='ocr_par' dir='ltr' id='par_1_2' title="bbox 209 357 1725 1229">
     <span class='ocr_line' id='line_1_2' title="bbox 332 357 1721 410; baseline 0.001 -12"><span class='ocrx_word' id='word_1_4' title='bbox 332 358 420 398; x_wconf 86' lang='lat' dir='ltr'>Iam</span> <span class='ocrx_word' id='word_1_5' title='bbox 460 372 560 398; x_wconf 83' lang='lat' dir='ltr'>vero</span> <span class='ocrx_word' id='word_1_6' title='bbox 600 361 821 410; x_wconf 83' lang='lat' dir='ltr'>correptas</span> <span class='ocrx_word' id='word_1_7' title='bbox 865 357 978 410; x_wconf 84' lang='lat' dir='ltr'>vulgi</span> <span class='ocrx_word' id='word_1_8' title='bbox 1025 371 1104 398; x_wconf 92' lang='lat' dir='ltr'>usu</span> <span class='ocrx_word' id='word_1_9' title='bbox 1153 361 1226 397; x_wconf 81' lang='lat' dir='ltr'>aut</span> <span class='ocrx_word' id='word_1_10' title='bbox 1274 370 1420 398; x_wconf 79' lang='lat' dir='ltr'>versus</span> <span class='ocrx_word' id='word_1_11' title='bbox 1468 359 1721 400; x_wconf 71' lang='lat' dir='ltr'>necessitate</span> 
     </span>
     <span class='ocr_line' id='line_1_3' title="bbox 218 425 1723 479; baseline 0.001 -12"><span class='ocrx_word' id='word_1_12' title='bbox 218 426 367 467; x_wconf 83' lang='lat' dir='ltr'>finales</span> <span class='ocrx_word' id='word_1_13' title='bbox 398 429 625 479; x_wconf 78' lang='lat' dir='ltr'><strong>postquam</strong></span> <span class='ocrx_word' id='word_1_14' title='bbox 670 425 888 475; x_wconf 83' lang='lat' dir='ltr'>enarravi,</span> <span class='ocrx_word' id='word_1_15' title='bbox 928 425 1051 478; x_wconf 77' lang='lat' dir='ltr'>quasi</span> <span class='ocrx_word' id='word_1_16' title='bbox 1093 439 1171 479; x_wconf 87' lang='lat' dir='ltr'>pro</span> <span class='ocrx_word' id='word_1_17' title='bbox 1201 425 1438 479; x_wconf 71' lang='lat' dir='ltr'>appendice</span> <span class='ocrx_word' id='word_1_18' title='bbox 1470 426 1521 467; x_wconf 90' lang='lat' dir='ltr'>de</span> <span class='ocrx_word' id='word_1_19' title='bbox 1554 426 1723 468; x_wconf 87' lang='lat' dir='ltr'>abiecta</span> 
     </span>
     <span class='ocr_line' id='line_1_4' title="bbox 220 492 1719 551; baseline 0.001 -16"><span class='ocrx_word' id='word_1_20' title='bbox 220 507 396 547; x_wconf 83' lang='lat' dir='ltr'>agemus</span> <span class='ocrx_word' id='word_1_21' title='bbox 422 494 568 547; x_wconf 83' lang='lat' dir='ltr'>sigma.</span> <span class='ocrx_word' id='word_1_22' title='bbox 616 493 668 534; x_wconf 89' lang='lat' dir='ltr'>de</span> <span class='ocrx_word' id='word_1_23' title='bbox 700 507 786 546; x_wconf 88' lang='lat' dir='ltr'>qua</span> <span class='ocrx_word' id='word_1_24' title='bbox 814 493 876 534; x_wconf 90' lang='lat' dir='ltr'>ita</span> <span class='ocrx_word' id='word_1_25' title='bbox 898 492 1031 534; x_wconf 78' lang='lat' dir='ltr'>refert</span> <span class='ocrx_word' id='word_1_26' title='bbox 1051 493 1214 535; x_wconf 84' lang='lat' dir='ltr'>Tullius</span> <span class='ocrx_word' id='word_1_27' title='bbox 1234 493 1277 534; x_wconf 88' lang='lat' dir='ltr'>in</span> <span class='ocrx_word' id='word_1_28' title='bbox 1299 493 1481 535; x_wconf 79' lang='lat' dir='ltr'>Oratore</span> <span class='ocrx_word' id='word_1_29' title='bbox 1517 494 1598 550; x_wconf 85' lang='lat'><strong>[45‚</strong></span> <span class='ocrx_word' id='word_1_30' title='bbox 1624 495 1719 551; x_wconf 77' lang='lat'>153]</span> 
     </span>
     <span class='ocr_line' id='line_1_5' title="bbox 210 561 1720 613; baseline 0.001 -10"><span class='ocrx_word' id='word_1_31' title='bbox 210 561 317 604; x_wconf 74' lang='lat' dir='ltr'>‘sine</span> <span class='ocrx_word' id='word_1_32' title='bbox 362 565 564 603; x_wconf 73' lang='lat' dir='ltr'>vocalibus</span> <span class='ocrx_word' id='word_1_33' title='bbox 603 575 726 612; x_wconf 78' lang='lat' dir='ltr'>saepe</span> <span class='ocrx_word' id='word_1_34' title='bbox 767 564 975 602; x_wconf 71' lang='lat' dir='ltr'>brevitatis</span> <span class='ocrx_word' id='word_1_35' title='bbox 1017 576 1143 603; x_wconf 76' lang='lat' dir='ltr'>eausa</span> <span class='ocrx_word' id='word_1_36' title='bbox 1184 565 1477 603; x_wconf 73' lang='lat' dir='ltr'>contrahebant</span> <span class='ocrx_word' id='word_1_37' title='bbox 1527 567 1720 613; x_wconf 78' lang='lat' dir='ltr'>(nostri),</span> 
     </span>
     <span class='ocr_line' id='line_1_6' title="bbox 218 633 1724 681; baseline 0 -9"><span class='ocrx_word' id='word_1_38' title='bbox 218 638 260 672; x_wconf 82' lang='lat' dir='ltr'>at</span> <span class='ocrx_word' id='word_1_39' title='bbox 290 634 347 672; x_wconf 71' lang='lat' dir='ltr'>ila</span> <span class='ocrx_word' id='word_1_40' title='bbox 378 634 586 672; x_wconf 76' lang='lat' dir='ltr'>dicerent:</span> <span class='ocrx_word' id='word_1_41' title='bbox 622 633 733 671; x_wconf 75' lang='lat' dir='ltr'>malti</span> <span class='ocrx_word' id='word_1_42' title='bbox 762 633 901 678; x_wconf 69' lang='lat' dir='ltr'>modis,</span> <span class='ocrx_word' id='word_1_43' title='bbox 934 644 1004 670; x_wconf 75' lang='lat' dir='ltr'>vas</span> <span class='ocrx_word' id='word_1_44' title='bbox 1035 633 1268 681; x_wconf 69' lang='lat' dir='ltr'>aryenteis;</span> <span class='ocrx_word' id='word_1_45' title='bbox 1306 634 1418 681; x_wconf 78' lang='lat' dir='ltr'>palm</span> <span class='ocrx_word' id='word_1_46' title='bbox 1447 638 1484 670; x_wconf 85' lang='lat' dir='ltr'>et</span> <span class='ocrx_word' id='word_1_47' title='bbox 1517 634 1724 680; x_wconf 51' lang='lat' dir='ltr'>erimbaae</span> 
     </span>
     <span class='ocr_line' id='line_1_7' title="bbox 218 696 1722 755; baseline 0.001 -16"><span class='ocrx_word' id='word_1_48' title='bbox 218 703 311 740; x_wconf 76' lang='lat' dir='ltr'>teeti</span> <span class='ocrx_word' id='word_1_49' title='bbox 336 696 529 751; x_wconf 78' lang='lat' dir='ltr'>fractis&#39;.</span> <span class='ocrx_word' id='word_1_50' title='bbox 590 698 701 740; x_wconf 88' lang='lat' dir='ltr'>idem</span> <span class='ocrx_word' id='word_1_51' title='bbox 733 697 878 752; x_wconf 88' lang='lat' dir='ltr'>paullo</span> <span class='ocrx_word' id='word_1_52' title='bbox 909 701 1007 752; x_wconf 87' lang='lat' dir='ltr'>post</span> <span class='ocrx_word' id='word_1_53' title='bbox 1040 697 1122 754; x_wconf 82' lang='lat'>[48‚</span> <span class='ocrx_word' id='word_1_54' title='bbox 1158 698 1253 755; x_wconf 86' lang='lat'>161]</span> <span class='ocrx_word' id='word_1_55' title='bbox 1300 697 1417 749; x_wconf 76' lang='lat' dir='ltr'>‘qza&#39;n</span> <span class='ocrx_word' id='word_1_56' title='bbox 1449 702 1580 747; x_wconf 72' lang='lat' dir='ltr'>etiam,</span> <span class='ocrx_word' id='word_1_57' title='bbox 1615 704 1722 750; x_wconf 76' lang='lat' dir='ltr'>qaod</span> 
     </span>
     <span class='ocr_line' id='line_1_8' title="bbox 217 769 1722 817; baseline 0 -9"><span class='ocrx_word' id='word_1_58' title='bbox 217 771 294 809; x_wconf 76' lang='lat' dir='ltr'>lam:</span> <span class='ocrx_word' id='word_1_59' title='bbox 326 769 597 808; x_wconf 71' lang='lat' dir='ltr'>subrusticum</span> <span class='ocrx_word' id='word_1_60' title='bbox 627 770 799 816; x_wconf 73' lang='lat' dir='ltr'>videtur,</span> <span class='ocrx_word' id='word_1_61' title='bbox 829 770 916 807; x_wconf 71' lang='lat' dir='ltr'>olim</span> <span class='ocrx_word' id='word_1_62' title='bbox 950 773 1079 807; x_wconf 75' lang='lat' dir='ltr'>aulem</span> <span class='ocrx_word' id='word_1_63' title='bbox 1117 770 1300 817; x_wconf 70' lang='lat' dir='ltr'>politius,</span> <span class='ocrx_word' id='word_1_64' title='bbox 1330 781 1465 808; x_wconf 78' lang='lat' dir='ltr'>eoram</span> <span class='ocrx_word' id='word_1_65' title='bbox 1499 770 1722 815; x_wconf 71' lang='lat' dir='ltr'>verbor-mn,</span> 
     </span>
     <span class='ocr_line' id='line_1_9' title="bbox 218 838 1720 886; baseline 0.001 -10"><span class='ocrx_word' id='word_1_66' title='bbox 218 849 385 886; x_wconf 80' lang='lat' dir='ltr'>qaorum</span> <span class='ocrx_word' id='word_1_67' title='bbox 416 839 577 876; x_wconf 82' lang='lat' dir='ltr'>eaedem</span> <span class='ocrx_word' id='word_1_68' title='bbox 611 843 730 876; x_wconf 78' lang='lat' dir='ltr'>erant</span> <span class='ocrx_word' id='word_1_69' title='bbox 763 842 998 886; x_wconf 75' lang='lat' dir='ltr'>postremae</span> <span class='ocrx_word' id='word_1_70' title='bbox 1030 838 1137 876; x_wconf 78' lang='lat' dir='ltr'>duae</span> <span class='ocrx_word' id='word_1_71' title='bbox 1178 839 1360 883; x_wconf 74' lang='lat' dir='ltr'>litterae,</span> <span class='ocrx_word' id='word_1_72' title='bbox 1403 849 1507 886; x_wconf 75' lang='lat' dir='ltr'>qaae</span> <span class='ocrx_word' id='word_1_73' title='bbox 1549 843 1642 876; x_wconf 78' lang='lat' dir='ltr'>sunt</span> <span class='ocrx_word' id='word_1_74' title='bbox 1682 840 1720 877; x_wconf 74' lang='grc' dir='ltr'>ἱη</span> 
     </span>
     <span class='ocr_line' id='line_1_10' title="bbox 209 901 1723 954; baseline 0 -10"><span class='ocrx_word' id='word_1_75' title='bbox 209 901 451 954; x_wconf 77' lang='lat' dir='ltr'>‘optamas’‚</span> <span class='ocrx_word' id='word_1_76' title='bbox 498 911 745 954; x_wconf 75' lang='lat' dir='ltr'>postremam</span> <span class='ocrx_word' id='word_1_77' title='bbox 791 907 966 944; x_wconf 75' lang='lat' dir='ltr'>litteram</span> <span class='ocrx_word' id='word_1_78' title='bbox 1009 906 1300 953; x_wconf 75' lang='lat' dir='ltr'>detrahebant,</span> <span class='ocrx_word' id='word_1_79' title='bbox 1345 906 1425 944; x_wconf 74' lang='lat' dir='ltr'>nisi</span> <span class='ocrx_word' id='word_1_80' title='bbox 1470 907 1618 945; x_wconf 73' lang='lat' dir='ltr'>vocalis</span> <span class='ocrx_word' id='word_1_81' title='bbox 1665 908 1723 944; x_wconf 78' lang='lat' dir='ltr'>in-</span> 
     </span>
     <span class='ocr_line' id='line_1_11' title="bbox 215 974 1725 1023; baseline 0.001 -12"><span class='ocrx_word' id='word_1_82' title='bbox 215 974 472 1022; x_wconf 73' lang='lat' dir='ltr'>sequebatur.</span> <span class='ocrx_word' id='word_1_83' title='bbox 535 975 591 1012; x_wconf 79' lang='lat' dir='ltr'>ita</span> <span class='ocrx_word' id='word_1_84' title='bbox 623 986 702 1012; x_wconf 66' lang='lat' dir='ltr'>non</span> <span class='ocrx_word' id='word_1_85' title='bbox 733 978 823 1013; x_wconf 80' lang='lat' dir='ltr'>erat</span> <span class='ocrx_word' id='word_1_86' title='bbox 856 985 904 1012; x_wconf 85' lang='lat' dir='ltr'>ea</span> <span class='ocrx_word' id='word_1_87' title='bbox 935 975 1102 1022; x_wconf 74' lang='lat' dir='ltr'>offensio</span> <span class='ocrx_word' id='word_1_88' title='bbox 1136 975 1173 1012; x_wconf 80' lang='grc' dir='ltr'>ἱη</span> <span class='ocrx_word' id='word_1_89' title='bbox 1218 974 1417 1020; x_wconf 72' lang='lat' dir='ltr'>versibus,·</span> <span class='ocrx_word' id='word_1_90' title='bbox 1457 985 1574 1023; x_wconf 76' lang='lat' dir='ltr'>qaam</span> <span class='ocrx_word' id='word_1_91' title='bbox 1617 986 1725 1014; x_wconf 78' lang='lat' dir='ltr'>nanc</span> 
     </span>
     <span class='ocr_line' id='line_1_12' title="bbox 209 1040 1724 1092; baseline 0 -11"><span class='ocrx_word' id='word_1_92' title='bbox 209 1044 381 1092; x_wconf 70' lang='lat' dir='ltr'>faqz&#39;ant</span> <span class='ocrx_word' id='word_1_93' title='bbox 402 1047 554 1092; x_wconf 74' lang='lat' dir='ltr'>poetae</span> <span class='ocrx_word' id='word_1_94' title='bbox 575 1044 679 1082; x_wconf 67' lang='lat' dir='ltr'>novi.</span> <span class='ocrx_word' id='word_1_95' title='bbox 730 1044 786 1081; x_wconf 81' lang='lat' dir='ltr'>t&#39;ta</span> <span class='ocrx_word' id='word_1_96' title='bbox 818 1043 921 1081; x_wconf 73' lang='lat' dir='ltr'>enlm</span> <span class='ocrx_word' id='word_1_97' title='bbox 943 1043 1225 1091; x_wconf 76' lang='lat' dir='ltr'>loquebamur.-</span> <span class='ocrx_word' id='word_1_98' title='bbox 1259 1043 1366 1091; x_wconf 77' lang='lat' dir='ltr'>qza&#39;st</span> <span class='ocrx_word' id='word_1_99' title='bbox 1387 1040 1560 1081; x_wconf 74' lang='lat' dir='ltr'>omniba&#39;</span> <span class='ocrx_word' id='word_1_100' title='bbox 1602 1044 1724 1092; x_wconf 72' lang='lat' dir='ltr'>prite-</span> 
     </span>
     <span class='ocr_line' id='line_1_13' title="bbox 215 1111 1723 1161; baseline 0.001 -12"><span class='ocrx_word' id='word_1_101' title='bbox 215 1122 323 1159; x_wconf 76' lang='lat' dir='ltr'>ceps,</span> <span class='ocrx_word' id='word_1_102' title='bbox 355 1123 455 1150; x_wconf 77' lang='lat' dir='ltr'>non:</span> <span class='ocrx_word' id='word_1_103' title='bbox 486 1111 665 1150; x_wconf 74' lang='lat' dir='ltr'>omnibus</span> <span class='ocrx_word' id='word_1_104' title='bbox 688 1112 902 1160; x_wconf 69' lang='lat' dir='ltr'>princeps,</span> <span class='ocrx_word' id='word_1_105' title='bbox 935 1116 995 1150; x_wconf 83' lang='lat' dir='ltr'>et:</span> <span class='ocrx_word' id='word_1_106' title='bbox 1027 1112 1108 1150; x_wconf 70' lang='lat' dir='ltr'>vita</span> <span class='ocrx_word' id='word_1_107' title='bbox 1134 1112 1203 1150; x_wconf 78' lang='lat' dir='ltr'>illa</span> <span class='ocrx_word' id='word_1_108' title='bbox 1237 1112 1375 1161; x_wconf 70' lang='lat' dir='ltr'>diqna&#39;</span> <span class='ocrx_word' id='word_1_109' title='bbox 1407 1112 1585 1160; x_wconf 72' lang='lat' dir='ltr'>locoque,</span> <span class='ocrx_word' id='word_1_110' title='bbox 1619 1124 1723 1150; x_wconf 78' lang='lat' dir='ltr'>non.-</span> 
     </span>
     <span class='ocr_line' id='line_1_14' title="bbox 216 1174 403 1229; baseline 0.005 -11"><span class='ocrx_word' id='word_1_111' title='bbox 216 1174 403 1229; x_wconf 74' lang='lat' dir='ltr'>difflzas&#39;.</span> 
     </span>
    </p>

    <p class='ocr_par' dir='ltr' id='par_1_3' title="bbox 214 1256 1723 1710">
     <span class='ocr_line' id='line_1_15' title="bbox 330 1256 1722 1311; baseline 0 -13"><span class='ocrx_word' id='word_1_112' title='bbox 330 1258 393 1298; x_wconf 86' lang='lat' dir='ltr'>Ex</span> <span class='ocrx_word' id='word_1_113' title='bbox 424 1257 580 1311; x_wconf 84' lang='lat' dir='ltr'>quibus</span> <span class='ocrx_word' id='word_1_114' title='bbox 610 1257 753 1311; x_wconf 86' lang='lat' dir='ltr'>priore</span> <span class='ocrx_word' id='word_1_115' title='bbox 780 1257 875 1298; x_wconf 91' lang='lat' dir='ltr'>loco</span> <span class='ocrx_word' id='word_1_116' title='bbox 897 1259 1136 1298; x_wconf 82' lang='lat' dir='ltr'>memorata</span> <span class='ocrx_word' id='word_1_117' title='bbox 1158 1260 1366 1310; x_wconf 86' lang='lat' dir='ltr'>quantum</span> <span class='ocrx_word' id='word_1_118' title='bbox 1388 1256 1489 1298; x_wconf 88' lang='lat' dir='ltr'>fidei</span> <span class='ocrx_word' id='word_1_119' title='bbox 1511 1256 1722 1299; x_wconf 82' lang='lat' dir='ltr'>haberent</span> 
     </span>
     <span class='ocr_line' id='line_1_16' title="bbox 217 1325 1722 1381; baseline 0 -14"><span class='ocrx_word' id='word_1_120' title='bbox 217 1326 433 1367; x_wconf 73' lang='lat' dir='ltr'>declaravi</span> <span class='ocrx_word' id='word_1_121' title='bbox 454 1326 497 1367; x_wconf 89' lang='lat' dir='ltr'>in</span> <span class='ocrx_word' id='word_1_122' title='bbox 519 1326 605 1366; x_wconf 84' lang='lat' dir='ltr'>vita</span> <span class='ocrx_word' id='word_1_123' title='bbox 628 1326 753 1366; x_wconf 89' lang='lat' dir='ltr'>Ennii</span> <span class='ocrx_word' id='word_1_124' title='bbox 783 1325 865 1381; x_wconf 85' lang='lat' dir='ltr'>[pg.</span> <span class='ocrx_word' id='word_1_125' title='bbox 890 1328 970 1367; x_wconf 80' lang='lat'>238</span> <span class='ocrx_word' id='word_1_126' title='bbox 989 1325 1078 1381; x_wconf 82' lang='lat' dir='ltr'>sq.].</span> <span class='ocrx_word' id='word_1_127' title='bbox 1129 1339 1228 1367; x_wconf 91' lang='lat' dir='ltr'>nam</span> <span class='ocrx_word' id='word_1_128' title='bbox 1256 1328 1431 1379; x_wconf 88' lang='lat' dir='ltr'>praeter</span> <span class='ocrx_word' id='word_1_129' title='bbox 1454 1325 1562 1367; x_wconf 88' lang='lat' dir='ltr'>illud</span> <span class='ocrx_word' id='word_1_130' title='bbox 1592 1330 1722 1367; x_wconf 71' lang='lat' dir='ltr'>malti-</span> 
     </span>
     <span class='ocr_line' id='line_1_17' title="bbox 214 1394 1723 1448; baseline 0.001 -13"><span class='ocrx_word' id='word_1_131' title='bbox 214 1398 354 1444; x_wconf 76' lang='lat' dir='ltr'>mode&#39;s,</span> <span class='ocrx_word' id='word_1_132' title='bbox 387 1409 483 1436; x_wconf 88' lang='lat' dir='ltr'>cum</span> <span class='ocrx_word' id='word_1_133' title='bbox 514 1408 598 1447; x_wconf 85' lang='lat' dir='ltr'>quo</span> <span class='ocrx_word' id='word_1_134' title='bbox 622 1394 865 1448; x_wconf 86' lang='lat' dir='ltr'>comparari</span> <span class='ocrx_word' id='word_1_135' title='bbox 894 1397 1040 1447; x_wconf 86' lang='lat' dir='ltr'>potest</span> <span class='ocrx_word' id='word_1_136' title='bbox 1070 1397 1314 1443; x_wconf 72' lang='lat' dir='ltr'>omnimodis,</span> <span class='ocrx_word' id='word_1_137' title='bbox 1347 1397 1491 1435; x_wconf 87' lang='lat' dir='ltr'>cetera</span> <span class='ocrx_word' id='word_1_138' title='bbox 1523 1394 1577 1435; x_wconf 86' lang='lat' dir='ltr'>ab</span> <span class='ocrx_word' id='word_1_139' title='bbox 1610 1395 1723 1436; x_wconf 91' lang='lat' dir='ltr'>omni</span> 
     </span>
     <span class='ocr_line' id='line_1_18' title="bbox 214 1462 1720 1517; baseline 0.001 -13"><span class='ocrx_word' id='word_1_140' title='bbox 214 1463 355 1504; x_wconf 85' lang='lat' dir='ltr'>aliena</span> <span class='ocrx_word' id='word_1_141' title='bbox 392 1462 599 1516; x_wconf 84' lang='lat' dir='ltr'>exemplo.</span> <span class='ocrx_word' id='word_1_142' title='bbox 661 1476 772 1516; x_wconf 87' lang='lat' dir='ltr'>quae</span> <span class='ocrx_word' id='word_1_143' title='bbox 800 1462 866 1504; x_wconf 89' lang='lat' dir='ltr'>vel</span> <span class='ocrx_word' id='word_1_144' title='bbox 900 1462 1179 1504; x_wconf 86' lang='lat' dir='ltr'>librariorum</span> <span class='ocrx_word' id='word_1_145' title='bbox 1223 1476 1368 1504; x_wconf 91' lang='lat' dir='ltr'>errore</span> <span class='ocrx_word' id='word_1_146' title='bbox 1408 1463 1587 1517; x_wconf 84' lang='lat' dir='ltr'>(quippe</span> <span class='ocrx_word' id='word_1_147' title='bbox 1629 1477 1720 1505; x_wconf 85' lang='lat' dir='ltr'>cor-</span> 
     </span>
     <span class='ocr_line' id='line_1_19' title="bbox 214 1530 1722 1586; baseline 0.001 -14"><span class='ocrx_word' id='word_1_148' title='bbox 214 1535 364 1585; x_wconf 87' lang='lat' dir='ltr'>ruptos</span> <span class='ocrx_word' id='word_1_149' title='bbox 396 1530 626 1572; x_wconf 85' lang='lat' dir='ltr'>admodum</span> <span class='ocrx_word' id='word_1_150' title='bbox 651 1530 785 1572; x_wconf 89' lang='lat' dir='ltr'>libros</span> <span class='ocrx_word' id='word_1_151' title='bbox 806 1530 982 1572; x_wconf 87' lang='lat' dir='ltr'>Latinos</span> <span class='ocrx_word' id='word_1_152' title='bbox 1004 1530 1106 1572; x_wconf 88' lang='lat' dir='ltr'>ferri</span> <span class='ocrx_word' id='word_1_153' title='bbox 1129 1534 1273 1572; x_wconf 86' lang='lat' dir='ltr'>aetate</span> <span class='ocrx_word' id='word_1_154' title='bbox 1304 1544 1382 1572; x_wconf 82' lang='lat' dir='ltr'>sua</span> <span class='ocrx_word' id='word_1_155' title='bbox 1412 1531 1505 1586; x_wconf 88' lang='lat' dir='ltr'>ipse</span> <span class='ocrx_word' id='word_1_156' title='bbox 1536 1535 1722 1574; x_wconf 81' lang='lat' dir='ltr'>testatur</span> 
     </span>
     <span class='ocr_line' id='line_1_20' title="bbox 217 1599 1720 1655; baseline 0.002 -15"><span class='ocrx_word' id='word_1_157' title='bbox 217 1599 288 1655; x_wconf 87' lang='lat' dir='ltr'>[ad</span> <span class='ocrx_word' id='word_1_158' title='bbox 315 1600 361 1651; x_wconf 78' lang='lat' dir='ltr'>Q.</span> <span class='ocrx_word' id='word_1_159' title='bbox 389 1599 440 1640; x_wconf 82' lang='lat' dir='ltr'>fr.</span> <span class='ocrx_word' id='word_1_160' title='bbox 472 1599 553 1651; x_wconf 78' lang='grc' dir='ltr'>ΙΙΙ,</span> <span class='ocrx_word' id='word_1_161' title='bbox 588 1603 631 1651; x_wconf 74' lang='lat'>5,</span> <span class='ocrx_word' id='word_1_162' title='bbox 665 1599 705 1655; x_wconf 83' lang='lat'>6]</span> <span class='ocrx_word' id='word_1_163' title='bbox 739 1599 906 1654; x_wconf 87' lang='lat' dir='ltr'>Cicero)</span> <span class='ocrx_word' id='word_1_164' title='bbox 946 1599 1012 1641; x_wconf 87' lang='lat' dir='ltr'>vel</span> <span class='ocrx_word' id='word_1_165' title='bbox 1050 1599 1134 1641; x_wconf 88' lang='lat' dir='ltr'>alio</span> <span class='ocrx_word' id='word_1_166' title='bbox 1178 1613 1282 1641; x_wconf 84' lang='lat' dir='ltr'>casu</span> <span class='ocrx_word' id='word_1_167' title='bbox 1323 1599 1467 1642; x_wconf 86' lang='lat' dir='ltr'>fraudi</span> <span class='ocrx_word' id='word_1_168' title='bbox 1507 1600 1638 1643; x_wconf 86' lang='lat' dir='ltr'>fuisse</span> <span class='ocrx_word' id='word_1_169' title='bbox 1682 1602 1720 1643; x_wconf 89' lang='lat' dir='ltr'>ei</span> 
     </span>
     <span class='ocr_line' id='line_1_21' title="bbox 214 1667 529 1710; baseline -0.003 0"><span class='ocrx_word' id='word_1_170' title='bbox 214 1667 319 1710; x_wconf 85' lang='lat' dir='ltr'>satis</span> <span class='ocrx_word' id='word_1_171' title='bbox 350 1670 529 1709; x_wconf 83' lang='lat' dir='ltr'>constat.</span> 
     </span>
    </p>
   </div>
   <div class='ocr_carea' id='block_1_3' title="bbox 209 1747 1722 2990">
    <p class='ocr_par' dir='ltr' id='par_1_4' title="bbox 211 1747 1722 2215">
     <span class='ocr_line' id='line_1_22' title="bbox 327 1747 1720 1802; baseline 0.002 -14"><span class='ocrx_word' id='word_1_172' title='bbox 327 1747 486 1789; x_wconf 83' lang='lat' dir='ltr'>Contra</span> <span class='ocrx_word' id='word_1_173' title='bbox 516 1761 600 1789; x_wconf 91' lang='lat' dir='ltr'>non</span> <span class='ocrx_word' id='word_1_174' title='bbox 629 1747 798 1789; x_wconf 84' lang='lat' dir='ltr'>videtur</span> <span class='ocrx_word' id='word_1_175' title='bbox 827 1761 954 1802; x_wconf 88' lang='lat' dir='ltr'>posse</span> <span class='ocrx_word' id='word_1_176' title='bbox 987 1748 1136 1802; x_wconf 84' lang='lat' dir='ltr'>negari</span> <span class='ocrx_word' id='word_1_177' title='bbox 1168 1763 1215 1790; x_wconf 79' lang='lat' dir='ltr'>as</span> <span class='ocrx_word' id='word_1_178' title='bbox 1252 1752 1295 1790; x_wconf 92' lang='lat' dir='ltr'>et</span> <span class='ocrx_word' id='word_1_179' title='bbox 1325 1752 1358 1789; x_wconf 75' lang='lat' dir='ltr'>is</span> <span class='ocrx_word' id='word_1_180' title='bbox 1389 1748 1539 1790; x_wconf 89' lang='lat' dir='ltr'>finales</span> <span class='ocrx_word' id='word_1_181' title='bbox 1568 1748 1720 1791; x_wconf 85' lang='lat' dir='ltr'>breves</span> 
     </span>
     <span class='ocr_line' id='line_1_23' title="bbox 212 1815 1719 1867; baseline 0.001 -10"><span class='ocrx_word' id='word_1_182' title='bbox 212 1815 427 1858; x_wconf 86' lang='lat' dir='ltr'>interdum</span> <span class='ocrx_word' id='word_1_183' title='bbox 457 1829 543 1857; x_wconf 90' lang='lat' dir='ltr'>non</span> <span class='ocrx_word' id='word_1_184' title='bbox 570 1816 696 1858; x_wconf 92' lang='lat' dir='ltr'>modo</span> <span class='ocrx_word' id='word_1_185' title='bbox 727 1831 746 1856; x_wconf 74' lang='lat' dir='ltr'><em>S</em></span> <span class='ocrx_word' id='word_1_186' title='bbox 776 1816 924 1858; x_wconf 89' lang='lat' dir='ltr'>littera</span> <span class='ocrx_word' id='word_1_187' title='bbox 962 1820 1210 1867; x_wconf 83' lang='lat' dir='ltr'>truncatas,</span> <span class='ocrx_word' id='word_1_188' title='bbox 1252 1816 1327 1858; x_wconf 87' lang='lat' dir='ltr'>sed</span> <span class='ocrx_word' id='word_1_189' title='bbox 1370 1820 1486 1859; x_wconf 82' lang='lat' dir='ltr'>totas</span> <span class='ocrx_word' id='word_1_190' title='bbox 1528 1818 1719 1860; x_wconf 88' lang='lat' dir='ltr'>omissas.</span> 
     </span>
     <span class='ocr_line' id='line_1_24' title="bbox 212 1884 1722 1943; baseline 0.002 -18"><span class='ocrx_word' id='word_1_191' title='bbox 212 1898 311 1926; x_wconf 88' lang='lat' dir='ltr'>nam</span> <span class='ocrx_word' id='word_1_192' title='bbox 357 1884 484 1926; x_wconf 90' lang='lat' dir='ltr'>aliter</span> <span class='ocrx_word' id='word_1_193' title='bbox 528 1885 654 1926; x_wconf 88' lang='lat' dir='ltr'>Ennii</span> <span class='ocrx_word' id='word_1_194' title='bbox 689 1885 963 1939; x_wconf 87' lang='lat' dir='ltr'>Lucretiique</span> <span class='ocrx_word' id='word_1_195' title='bbox 1017 1884 1128 1941; x_wconf 87' lang='lat' dir='ltr'>[ann.</span> <span class='ocrx_word' id='word_1_196' title='bbox 1161 1888 1264 1937; x_wconf 83' lang='lat'><strong>3373</strong></span> <span class='ocrx_word' id='word_1_197' title='bbox 1306 1886 1386 1936; x_wconf 83' lang='grc' dir='ltr'>ΙΙΙ,</span> <span class='ocrx_word' id='word_1_198' title='bbox 1417 1885 1540 1943; x_wconf 83' lang='lat'>1033]</span> <span class='ocrx_word' id='word_1_199' title='bbox 1588 1891 1722 1938; x_wconf 75' lang='lat' dir='ltr'>famul</span> 
     </span>
     <span class='ocr_line' id='line_1_25' title="bbox 214 1953 1720 2010; baseline 0.001 -16"><span class='ocrx_word' id='word_1_200' title='bbox 214 1957 383 2003; x_wconf 76' lang='lat' dir='ltr'>infimus,</span> <span class='ocrx_word' id='word_1_201' title='bbox 427 1953 617 1995; x_wconf 88' lang='lat' dir='ltr'>eiusdem</span> <span class='ocrx_word' id='word_1_202' title='bbox 645 1953 771 1994; x_wconf 87' lang='lat' dir='ltr'>Ennii</span> <span class='ocrx_word' id='word_1_203' title='bbox 811 1953 925 2010; x_wconf 85' lang='lat'>[341]</span> <span class='ocrx_word' id='word_1_204' title='bbox 972 1957 1079 1995; x_wconf 78' lang='lat' dir='ltr'>debe&#39;l</span> <span class='ocrx_word' id='word_1_205' title='bbox 1113 1958 1226 1995; x_wconf 76' lang='lat' dir='ltr'>bomo</span> <span class='ocrx_word' id='word_1_206' title='bbox 1267 1954 1480 2007; x_wconf 88' lang='lat' dir='ltr'>quomodo</span> <span class='ocrx_word' id='word_1_207' title='bbox 1514 1954 1720 2009; x_wconf 80' lang='lat' dir='ltr'>explicari</span> 
     </span>
     <span class='ocr_line' id='line_1_26' title="bbox 211 2021 1719 2076; baseline 0.001 -14"><span class='ocrx_word' id='word_1_208' title='bbox 211 2021 378 2076; x_wconf 79' lang='lat' dir='ltr'>possint</span> <span class='ocrx_word' id='word_1_209' title='bbox 406 2035 491 2063; x_wconf 90' lang='lat' dir='ltr'>non</span> <span class='ocrx_word' id='word_1_210' title='bbox 521 2021 656 2063; x_wconf 89' lang='lat' dir='ltr'>video.</span> <span class='ocrx_word' id='word_1_211' title='bbox 718 2022 873 2075; x_wconf 89' lang='lat' dir='ltr'>quibus</span> <span class='ocrx_word' id='word_1_212' title='bbox 913 2021 1081 2064; x_wconf 86' lang='lat' dir='ltr'>accedit</span> <span class='ocrx_word' id='word_1_213' title='bbox 1124 2022 1239 2076; x_wconf 86' lang='lat' dir='ltr'>apud</span> <span class='ocrx_word' id='word_1_214' title='bbox 1271 2022 1455 2064; x_wconf 89' lang='lat' dir='ltr'>comicos</span> <span class='ocrx_word' id='word_1_215' title='bbox 1486 2022 1719 2065; x_wconf 80' lang='lat' dir='ltr'>identidem</span> 
     </span>
     <span class='ocr_line' id='line_1_27' title="bbox 212 2090 1718 2147; baseline 0.001 -16"><span class='ocrx_word' id='word_1_216' title='bbox 212 2103 438 2131; x_wconf 85' lang='lat' dir='ltr'>recurrens</span> <span class='ocrx_word' id='word_1_217' title='bbox 460 2093 575 2132; x_wconf 72' lang='lat' dir='ltr'>simil.</span> <span class='ocrx_word' id='word_1_218' title='bbox 609 2090 695 2131; x_wconf 80' lang='lat' dir='ltr'>alia</span> <span class='ocrx_word' id='word_1_219' title='bbox 717 2090 929 2144; x_wconf 86' lang='lat' dir='ltr'>quaedam</span> <span class='ocrx_word' id='word_1_220' title='bbox 951 2090 1088 2144; x_wconf 82' lang='lat' dir='ltr'>magis</span> <span class='ocrx_word' id='word_1_221' title='bbox 1108 2090 1280 2145; x_wconf 88' lang='lat' dir='ltr'>plebeia</span> <span class='ocrx_word' id='word_1_222' title='bbox 1302 2091 1452 2133; x_wconf 91' lang='lat' dir='ltr'>omitto</span> <span class='ocrx_word' id='word_1_223' title='bbox 1478 2090 1546 2147; x_wconf 86' lang='lat' dir='ltr'>[cf.</span> <span class='ocrx_word' id='word_1_224' title='bbox 1565 2090 1718 2146; x_wconf 86' lang='lat' dir='ltr'>Bergk.</span> 
     </span>
     <span class='ocr_line' id='line_1_28' title="bbox 211 2158 563 2215; baseline -0.006 -15"><span class='ocrx_word' id='word_1_225' title='bbox 211 2172 354 2212; x_wconf 86' lang='lat' dir='ltr'>opusc.</span> <span class='ocrx_word' id='word_1_226' title='bbox 385 2159 416 2209; x_wconf 83' lang='grc' dir='ltr'>Ι,</span> <span class='ocrx_word' id='word_1_227' title='bbox 450 2158 563 2215; x_wconf 64' lang='lat'>279}</span> 
     </span>
    </p>

    <p class='ocr_par' dir='ltr' id='par_1_5' title="bbox 210 2238 1719 2698">
     <span class='ocr_line' id='line_1_29' title="bbox 326 2238 1719 2293; baseline 0.002 -13"><span class='ocrx_word' id='word_1_228' title='bbox 326 2240 382 2280; x_wconf 85' lang='lat' dir='ltr'>At</span> <span class='ocrx_word' id='word_1_229' title='bbox 413 2253 523 2292; x_wconf 87' lang='lat' dir='ltr'>quae</span> <span class='ocrx_word' id='word_1_230' title='bbox 555 2238 690 2280; x_wconf 86' lang='lat' dir='ltr'>altero</span> <span class='ocrx_word' id='word_1_231' title='bbox 723 2239 817 2281; x_wconf 89' lang='lat' dir='ltr'>loco</span> <span class='ocrx_word' id='word_1_232' title='bbox 848 2243 1103 2293; x_wconf 86' lang='lat' dir='ltr'>promuntur</span> <span class='ocrx_word' id='word_1_233' title='bbox 1134 2239 1343 2292; x_wconf 88' lang='lat' dir='ltr'>Oratoris‚</span> <span class='ocrx_word' id='word_1_234' title='bbox 1380 2240 1543 2282; x_wconf 84' lang='lat' dir='ltr'>habent</span> <span class='ocrx_word' id='word_1_235' title='bbox 1571 2241 1719 2283; x_wconf 87' lang='lat' dir='ltr'>rectis-</span> 
     </span>
     <span class='ocr_line' id='line_1_30' title="bbox 213 2307 1718 2364; baseline 0.002 -16"><span class='ocrx_word' id='word_1_236' title='bbox 213 2307 329 2358; x_wconf 86' lang='lat' dir='ltr'>sime,</span> <span class='ocrx_word' id='word_1_237' title='bbox 374 2309 554 2361; x_wconf 80' lang='lat' dir='ltr'>excepto</span> <span class='ocrx_word' id='word_1_238' title='bbox 596 2307 710 2361; x_wconf 87' lang='lat' dir='ltr'>quod</span> <span class='ocrx_word' id='word_1_239' title='bbox 752 2307 1024 2362; x_wconf 85' lang='lat' dir='ltr'>neglegentia</span> <span class='ocrx_word' id='word_1_240' title='bbox 1066 2308 1252 2361; x_wconf 83' lang='lat' dir='ltr'>quadam</span> <span class='ocrx_word' id='word_1_241' title='bbox 1293 2309 1441 2364; x_wconf 85' lang='lat' dir='ltr'>lapsus</span> <span class='ocrx_word' id='word_1_242' title='bbox 1476 2310 1519 2351; x_wconf 92' lang='lat' dir='ltr'>in</span> <span class='ocrx_word' id='word_1_243' title='bbox 1552 2325 1597 2351; x_wconf 75' lang='lat' dir='ltr'>as</span> <span class='ocrx_word' id='word_1_244' title='bbox 1627 2324 1718 2351; x_wconf 90' lang='lat' dir='ltr'>cor-</span> 
     </span>
     <span class='ocr_line' id='line_1_31' title="bbox 211 2375 1717 2429; baseline 0.003 -13"><span class='ocrx_word' id='word_1_245' title='bbox 211 2379 381 2429; x_wconf 82' lang='lat' dir='ltr'>reptam</span> <span class='ocrx_word' id='word_1_246' title='bbox 426 2375 681 2417; x_wconf 83' lang='lat' dir='ltr'>exeuntibus</span> <span class='ocrx_word' id='word_1_247' title='bbox 721 2375 863 2417; x_wconf 87' lang='lat' dir='ltr'>verbis</span> <span class='ocrx_word' id='word_1_248' title='bbox 906 2376 1007 2418; x_wconf 90' lang='lat' dir='ltr'>solis</span> <span class='ocrx_word' id='word_1_249' title='bbox 1053 2377 1206 2419; x_wconf 87' lang='lat' dir='ltr'>tribuit</span> <span class='ocrx_word' id='word_1_250' title='bbox 1250 2377 1413 2420; x_wconf 90' lang='lat' dir='ltr'>Tullius</span> <span class='ocrx_word' id='word_1_251' title='bbox 1458 2378 1717 2428; x_wconf 77' lang='lat' dir='ltr'>libertatem⁷</span> 
     </span>
     <span class='ocr_line' id='line_1_32' title="bbox 211 2443 1718 2500; baseline 0.003 -16"><span class='ocrx_word' id='word_1_252' title='bbox 211 2457 322 2497; x_wconf 87' lang='lat' dir='ltr'>quae</span> <span class='ocrx_word' id='word_1_253' title='bbox 352 2443 541 2497; x_wconf 86' lang='lat' dir='ltr'>pertinet</span> <span class='ocrx_word' id='word_1_254' title='bbox 572 2444 701 2485; x_wconf 87' lang='lat' dir='ltr'>etiam</span> <span class='ocrx_word' id='word_1_255' title='bbox 732 2443 787 2485; x_wconf 87' lang='lat' dir='ltr'>ad</span> <span class='ocrx_word' id='word_1_256' title='bbox 816 2444 990 2486; x_wconf 87' lang='lat' dir='ltr'>brevem</span> <span class='ocrx_word' id='word_1_257' title='bbox 1021 2444 1193 2487; x_wconf 85' lang='lat' dir='ltr'>finalem</span> <span class='ocrx_word' id='word_1_258' title='bbox 1226 2449 1272 2487; x_wconf 75' lang='lat' dir='ltr'>is.</span> <span class='ocrx_word' id='word_1_259' title='bbox 1324 2446 1427 2500; x_wconf 88' lang='lat' dir='ltr'>quid</span> <span class='ocrx_word' id='word_1_260' title='bbox 1458 2446 1573 2500; x_wconf 89' lang='lat' dir='ltr'>quod</span> <span class='ocrx_word' id='word_1_261' title='bbox 1595 2446 1718 2487; x_wconf 74' lang='lat' dir='ltr'>Luci-</span> 
     </span>
     <span class='ocr_line' id='line_1_33' title="bbox 210 2511 1718 2557; baseline 0.002 -5"><span class='ocrx_word' id='word_1_262' title='bbox 210 2511 292 2553; x_wconf 87' lang='lat' dir='ltr'>lius</span> <span class='ocrx_word' id='word_1_263' title='bbox 322 2526 365 2552; x_wconf 75' lang='lat' dir='ltr'>os</span> <span class='ocrx_word' id='word_1_264' title='bbox 387 2511 652 2553; x_wconf 88' lang='lat' dir='ltr'>Graecorum</span> <span class='ocrx_word' id='word_1_265' title='bbox 678 2512 722 2552; x_wconf 91' lang='lat' dir='ltr'>in</span> <span class='ocrx_word' id='word_1_266' title='bbox 743 2513 1005 2554; x_wconf 87' lang='lat' dir='ltr'>nominativo</span> <span class='ocrx_word' id='word_1_267' title='bbox 1027 2514 1240 2555; x_wconf 88' lang='lat' dir='ltr'>secundae</span> <span class='ocrx_word' id='word_1_268' title='bbox 1262 2515 1462 2557; x_wconf 89' lang='lat' dir='ltr'>mutilare</span> <span class='ocrx_word' id='word_1_269' title='bbox 1483 2514 1718 2556; x_wconf 74' lang='lat' dir='ltr'>sustinuit?</span> 
     </span>
     <span class='ocr_line' id='line_1_34' title="bbox 211 2579 1718 2639; baseline 0.002 -19"><span class='ocrx_word' id='word_1_270' title='bbox 211 2579 333 2621; x_wconf 88' lang='lat' dir='ltr'>cuius</span> <span class='ocrx_word' id='word_1_271' title='bbox 373 2583 472 2621; x_wconf 91' lang='lat' dir='ltr'>sunt</span> <span class='ocrx_word' id='word_1_272' title='bbox 512 2579 588 2620; x_wconf 84' lang='lat' dir='ltr'>illa</span> <span class='ocrx_word' id='word_1_273' title='bbox 631 2579 790 2636; x_wconf 81' lang='lat' dir='ltr'><strong>[XXX‚</strong></span> <span class='ocrx_word' id='word_1_274' title='bbox 823 2585 896 2633; x_wconf 79' lang='lat'>853</span> <span class='ocrx_word' id='word_1_275' title='bbox 938 2582 1018 2623; x_wconf 87' lang='lat' dir='ltr'>inc.</span> <span class='ocrx_word' id='word_1_276' title='bbox 1051 2585 1125 2634; x_wconf 78' lang='lat'>333</span> <span class='ocrx_word' id='word_1_277' title='bbox 1168 2582 1219 2624; x_wconf 85' lang='lat' dir='ltr'>cf.</span> <span class='ocrx_word' id='word_1_278' title='bbox 1253 2586 1295 2624; x_wconf 89' lang='lat' dir='ltr'>et</span> <span class='ocrx_word' id='word_1_279' title='bbox 1329 2583 1423 2635; x_wconf 82' lang='lat' dir='ltr'>VII⁷</span> <span class='ocrx_word' id='word_1_280' title='bbox 1459 2582 1499 2639; x_wconf 87' lang='lat'>2]</span> <span class='ocrx_word' id='word_1_281' title='bbox 1543 2586 1718 2634; x_wconf 74' lang='lat' dir='ltr'>soorpc&#39;o’</span> 
     </span>
     <span class='ocr_line' id='line_1_35' title="bbox 210 2652 960 2698; baseline 0.003 -9"><span class='ocrx_word' id='word_1_282' title='bbox 210 2652 370 2698; x_wconf 54' lang='lat' dir='ltr'>eandm</span> <span class='ocrx_word' id='word_1_283' title='bbox 405 2662 456 2690; x_wconf 80' lang='lat' dir='ltr'>ne</span> <span class='ocrx_word' id='word_1_284' title='bbox 484 2653 791 2691; x_wconf 69' lang='lat' dir='ltr'>rhetoricotero&#39;</span> <span class='ocrx_word' id='word_1_285' title='bbox 820 2657 860 2691; x_wconf 74' lang='lat' dir='ltr'>tec</span> <span class='ocrx_word' id='word_1_286' title='bbox 891 2654 960 2692; x_wconf 67' lang='lat' dir='ltr'>sis.</span> 
     </span>
    </p>

    <p class='ocr_par' dir='ltr' id='par_1_6' title="bbox 209 2728 1717 2990">
     <span class='ocr_line' id='line_1_36' title="bbox 323 2728 1717 2785; baseline 0.003 -16"><span class='ocrx_word' id='word_1_287' title='bbox 323 2728 462 2782; x_wconf 83' lang='lat' dir='ltr'>Igitur</span> <span class='ocrx_word' id='word_1_288' title='bbox 489 2728 555 2770; x_wconf 90' lang='lat' dir='ltr'>usi</span> <span class='ocrx_word' id='word_1_289' title='bbox 586 2742 776 2782; x_wconf 83' lang='lat' dir='ltr'>apocope</span> <span class='ocrx_word' id='word_1_290' title='bbox 807 2730 910 2781; x_wconf 78' lang='lat' dir='ltr'>ista,</span> <span class='ocrx_word' id='word_1_291' title='bbox 953 2744 1083 2784; x_wconf 85' lang='lat' dir='ltr'>quae,</span> <span class='ocrx_word' id='word_1_292' title='bbox 1125 2744 1220 2772; x_wconf 90' lang='lat' dir='ltr'>cum</span> <span class='ocrx_word' id='word_1_293' title='bbox 1263 2731 1370 2772; x_wconf 86' lang='lat' dir='ltr'>alias</span> <span class='ocrx_word' id='word_1_294' title='bbox 1401 2731 1717 2785; x_wconf 86' lang='lat' dir='ltr'>significaretur</span> 
     </span>
     <span class='ocr_line' id='line_1_37' title="bbox 211 2796 1715 2852; baseline 0.003 -16"><span class='ocrx_word' id='word_1_295' title='bbox 211 2796 439 2849; x_wconf 81' lang='lat' dir='ltr'>scriptura,</span> <span class='ocrx_word' id='word_1_296' title='bbox 475 2797 728 2851; x_wconf 83' lang='lat' dir='ltr'>plerumque</span> <span class='ocrx_word' id='word_1_297' title='bbox 759 2798 894 2840; x_wconf 87' lang='lat' dir='ltr'>solost</span> <span class='ocrx_word' id='word_1_298' title='bbox 924 2812 1128 2852; x_wconf 82' lang='lat' dir='ltr'>expressa</span> <span class='ocrx_word' id='word_1_299' title='bbox 1159 2813 1274 2850; x_wconf 85' lang='lat' dir='ltr'>sono,</span> <span class='ocrx_word' id='word_1_300' title='bbox 1304 2799 1479 2850; x_wconf 84' lang='lat' dir='ltr'>Ennius,</span> <span class='ocrx_word' id='word_1_301' title='bbox 1514 2799 1715 2851; x_wconf 81' lang='lat' dir='ltr'>Lucilius,</span> 
     </span>
     <span class='ocr_line' id='line_1_38' title="bbox 209 2863 1715 2924; baseline 0.003 -20"><span class='ocrx_word' id='word_1_302' title='bbox 209 2864 418 2905; x_wconf 84' lang='lat' dir='ltr'>Aedituus</span> <span class='ocrx_word' id='word_1_303' title='bbox 464 2863 585 2920; x_wconf 86' lang='lat' dir='ltr'>[Gell.</span> <span class='ocrx_word' id='word_1_304' title='bbox 622 2865 746 2917; x_wconf 84' lang='lat' dir='ltr'>XIX,</span> <span class='ocrx_word' id='word_1_305' title='bbox 790 2870 827 2917; x_wconf 86' lang='lat'>9,</span> <span class='ocrx_word' id='word_1_306' title='bbox 871 2866 962 2922; x_wconf 86' lang='lat'>12],</span> <span class='ocrx_word' id='word_1_307' title='bbox 1009 2866 1185 2908; x_wconf 86' lang='lat' dir='ltr'>Catulus</span> <span class='ocrx_word' id='word_1_308' title='bbox 1234 2866 1303 2923; x_wconf 81' lang='lat' dir='ltr'>[ib.</span> <span class='ocrx_word' id='word_1_309' title='bbox 1339 2867 1430 2924; x_wconf 82' lang='lat'>14],</span> <span class='ocrx_word' id='word_1_310' title='bbox 1476 2867 1715 2919; x_wconf 76' lang='lat' dir='ltr'>Lucretius,</span> 
     </span>
     <span class='ocr_line' id='line_1_39' title="bbox 210 2932 1715 2990; baseline 0.003 -17"><span class='ocrx_word' id='word_1_311' title='bbox 210 2932 363 2983; x_wconf 81' lang='lat' dir='ltr'>Varro,</span> <span class='ocrx_word' id='word_1_312' title='bbox 393 2932 575 2989; x_wconf 84' lang='lat' dir='ltr'>denique</span> <span class='ocrx_word' id='word_1_313' title='bbox 610 2935 739 2976; x_wconf 89' lang='lat' dir='ltr'>semel</span> <span class='ocrx_word' id='word_1_314' title='bbox 763 2934 956 2977; x_wconf 87' lang='lat' dir='ltr'>Catullus</span> <span class='ocrx_word' id='word_1_315' title='bbox 978 2949 1103 2977; x_wconf 87' lang='lat' dir='ltr'>versu</span> <span class='ocrx_word' id='word_1_316' title='bbox 1133 2949 1311 2990; x_wconf 87' lang='lat' dir='ltr'>operum</span> <span class='ocrx_word' id='word_1_317' title='bbox 1342 2936 1528 2978; x_wconf 90' lang='lat' dir='ltr'>omnium</span> <span class='ocrx_word' id='word_1_318' title='bbox 1553 2937 1715 2987; x_wconf 73' lang='lat' dir='ltr'>ultimo,</span> 
     </span>
    </p>
   </div>
  </div>
 </body>
</html>
