1898 3292
223 220 275 257 42
840 227 1115 252 PROHOEM1VM.

223 346 327 372 cura
355 335 608 384 persecutus
641 334 736 371 est?
775 330 898 370 licuit
928 331 1107 370 erimina
1137 330 1426 382 multiplicari,
1460 329 1541 370 nisi
1562 343 1731 382 possem

221 400 356 441 videri
399 413 536 440 meam
583 399 723 452 potius
762 399 933 439 landem
977 398 1218 440 celebrasse
1260 411 1387 450 quam
1430 397 1600 438 illorum
1630 398 1734 438 vitia

224 469 477 522 exagitasse.
540 481 674 520 quare
706 467 787 507 hoc
819 467 1008 506 contenti
1042 467 1200 507 erimus
1231 466 1446 507 monuisse
1486 480 1571 516 me,
1611 470 1732 519 quot-

224 541 329 590 quot
360 550 516 590 parare
547 536 759 589 potuerim
793 534 986 575 subsidia
1018 535 1169 575 critica
1212 535 1265 575 ad
1297 535 1476 575 istorum
1510 538 1732 588 poetarum

221 605 356 647 libros
380 608 495 646 10010
519 603 822 654 aestimandos,
856 603 1077 656 collegisse
1101 618 1196 644 011111
1220 603 1361 644 31111110
1386 607 1439 654 01,
1472 603 1587 656 quod
1607 603 1733 656 longe

223 675 305 715 fuit
336 673 495 724 utilius,
526 672 758 727 perlegisse
786 672 920 712 multo
942 671 1127 725 plurium
1154 675 1375 725 poetarum
1401 672 1733 712 christianorum

224 743 414 784 earmina
442 757 569 796 quam
602 756 782 794 quorum
807 740 1024 794 aequabili
1048 755 1152 781 cura
1174 740 1296 794 plene
1320 755 1384 781 me
1408 744 1733 794 persecuturum

225 826 316 853 esse
350 815 486 852 artem
534 824 666 864 supra
697 809 925 850 declaravi.
988 812 1178 850 ceterum
1220 809 1360 850 obiter
1400 823 1551 850 moneo
1588 809 1734 849 Avieni

224 884 266 922 et
287 880 497 921 Prisciani
520 879 655 920 solum
690 893 755 919 1110
788 878 1027 932 respexisse
1062 877 1196 919 libros
1229 878 1510 931 geographos,
1542 881 1733 931 praeter-

224 963 352 1003 quam
385 949 458 990 ubi
491 948 673 989 aliorum
706 950 858 1000 aperta
900 946 1103 987 illiciatur
1146 947 1318 987 mentio.
1380 950 1506 987 erunt
1537 945 1734 995 fortasse,

224 1018 296 1071 qui
329 1018 552 1067 mirentur,
596 1030 671 1057 cur
709 1029 787 1068 ego
820 1015 1048 1069 Corippum
1083 1015 1300 1056 exclusum
1334 1015 1539 1056 voluerim
1570 1029 1595 1055 a
1627 1015 1735 1055 serie

224 1086 399 1140 operis.v
430 1100 554 1139 quem
579 1085 675 1126 ideo
698 1084 836 1125 minus
870 1084 1036 1125 curiose
1063 1083 1208 1134 habui,
1239 1084 1365 1137 quod,
1394 1098 1487 1124 011111
1521 1085 1562 1124 111
1587 1083 1733 1136 pleris-

225 1169 306 1208 que
348 1155 477 1195 rebus
520 1158 606 1195 tam
655 1153 854 1206 religiose
890 1152 1123 1205 Vergilium
1163 1156 1386 1205 sequatur,
1428 1167 1479 1193 ne
1525 1153 1735 1192 Homerus

227 1224 397 1277 quidem
431 1223 610 1264 Latinus
642 1226 718 1263 aut
750 1221 879 1263 Silius
912 1225 959 1263 ut
989 1222 1144 1274 magis,
1184 1226 1327 1262 tamen
1356 1221 1472 1262 haud
1501 1234 1600 1261 raro
1631 1224 1734 1261 tem-

224 1307 374 1346 porum
407 1292 509 1333 vitio
540 1317 595 1321 -
625 1305 722 1331 nam
756 1304 891 1344 paene
921 1291 963 1331 in
994 1290 1078 1331 fine
1110 1291 1189 1331 11111
1219 1290 1460 1331 litterarum
1484 1289 1734 1330 Latinarum

223 1387 278 1392 -
299 1361 474 1402 labitur.
527 1360 639 1402 unde
670 1374 817 1401 curam
840 1359 976 1412 magis
999 1362 1042 1400 et
1063 1359 1251 1400 studium
1276 1373 1402 1412 quam
1427 1358 1735 1412 proprietatem

224 1431 308 1472 arti
340 1430 430 1472 eius
462 1429 684 1470 concedas.

339 1499 393 1540 Et
423 1499 531 1540 haec
563 1497 733 1552 quidem
767 1511 843 1538 nos
875 1500 974 1538 ante
1006 1510 1140 1537 annos
1173 1496 1267 1550 plus
1296 1495 1486 1549 triginta.

339 1567 462 1609 Nunc
493 1571 635 1608 autem
660 1566 881 1619 aliquanto
905 1565 1055 1606 melius
1078 1565 1210 1606 habet
1232 1579 1311 1615 res,
1344 1565 1529 1606 maxime
1553 1564 1736 1605 Hartelii

224 1641 267 1678 et
300 1636 555 1686 Schenkelii,
588 1636 881 1690 professorum
916 1634 1321 1685 Vindobonensium,
1353 1633 1577 1675 industria.
1630 1648 1736 1686 quos

224 1706 360 1747 secuti
392 1708 591 1746 auctores
619 1704 835 1746 iuniorum
866 1703 983 1745 haud
1014 1705 1137 1757 pauci
1182 1703 1291 1744 alius
1332 1703 1464 1744 alium
1506 1705 1677 1756 poetam
1714 1716 1736 1742 e

225 1774 472 1815 christianis
504 1777 598 1815 arte
631 1777 673 1814 et
702 1773 770 1814 via
802 1776 993 1814 tractare
1026 1775 1270 1826 coeperunt.
1323 1786 1505 1825 quorum
1538 1785 1621 1812 non
1647 1772 1736 1812 31110

224 1857 379 1896 magno
413 1842 634 1884 commodo
666 1842 732 1883 usi
765 1857 910 1883 sumus
942 1841 1107 1882 studiis.
1159 1844 1202 1882 et
1232 1841 1416 1882 maxime
1448 1840 1618 1894 quidem
1651 1840 1736 1881 lae-

226 1912 417 1962 tandum,
451 1911 564 1965 quod
589 1912 777 1962 Ausonii,
811 1910 1033 1964 scriptoris
1066 1910 1318 1963 gravissimi,
1350 1909 1449 1950 libri
1472 1909 1555 1949 iam
1579 1908 1736 1949 Seben-

224 1981 326 2021 kelii
357 1995 489 2034 opera
522 1984 564 2022 et
586 1983 799 2034 apparatu
820 1980 1021 2021 instructi
1044 1979 1288 2033 plenissimo
1311 1982 1353 2020 et
1373 1977 1512 2019 indice
1534 1977 1738 2018 illustrati

226 2050 564 2091 accuratissimo.
639 2063 717 2090 sua
766 2049 895 2090 etiam
949 2049 1104 2090 merita
1153 2048 1386 2098 Huemero,
1437 2046 1737 2098 Petschenigio

224 2119 418 2172 aliisque,
452 2119 524 2172 qui
556 2121 755 2159 auctores
787 2117 926 2159 minus
965 2117 1173 2168 difficiles,
1207 2116 1281 2158 3011
1303 2129 1381 2157 1100
1402 2116 1517 2169 ipsos
1539 2114 1738 2168 indignos

225 2188 432 2229 memoria
464 2186 647 2241 propriis
680 2186 1002 2238 castigaverunt
1034 2185 1198 2227 studiis.

341 2256 396 2297 Et
436 2259 667 2310 postquam
706 2254 864 2308 praeiit
906 2254 1053 2296 schola
1087 2252 1446 2304 Vindobonensis,
1489 2252 1620 2293 etiam
1666 2250 1739 2292 alii

229 2325 380 2376 exorti,
439 2325 512 2378 qui
556 2328 725 2378 partem
771 2324 1045 2376 antiquitatis
1093 2322 1334 2364 studiorum
1376 2321 1448 2362 diu
1496 2320 1738 2373 neglectam

227 2394 418 2435 curatius
471 2396 768 2434 attrectarent.
828 2393 891 2433 ita
941 2406 1037 2433 cum
1078 2391 1325 2432 traditionis
1373 2390 1479 2430 fides
1517 2389 1740 2443 patefacta

227 2467 340 2504 esset
370 2463 413 2503 in
444 2462 583 2516 poetis
615 2461 773 2512 multis,
808 2460 1036 2502 dolendum
1067 2460 1181 2514 quod
1204 2459 1399 2513 plerique
1422 2458 1634 2499 editorum
1657 2471 1739 2498 non

227 2531 406 2572 eandem
431 2530 697 2583 diligent-iam
721 2529 1013 2570 adhibuerunt
1035 2528 1329 2583 expediendae
1351 2527 1556 2568 metricae
1580 2541 1739 2577 eorum.

224 2600 269 2641 id
303 2600 417 2653 quod
448 2599 662 2640 indicibus
696 2598 855 2639 additis
887 2598 1071 2639 maxime
1103 2601 1296 2651 apparet.

344 2668 427 2709 Sed
450 2672 498 2709 111
518 2668 600 2709 hoe
625 2668 810 2717 omittas,
843 2671 987 2708 tamen
1016 2666 1151 2707 mult-a
1184 2669 1350 2706 restant
1379 2665 1421 2705 in
1456 2662 1740 2716 scriptoribus

229 2737 475 2779 christianis
519 2737 648 2778 etiam
695 2750 808 2776 1111110
849 2735 1131 2789 profliganda.
1199 2734 1331 2775 veluti
1372 2733 1593 2774 Prudentii
1640 2733 1738 2773 olim

228 2806 502 2847 desideratur
534 2819 644 2846 nova
677 2804 819 2845 editio.
882 2817 992 2856 quae
1027 2817 1120 2844 cum
1154 2803 1215 2843 ita
1247 2803 1342 2853 sint,
1375 2815 1513 2854 neque
1543 2801 1739 2841 Arnzenii

227 2888 305 2916 nec
337 2874 525 2915 Fabricii
559 2872 855 2914 commentarii
892 2885 1024 2925 supra
1065 2871 1290 2911 memorati
1322 2870 1450 2911 hodie
1485 2869 1658 2910 inutiles
1690 2883 1740 2909 ac

227 2957 280 2985 ne
302 2943 447 2984 Bedae
479 2941 651 2995 quidem
682 2940 855 2982 libellus
887 2940 939 2981 de
964 2954 1008 2980 re
1030 2940 1222 2990 metrica,
1255 2939 1326 2994 qui
1348 2939 1506 2992 legitur
1528 2951 1739 2991 gramma-

227 3013 411 3059 ticorum
443 3011 696 3053 Latinorum
726 3013 850 3065 parte
886 3008 973 3049 VII.
