1898 3292
165 245 247 282 234
767 252 887 276 mmm
906 252 1079 278 TERTIVS,

165 355 238 396 ubi
269 354 437 395 codices
467 354 630 395 habent
659 358 807 406 siquis,
842 362 883 395 zat
914 362 991 404 est,
1031 354 1161 408 idque
1199 369 1345 395 verum
1388 358 1495 408 puto
1528 357 1571 394 et
1601 368 1675 407 po—

165 424 293 465 situm
325 437 402 476 pro
438 430 481 463 ut
505 429 564 473 fit,
600 423 725 464 sicuti
758 431 816 464 est
848 430 891 464 ut
921 423 1080 464 dicitur
1113 437 1191 476 pro
1219 428 1266 472 fil
1298 430 1351 464 ut.

279 492 391 532 Sane
443 492 571 532 certis
624 505 829 533 caesurae
881 491 1064 532 modulis
1116 490 1343 541 effectum,
1404 505 1455 532 ne
1507 490 1678 543 saepius

166 560 386 602 evenirent
417 560 577 601 similes
610 574 742 613 supra
775 560 1003 613 adscriptis
1034 560 1287 601 hexametri.
1340 564 1489 600 contra
1521 559 1563 599 in
1585 572 1677 599 ver-

166 629 284 670 sibus
316 629 522 670 incisione
554 628 670 669 orbis
703 642 937 681 numquam
976 632 1168 679 cautum,
1210 631 1258 669 ut
1297 627 1593 681 pronuntiatio
1637 627 1680 668 in

166 711 296 751 prosa
326 697 489 738 usitata
524 710 619 738 cum
650 697 822 750 poetica
852 711 905 738 ne
938 697 1193 738 concineret.

283 766 477 806 Verum
519 765 793 806 enimvero
832 779 945 806 cum
981 765 1208 818 primum
1242 765 1571 818 unicumque
1610 765 1682 805 sit

166 849 354 875 munus
400 834 678 888 poeticae,
735 838 792 875 ut
846 848 940 875 nos
997 834 1358 888 quotidianae
1400 834 1546 875 vitae
1588 833 1681 874 mi—

170 903 333 944 seriis
374 907 425 943 et
466 903 613 944 curis
655 902 981 956 vulgaribus
1021 906 1300 957 exemptos
1342 902 1393 943 in
1435 902 1682 956 puriore,

168 975 226 1012 ut
265 972 344 1013 ita
388 971 585 1022 dicam,
627 985 724 1013 nec
763 975 1023 1013 terrenae
1056 972 1351 1025 quidquam
1383 970 1559 1012 faecis
1590 970 1683 1011 ha-

173 1041 338 1082 bente
372 1040 594 1082 aethere
626 1040 883 1091 collocet,
914 1044 1108 1094 poetae
1139 1043 1373 1091 veteres,
1412 1039 1684 1081 studiosis-

173 1110 345 1151 simos
385 1109 597 1150 formae
640 1109 942 1150 carminum
985 1113 1037 1151 et
1077 1109 1348 1150 metricae
1388 1108 1531 1149 artis
1570 1122 1682 1148 cum

173 1178 448 1219 haberent
493 1178 827 1232 populares,
885 1178 1301 1219 studiosissimi
1344 1177 1455 1230 ipsi
1503 1190 1684 1217 rerum

172 1247 388 1297 talium,
429 1246 513 1288 vix
551 1246 704 1287 aliud
739 1249 1043 1300 potuerunt
1083 1246 1287 1287 habere
1320 1246 1525 1287 maiore
1558 1258 1687 1286 cura

174 1330 329 1370 quam
374 1319 431 1357 ut
472 1315 795 1370 rythmicum
838 1314 1264 1365 vocabulorum,
1312 1314 1516 1368 quibus
1559 1327 1686 1354 con-

175 1388 395 1426 starent
426 1397 636 1433 versus,
670 1387 955 1425 accentum
990 1383 1289 1425 redderent
1321 1397 1475 1437 quam
1508 1382 1686 1424 diver-

175 1454 448 1495 sissimum
485 1467 510 1494 a
546 1453 914 1506 grammatico.

291 1523 385 1573 Qua
416 1521 510 1575 lege
543 1536 639 1563 cum
676 1521 782 1562 nihil
825 1521 983 1562 certius
1024 1521 1080 1562 sit
1121 1520 1389 1573 firmiusque,
1432 1520 1487 1561 ab
1529 1533 1599 1569 ea,
1641 1523 1689 1561 ut

176 1592 261 1633 alia
293 1590 447 1641 multa,
477 1590 540 1631 ita
570 1590 677 1631 illud
709 1590 1010 1644 repetendum,
1044 1589 1159 1643 quod
1190 1590 1233 1629 in
1264 1589 1406 1630 verbis
1437 1588 1687 1638 molossicis,

175 1664 223 1701 ut
266 1662 449 1708 Pelides,
493 1659 602 1700 arsis
642 1658 896 1713 plerumque
936 1659 980 1700 in
1021 1658 1163 1713 prima
1204 1657 1273 1699 vel
1314 1657 1467 1699 ultima
1509 1656 1687 1712 syllaba,

175 1743 274 1770 raro
309 1727 506 1769 subsistit
535 1728 579 1768 in
612 1727 813 1769 secunda.

291 1796 561 1850 Intellegitur
604 1799 748 1837 tamen
795 1796 982 1850 plurima
1023 1796 1067 1837 in
1112 1796 1178 1837 his
1221 1795 1485 1849 singulorum
1534 1793 1689 1850 pedum

176 1869 335 1908 natura
365 1865 431 1907 vel
461 1865 720 1919 prosodiaca
750 1865 817 1907 vel
848 1865 1062 1919 rythmica
1090 1865 1336 1919 temperari.

293 1934 394 1976 Sed
424 1934 558 1976 haec
595 1934 789 1987 regula
831 1948 944 1975 cum
986 1933 1191 1975 habeat
1234 1933 1569 1983 rectissime,
1609 1935 1691 1973 ta-

177 2019 291 2046 men
318 2003 418 2045 hoc
448 2006 751 2057 praecepto
782 2003 1124 2053 immutatur,
1167 2002 1307 2056 quod
1340 2002 1496 2043 nullo
1528 2004 1691 2055 pacto

178 2074 350 2115 bonus
385 2072 624 2114 habetur
656 2085 868 2122 versus,
905 2071 1013 2112 nisi
1057 2071 1191 2112 finis
1229 2070 1443 2112 ordinis
1474 2069 1693 2111 metrici

179 2156 303 2184 suos
339 2140 711 2196 propriosque
748 2139 1053 2182 retinuerit
1089 2153 1353 2181 numeros.

293 2211 370 2261 His
402 2209 570 2251 duabus
603 2209 763 2250 normis
796 2223 866 2250 ars
897 2208 1110 2263 rythmica
1141 2208 1267 2249 metri
1289 2208 1432 2249 Latini
1465 2221 1560 2248 cum
1593 2219 1691 2247 con-

178 2281 380 2330 tineatur,
414 2278 635 2320 videamus
665 2279 763 2329 iam,
797 2277 900 2331 quid
933 2277 1033 2318 olim
1066 2277 1118 2318 de
1149 2291 1200 2318 ea
1225 2291 1271 2318 re
1302 2276 1534 2318 statuerint
1565 2274 1692 2316 docti.

295 2348 433 2401 Igitur
466 2346 581 2400 quod
603 2346 824 2388 Bentleius
856 2347 900 2386 in
931 2345 1246 2387 schediasmate
1277 2348 1514 2386 metrorum
1536 2343 1693 2384 Teren-

178 2418 396 2459 tianorum
418 2415 569 2470 paucis
591 2415 746 2466 verbis,
778 2428 932 2468 magno
962 2414 1152 2468 pondere
1176 2414 1415 2455 sententiae
1437 2411 1694 2462 adfirmavit,

180 2485 357 2540 perinde
389 2488 437 2525 ut
464 2485 506 2525 in
538 2483 742 2534 iambico,
790 2484 832 2524 in
869 2482 1081 2537 dactylico
1119 2482 1288 2524 senario
1319 2485 1523 2523 accentus
1554 2494 1694 2534 gram-

180 2554 328 2596 matici
379 2552 574 2594 obtinere
629 2551 970 2602 observantiam,
1032 2551 1232 2605 probavit
1289 2550 1371 2592 hoc
1422 2549 1695 2591 Hermannus

181 2624 268 2678 [pg.
293 2625 344 2664 63
368 2636 481 2675 sqq.;
516 2624 591 2662 141
629 2620 702 2675 al.]
743 2620 787 2660 in
819 2620 1053 2661 Elementis
1085 2619 1308 2660 doctrinae
1339 2618 1566 2668 metricae,
1598 2629 1695 2670 pro-

180 2691 339 2732 bavere
385 2690 469 2731 alii.
539 2703 617 2730 nec
658 2692 801 2729 tamen
842 2688 1092 2739 defuerunt,
1136 2689 1209 2741 qui
1248 2701 1337 2729 rem
1378 2690 1495 2728 recte
1532 2685 1695 2727 habere

182 2763 402 2813 negarent.

298 2827 361 2867 Ex
394 2826 550 2880 quibus
572 2825 827 2866 Franciscus
849 2825 1043 2866 Ritterus
1064 2826 1107 2865 in
1131 2824 1364 2865 Elementis
1388 2823 1696 2877 grammaticae

183 2896 364 2937 Latinae
404 2895 520 2949 [pgg.
554 2894 742 2947 63—77]
781 2906 865 2934 non
906 2907 984 2946 pro
1027 2893 1154 2934 solita
1194 2892 1412 2941 socordia,
1455 2891 1530 2932 sed
1571 2890 1696 2931 docte

185 2965 377 3019 sciteque
409 2963 738 3013 demonstravit,
779 2975 891 3016 quae
932 2965 1134 3003 accentus
1165 2962 1204 3002 vi
1234 2961 1425 3002 evenisse
1456 2962 1697 3001 statuerent
