1898 3292
780 241 906 266 INDEX
925 243 946 266 1.
1537 234 1617 272 609

113 357 323 384 consonae
346 343 482 384 instar
500 343 662 391 habita,
695 357 751 396 qu
774 343 954 396 duplicis
979 347 1157 386 381—3.
1199 348 1318 384 muta
1340 359 1434 385 cum
1456 344 1620 397 liquida

113 414 206 462 383,
250 416 288 452 4.
362 412 510 453 eadem
556 426 740 466 syncope
787 412 905 452 facta
949 415 1050 461 384,
1094 417 1128 453 5.
1201 426 1274 465 gn,
1318 413 1379 465 gl,
1421 413 1464 453 bl
1507 416 1618 466 385).

113 483 314 521 coeuntes
335 480 379 520 in
400 480 538 533 primo
557 480 765 521 vocabulo
789 493 1001 521 consonae
1034 483 1254 522 385-391
1288 480 1448 534 (brevis
1478 480 1619 522 finalis

111 552 316 601 sequente
357 553 476 589 muta
522 563 615 589 cum
662 548 826 602 liquida
874 552 1048 602 praeter
1095 562 1150 602 gn
1191 552 1292 599 385,
1335 553 1370 590 6.
1441 549 1619 590 diversis

113 629 395 657 consonarum
426 617 635 657 iuncturis
670 616 827 657 additis
856 617 899 657 in
931 616 1096 657 Latinis
1120 620 1328 658 386—88.
1376 617 1419 658 in
1442 617 1619 658 Graecis

113 688 205 733 388,
225 689 260 727 9.
303 689 505 738 porrecta
532 684 671 726 finalis
690 685 968 738 sequentibus
987 685 1154 726 duabus
1174 686 1369 727 consonis
1391 687 1619 740 389—91).

226 753 524 794 Productio
556 754 810 795 finalium
833 754 976 795 arsis
1009 755 1056 794 vi
1086 754 1291 795 effecta
1324 758 1561 798 391-409,

225 821 614 863 Grammaticorum
656 822 843 863 ludibria
885 826 979 872 391,
1014 826 1035 862 2
1068 823 1114 875 (h
1144 823 1291 863 littera
1322 837 1399 876 pro
1433 837 1621 864 consona

110 889 260 930 habita
292 893 385 932 391.
439 888 561 943 ‘que'
600 891 799 931 enclitica
830 894 1030 944 porrecta
1060 895 1152 941 391,
1185 894 1240 945 2).
1292 892 1555 932 Lachmanni
1579 896 1621 933 et

111 958 335 999 Ritschelii
381 958 432 998 de
472 959 686 1012 producta
729 973 807 1012 per
848 959 963 1000 arsin
1006 958 1123 999 finali
1166 960 1392 1013 opiniones
1437 964 1540 1011 392,
1584 964 1619 1002 3.

111 1030 285 1068 extenta
328 1027 372 1067 in
412 1031 550 1068 metro
593 1028 785 1068 saturnio
835 1027 976 1068 finalis
1019 1031 1113 1069 393.
1183 1028 1343 1069 Ennius
1386 1029 1619 1070 Homerum

111 1099 282 1137 secutus
323 1098 424 1145 393.
467 1100 504 1136 4.
565 1095 802 1149 productae
845 1096 985 1137 finalis
1026 1096 1200 1137 licentia
1232 1102 1483 1152 comparata
1525 1112 1620 1139 cum

110 1164 231 1205 hiatu
275 1167 368 1206 394.
440 1164 600 1205 vocalis
641 1165 683 1204 in
722 1164 805 1205 fine
851 1165 1064 1218 producta
1113 1168 1321 1208 394-96.
1394 1166 1620 1220 productio

109 1232 250 1273 finalis
290 1233 333 1273 in
378 1232 488 1273 thesi
532 1233 650 1273 nulla
683 1237 775 1275 396.
836 1234 1045 1273 vocalium
1079 1233 1144 1274 vel
1192 1234 1384 1275 brevium
1426 1236 1621 1276 notiones

110 1301 263 1354 longae
307 1304 399 1342 396.
470 1301 596 1342 Ennii
638 1315 688 1343 ac
731 1302 907 1354 Vergilii
945 1302 986 1342 in
1030 1301 1298 1344 admittenda
1338 1304 1621 1357 productione

111 1369 225 1411 modi
267 1372 356 1412 396,
431 1373 672 1410 ceterorum
722 1369 999 1411 classicorum
1043 1374 1142 1421 396,
1184 1375 1218 1412 7.
1287 1372 1620 1413 christianorum

113 1442 205 1480 397.
280 1438 504 1479 Ritschelii
552 1452 601 1479 ac
648 1438 913 1479 Fleckeiseni
961 1443 1002 1480 et
1049 1439 1247 1480 Corsseni
1301 1441 1521 1493 opiniones
1569 1441 1620 1482 de

113 1507 324 1548 communi
372 1521 506 1559 usque
560 1507 614 1548 ad
656 1508 838 1560 Augusti
881 1512 1067 1548 aetatem
1115 1508 1305 1549 finalium
1351 1509 1621 1562 quarundam

112 1576 355 1629 quantitate
397 1579 622 1617 397—405
667 1576 738 1629 (-is
779 1577 822 1616 in
865 1577 1133 1617 coniunctivo
1164 1578 1345 1629 perfecti
1378 1578 1443 1619 vel
1475 1578 1620 1619 futuro

112 1643 299 1685 secundo
333 1647 426 1694 398,
460 1648 496 1685 9.
558 1644 617 1684 iit.
661 1645 786 1698 petiit
819 1648 911 1686 399.
974 1646 1158 1697 sanguis.
1195 1645 1342 1698 pulvis.
1388 1647 1494 1687 nihil
1527 1651 1620 1697 399,

112 1716 207 1754 400.
266 1712 392 1752 Ennii
423 1726 524 1753 usus
553 1716 647 1763 400,
685 1717 716 1753 l.
778 1714 1092 1766 insequentium
1124 1718 1278 1764 aetate,
1311 1716 1494 1755 maxime
1519 1716 1620 1756 Ver-

113 1780 202 1834 gilii
243 1781 442 1833 401—5).
513 1781 749 1833 productae
800 1785 918 1822 certa
959 1782 1051 1834 lege
1098 1782 1238 1823 finalis
1284 1783 1459 1823 licentia
1507 1784 1621 1837 apud

114 1849 318 1891 classicos
364 1853 483 1890 405Μ
509 1852 532 1889 8
588 1849 648 1903 (in
700 1849 843 1903 lyricis
888 1850 1058 1891 Horatii
1104 1855 1197 1891 405.
1274 1852 1316 1891 in
1359 1853 1619 1904 pentametri

114 1931 294 1960 caesura
324 1922 419 1969 405,
453 1922 488 1959 6.
551 1917 601 1958 cf.
634 1921 748 1971 407).
810 1920 920 1971 apud
957 1919 1213 1960 christianos
1246 1924 1340 1970 408,
1374 1927 1409 1962 9.

228 1986 298 2027 De
333 1987 607 2039 correptis
640 1986 910 2029 finalibus
945 1992 1183 2030 409-426.

230 2053 441 2108 Correpta
468 2054 654 2095 iambica
679 2055 814 2096 multa
841 2061 1020 2110 propter
1045 2056 1330 2109 frequentiam
1359 2072 1460 2098 usus
1482 2062 1622 2099 409—

114 2126 209 2164 411.
271 2127 498 2164 auctorum
529 2123 861 2165 christianorum
893 2125 1054 2178 placita
1098 2129 1194 2174 411,
1228 2129 1262 2166 2.
1325 2130 1454 2166 aucta
1491 2127 1623 2167 corri-

113 2191 260 2245 piendi
287 2190 436 2233 finales
465 2191 640 2232 licentia
672 2196 765 2233 412.
818 2207 861 2233 -o
892 2198 1092 2247 correpta
1114 2197 1310 2235 413—-18
1335 2197 1473 2247 (aetas
1506 2195 1624 2248 prior

113 2263 216 2311 413,
259 2264 296 2301 4.
369 2261 549 2313 Augusti
591 2265 697 2312 414,
742 2267 777 2302 5.
852 2263 1069 2303 saeculum
1123 2264 1351 2316 insequens
1400 2268 1480 2305 415
1524 2290 1538 2291 ἡ
1561 2267 1622 2305 17.

114 2328 337 2370 christiani
365 2333 459 2370 417.
521 2329 691 2370 dativus
723 2330 1028 2383 gerundiorum
1062 2335 1155 2371 417.
1208 2332 1504 2386 monosyllaba
1527 2336 1621 2373 417.

115 2396 283 2438 Graeca
316 2401 410 2446 417,
443 2398 498 2451 8).
560 2412 602 2439 -e
638 2403 838 2452 correpta
868 2403 964 2449 418,
998 2404 1034 2439 9.
1098 2413 1143 2440 -a
1175 2404 1367 2441 419ψ21
1415 2402 1480 2454 (-u
1511 2403 1624 2454 421).

114 2465 274 2506 abillis
308 2462 436 2519 ‘pes',
481 2463 600 2519 ‘par’
637 2466 766 2507 ducta
789 2471 883 2508 421.
933 2482 997 2509 -es
1026 2472 1067 2508 et
1094 2469 1148 2509 »is
1172 2473 1396 2521 correptae
1418 2470 1460 2509 in
1484 2469 1625 2511 verbis

60 2550 70 2555 ·
115 2537 210 2575 422.
272 2547 340 2575 -us
378 2538 577 2588 correpta
613 2535 656 2575 in
693 2536 936 2577 nominibus
969 2540 1063 2577 422.
1130 2551 1193 2577 -es
1232 2543 1273 2578 et
1310 2538 1364 2579 -is
1401 2542 1625 2592 correptae

114 2605 289 2656 praeter
317 2602 451 2644 verba
482 2607 576 2644 423.
628 2603 678 2644 cf.
713 2608 807 2645 498.
870 2619 936 2646 -os
967 2610 1168 2659 correpta
1200 2610 1293 2647 423.
1354 2620 1421 2648 -as
1453 2610 1555 2658 423,
1587 2611 1627 2648 4.

116 2670 167 2712 cf.
200 2674 295 2712 422.
357 2684 441 2722 -en,
475 2685 560 2721 -on,
592 2686 665 2713 -an
697 2676 791 2713 424.
853 2687 874 2713 c
907 2673 1053 2714 littera
1084 2673 1207 2714 finita
1239 2678 1334 2725 425,
1369 2680 1403 2716 6.

231 2740 258 2781 S
290 2739 460 2780 abiecta
490 2740 533 2780 in
563 2740 646 2781 fine
677 2744 772 2791 427,
803 2745 827 2782 8
861 2741 1094 2795 (Ciceronis
1125 2743 1372 2783 testimonia
1403 2746 1497 2786 427.
1559 2758 1627 2785 —us

116 2812 158 2850 et
189 2808 244 2849 -is
267 2807 499 2861 aliquando
523 2809 705 2850 omissae
728 2812 821 2850 427.
865 2824 883 2850 s
907 2811 1062 2851 omissa
1084 2811 1127 2850 in
1151 2812 1329 2851 Graecis
1353 2814 1464 2865 427).
1519 2810 1621 2854 ‘est’

118 2876 303 2918 conflata
347 2890 442 2918 cum
482 2877 768 2930 praecedente
800 2879 854 2919 -is
888 2879 953 2919 vel
985 2893 1052 2919 -us
1086 2883 1285 2932 correpta
1316 2884 1409 2929 428,
1439 2886 1474 2921 9.
1532 2894 1623 2922 cum

115 2944 402 2999 praecedente
432 2944 560 2998 longa
591 2946 633 2986 in
665 2960 682 2987 s
715 2952 895 2987 exeunte
927 2951 1019 2987 429.

185 3026 218 3053 L.
236 3026 424 3055 Muelleri;
454 3027 496 3050 De
516 3034 536 3050 r.
557 3034 591 3050 111.
612 3034 638 3056 p.
658 3026 688 3050 L.
1307 3019 1350 3050 39
