1898 3292
741 198 861 222 LIBER
880 197 1066 228 Qvifflrvs.
1574 190 1654 229 357

151 300 305 354 quibus
336 299 452 341 haud
486 315 587 340 sane
621 299 797 340 stabunt
830 300 1005 350 numeri,
1040 300 1119 340 nisi
1153 300 1303 354 copula
1329 301 1382 340 ad
1407 305 1654 353 sequentem

150 383 184 409 v.
219 368 348 410 fuerit
388 368 627 422 adsumpta.
689 372 836 409 notum
877 372 1044 418 autem,
1086 368 1348 422 syllabarum
1390 371 1656 422 quantitates

150 451 279 490 quam
323 450 452 490 saepe
484 436 696 478 violentur
737 436 791 478 ab
833 437 926 477 isto.
989 440 1118 489 atque
1158 436 1263 477 illud
1304 442 1523 478 manninas
1564 453 1655 479 eor-

149 508 274 558 repta
304 505 443 558 prima
472 508 514 546 et
545 504 733 546 secunda
765 505 895 546 etiam
917 505 1031 558 apud
1064 505 1254 546 eiusdem
1287 505 1376 546 fere
1405 507 1561 547 aetatis
1593 507 1655 547 in-

150 573 316 614 venitur
346 576 519 627 poetam
549 573 726 628 [anthol.
759 573 832 614 lat.
864 573 927 614 ed.
962 573 1007 613 R.
1043 576 1137 623 389,
1168 574 1252 628 45].
1295 598 1350 604 —
1391 573 1543 615 deinde
1573 589 1655 615 non

149 641 345 683 adhiberi
376 642 418 682 in
450 641 709 695 pentametri
741 642 858 682 exitu
891 641 1108 683 elisionem
1133 641 1320 683 ostendit
1342 642 1654 684 Laehmannus.

148 724 278 763 porro
309 709 424 763 quod
457 709 589 750 habes
622 709 736 763 apud
768 710 994 751 Horatium
1030 709 1109 766 [ep.
1148 713 1209 760 17,
1244 711 1336 765 25]:

423 804 557 845 urguet
582 801 678 834 diem
704 813 777 834 nox
803 804 839 835 et
865 801 942 835 dies
968 804 1115 835 noctem
1142 813 1260 845 neque
1287 805 1343 836 est

421 858 541 892 levare
569 860 669 892 tenta
694 858 824 902 spiritu
850 858 1077 902 praecordia,

147 937 252 978 illud
283 946 340 978 es!
371 938 512 987 etiam,
542 937 614 978 ubi
644 938 757 978 idem
782 938 894 979 valet
917 952 967 979 ae
998 942 1103 986 licet,
1134 938 1295 978 amittit
1319 939 1506 980 voe-alem
1530 955 1654 993 prae-

148 1005 324 1047 cedente
357 1006 503 1046 vocali.
536 1031 592 1036 -
625 1010 775 1047 eontra
806 1007 848 1047 in
881 1006 1125 1061 systematis
1156 1006 1391 1060 synaphiae
1423 1009 1535 1061 aptis
1567 1012 1655 1049 tam

147 1074 220 1115 diu
250 1074 371 1115 lieuit
408 1074 578 1115 admitti
618 1075 660 1115 in
702 1075 783 1115 fine
818 1090 1015 1116 versuum
1055 1074 1302 1129 synchysiu,
1347 1075 1482 1116 donee
1522 1077 1657 1129 viguit

148 1143 209 1183 vis
244 1142 495 1197 synaphiae,
540 1158 651 1195 quae
683 1148 780 1196 post
812 1143 983 1184 Horat-ii
1014 1147 1182 1196 tempus
1214 1158 1307 1184 eum
1340 1143 1538 1194 desisset,
1573 1159 1655 1185 non

149 1212 284 1264 magis
311 1211 354 1252 in
386 1211 582 1264 sapphici
605 1211 669 1252 vel
701 1211 910 1266 glyeoiiiei
942 1212 1064 1252 metri
1097 1212 1223 1253 finem
1257 1226 1386 1265 quam
1415 1211 1655 1254 hexametri

149 1284 224 1321 aut
251 1281 507 1333 pentametri
541 1281 701 1321 exitum
733 1281 816 1320 iam
842 1284 1058 1333 reeeptast
1088 1280 1162 1320 illa
1190 1280 1374 1321 lieentia.
1426 1281 1540 1334 quod
1573 1296 1656 1334 quo

148 1348 313 1401 plenius
360 1352 590 1401 appareat,
636 1348 791 1390 addam
834 1348 1045 1401 migratae
1088 1348 1345 1401 ubicumque
1388 1349 1494 1401 legis
1531 1349 1656 1390 huius

148 1431 259 1469 qua-e
291 1420 440 1457 extant
472 1417 668 1470 exempla
699 1417 995 1470 paueissima.-
1032 1417 1163 1469 igitur
1196 1417 1400 1457 Octaviae
1432 1422 1583 1458 auetor
1614 1418 1657 1458 in

150 1485 424 1525 monometris
457 1485 746 1538 anapaesticis
778 1486 950 1528 admisit
980 1486 1086 1527 haee
1120 1484 1182 1540 [ὓς
1216 1485 1338 1541 298];

628 1577 775 1621 gravior
800 1587 955 1620 namque
982 1574 1048 1609 his.

630 1637 798 1678 paterere
823 1645 933 1678 grave
960 1636 1005 1666 et.

149 1728 409 1767 quamquam
452 1717 680 1767 utrumque
724 1714 850 1755 faeile
887 1714 1141 1755 emendandi
1173 1713 1483 1767 probabilitate
1514 1718 1657 1767 potest

148 1782 250 1824 tolli.
312 1782 427 1836 apud
458 1782 738 1823 prudentium
770 1782 900 1823 semel
931 1782 1064 1823 habes
1108 1782 1149 1823 in
1188 1782 1270 1823 fine
1304 1783 1427 1823 metri
1460 1783 1654 1836 sapphici

148 1851 308 1892 saetam
341 1850 567 1906 synchysin
598 1851 659 1891 ita
694 1850 820 1906 [cath.
854 1855 891 1901 8,
927 1852 1019 1905 19]:

420 1931 534 1964 laetat
559 1930 719 1973 hortatu,
745 1921 1068 1974 levis'obsequella
1096 1934 1136 1964 ut

422 1987 582 2021 muleeat
606 1990 717 2021 artus.

151 2065 239 2103 tum
273 2062 448 2103 Ausonii
479 2062 586 2103 haee
618 2065 717 2103 sunt
747 2062 874 2116 [prof.
907 2062 1081 2115 Burdig.
1114 2066 1151 2112 4,
1183 2063 1274 2116 2l]:

422 2141 548 2183 laetus,
576 2141 936 2185 pudieussjpulehe'r,
962 2142 997 2175 in
1024 2142 1125 2175 senio
1152 2153 1307 2186 quoque,
1337 2147 1377 2175 ut

421 2197 564 2241 aquilae
589 2200 759 2232 senectus
786 2202 848 2232 aut
873 2199 968 2242 equi.

150 2271 221 2313 ubi
252 2276 395 2313 tamen
427 2271 630 2312 facillime
661 2275 805 2325 potest
836 2272 948 2314 demi
985 2272 1185 2314 scabrum
1229 2272 1344 2313 istud
1388 2272 1654 2326 reponendo:

354 2350 494 2395 aquilae
520 2354 560 2384 ut
585 2354 755 2385 seneetus
780 2354 843 2385 aut
868 2352 961 2395 equi.

148 2433 277 2473 porro
310 2419 514 2460 Paulinus
547 2420 631 2473 [10,
665 2423 740 2470 373
775 2423 838 2468 24,
875 2423 975 2470 1673
1009 2421 1134 2474 4¹.)2]:

354 2510 463 2542 quam
487 2499 540 2532 vis
566 2498 764 2542 sophorum
792 2499 921 2532 callida
946 2512 1076 2543 arsque
1106 2499 1294 2533 rhetorum
1316 2504 1362 2534 et.

355 2556 415 2599 qui
440 2559 528 2589 tune
554 2558 696 2589 remoto
722 2556 837 2589 fessus
864 2557 899 2589 in
926 2568 1056 2600 prorae
1083 2557 1162 2590 sinu
1191 2560 1237 2590 et.

354 2615 538 2647 secretum
567 2612 612 2646 ab
638 2612 722 2656 igue
749 2612 902 2646 divitum
929 2616 975 2647 et.

149 2681 332 2734 denique
364 2680 563 2722 Sidonius
599 2679 678 2737 [ep.
715 2681 821 2730 VIII,
854 2685 916 2731 11,
950 2681 1042 2736 fiel:

355 2760 425 2794 die.
472 2760 543 2793 iam
569 2770 665 2793 nune
691 2759 819 2794 aderit.
867 2761 954 2794 satis
982 2762 1139 2794 facetum
1168 2768 1214 2794 et.

150 2831 340 2869 ceterum
382 2842 465 2869 non
506 2827 642 2880 magis
678 2827 820 2880 placet
852 2833 1197 2882 asynartetorum
1226 2828 1382 2882 prioris
1414 2828 1550 2881 partis
1580 2827 1653 2868 fini

151 2895 251 2938 addi
282 2895 570 2951 synhaeresin.
