<?xml version="1.0" encoding="UTF-8"?>
<!DOCTYPE html PUBLIC "-//W3C//DTD XHTML 1.0 Transitional//EN"
    "http://www.w3.org/TR/xhtml1/DTD/xhtml1-transitional.dtd">
<html xmlns="http://www.w3.org/1999/xhtml" xml:lang="en" lang="en">
 <head>
  <title>
</title>
<meta http-equiv="Content-Type" content="text/html;charset=utf-8" />
  <meta name='ocr-system' content='tesseract 3.04.00' />
  <meta name='ocr-capabilities' content='ocr_page ocr_carea ocr_par ocr_line ocrx_word'/>
</head>
<body>
  <div class='ocr_page' id='page_1' title='image "./deremetricapoeta00mluoft_0487.png"; bbox 0 0 1898 3292; ppageno 0'>
   <div class='ocr_carea' id='block_1_1' title="bbox 724 210 1621 245">
    <p class='ocr_par' dir='ltr' id='par_1_1' title="bbox 724 210 1621 245">
     <span class='ocr_line' id='line_1_1' title="bbox 724 210 1621 245; baseline 0.004 -4"><span class='ocrx_word' id='word_1_1' title='bbox 724 217 840 241; x_wconf 61' lang='lat' dir='ltr'>murm</span> <span class='ocrx_word' id='word_1_2' title='bbox 862 216 1018 241; x_wconf 65' lang='lat' dir='ltr'>snxrvs</span> <span class='ocrx_word' id='word_1_3' title='bbox 1541 210 1621 245; x_wconf 61' lang='lat'>4025</span> 
     </span>
    </p>
   </div>
   <div class='ocr_carea' id='block_1_2' title="bbox 113 317 1621 981">
    <p class='ocr_par' dir='ltr' id='par_1_2' title="bbox 114 317 1621 766">
     <span class='ocr_line' id='line_1_2' title="bbox 232 317 1621 370; baseline 0.001 -12"><span class='ocrx_word' id='word_1_4' title='bbox 232 318 464 359; x_wconf 88' lang='lat' dir='ltr'>Praeterea</span> <span class='ocrx_word' id='word_1_5' title='bbox 493 317 535 358; x_wconf 90' lang='lat' dir='ltr'>in</span> <span class='ocrx_word' id='word_1_6' title='bbox 565 317 770 370; x_wconf 88' lang='lat' dir='ltr'>exemplis</span> <span class='ocrx_word' id='word_1_7' title='bbox 791 317 999 370; x_wconf 85' lang='lat' dir='ltr'>appositis</span> <span class='ocrx_word' id='word_1_8' title='bbox 1022 317 1134 370; x_wconf 87' lang='lat' dir='ltr'>quod</span> <span class='ocrx_word' id='word_1_9' title='bbox 1158 319 1409 370; x_wconf 88' lang='lat' dir='ltr'>plerumque</span> <span class='ocrx_word' id='word_1_10' title='bbox 1430 318 1621 360; x_wconf 83' lang='lat' dir='ltr'>videmus</span> 
     </span>
     <span class='ocr_line' id='line_1_3' title="bbox 116 385 1620 438; baseline 0.001 -11"><span class='ocrx_word' id='word_1_11' title='bbox 116 386 208 427; x_wconf 88' lang='lat' dir='ltr'>fieri</span> <span class='ocrx_word' id='word_1_12' title='bbox 240 386 471 435; x_wconf 70' lang='lat' dir='ltr'>elisionem,</span> <span class='ocrx_word' id='word_1_13' title='bbox 505 386 595 426; x_wconf 83' lang='lat' dir='ltr'>eius</span> <span class='ocrx_word' id='word_1_14' title='bbox 617 386 678 426; x_wconf 89' lang='lat' dir='ltr'>rei</span> <span class='ocrx_word' id='word_1_15' title='bbox 699 385 806 426; x_wconf 86' lang='lat' dir='ltr'>haec</span> <span class='ocrx_word' id='word_1_16' title='bbox 828 385 908 426; x_wconf 90' lang='lat' dir='ltr'>fuit</span> <span class='ocrx_word' id='word_1_17' title='bbox 929 398 1071 436; x_wconf 86' lang='lat' dir='ltr'>causa,</span> <span class='ocrx_word' id='word_1_18' title='bbox 1099 385 1225 438; x_wconf 81' lang='lat' dir='ltr'>quod,</span> <span class='ocrx_word' id='word_1_19' title='bbox 1249 400 1344 427; x_wconf 91' lang='lat' dir='ltr'>cum</span> <span class='ocrx_word' id='word_1_20' title='bbox 1366 386 1440 426; x_wconf 90' lang='lat' dir='ltr'>illa</span> <span class='ocrx_word' id='word_1_21' title='bbox 1461 387 1620 436; x_wconf 83' lang='lat' dir='ltr'>tmesis,</span> 
     </span>
     <span class='ocr_line' id='line_1_4' title="bbox 116 453 1620 507; baseline 0.001 -13"><span class='ocrx_word' id='word_1_22' title='bbox 116 458 164 495; x_wconf 90' lang='lat' dir='ltr'>ut</span> <span class='ocrx_word' id='word_1_23' title='bbox 205 454 456 504; x_wconf 76' lang='lat' dir='ltr'>memoravi,</span> <span class='ocrx_word' id='word_1_24' title='bbox 502 453 664 507; x_wconf 86' lang='lat' dir='ltr'>aliquid</span> <span class='ocrx_word' id='word_1_25' title='bbox 708 453 890 494; x_wconf 86' lang='lat' dir='ltr'>haberet</span> <span class='ocrx_word' id='word_1_26' title='bbox 931 453 1178 506; x_wconf 74' lang='lat' dir='ltr'>asperitatis</span> <span class='ocrx_word' id='word_1_27' title='bbox 1221 467 1358 506; x_wconf 90' lang='lat' dir='ltr'>neque</span> <span class='ocrx_word' id='word_1_28' title='bbox 1401 455 1535 496; x_wconf 87' lang='lat' dir='ltr'>oculis</span> <span class='ocrx_word' id='word_1_29' title='bbox 1577 470 1620 496; x_wconf 83' lang='lat' dir='ltr'>se</span> 
     </span>
     <span class='ocr_line' id='line_1_5' title="bbox 116 521 1620 576; baseline 0.001 -14"><span class='ocrx_word' id='word_1_30' title='bbox 116 522 290 563; x_wconf 87' lang='lat' dir='ltr'>offerret</span> <span class='ocrx_word' id='word_1_31' title='bbox 320 522 608 575; x_wconf 82' lang='lat' dir='ltr'>perspicuam,</span> <span class='ocrx_word' id='word_1_32' title='bbox 648 525 695 562; x_wconf 90' lang='lat' dir='ltr'>ut</span> <span class='ocrx_word' id='word_1_33' title='bbox 735 521 891 571; x_wconf 89' lang='lat' dir='ltr'>altera,</span> <span class='ocrx_word' id='word_1_34' title='bbox 932 521 1222 575; x_wconf 80' lang='lat' dir='ltr'>synaloephae</span> <span class='ocrx_word' id='word_1_35' title='bbox 1261 522 1429 563; x_wconf 90' lang='lat' dir='ltr'>vinculo</span> <span class='ocrx_word' id='word_1_36' title='bbox 1458 523 1620 576; x_wconf 76' lang='lat' dir='ltr'>placuit</span> 
     </span>
     <span class='ocr_line' id='line_1_6' title="bbox 116 589 1620 643; baseline 0.001 -13"><span class='ocrx_word' id='word_1_37' title='bbox 116 590 251 630; x_wconf 85' lang='lat' dir='ltr'>artius</span> <span class='ocrx_word' id='word_1_38' title='bbox 283 589 475 643; x_wconf 81' lang='lat' dir='ltr'>copulari</span> <span class='ocrx_word' id='word_1_39' title='bbox 507 590 868 643; x_wconf 80' lang='lat' dir='ltr'>praepositionem</span> <span class='ocrx_word' id='word_1_40' title='bbox 901 603 996 630; x_wconf 89' lang='lat' dir='ltr'>cum</span> <span class='ocrx_word' id='word_1_41' title='bbox 1028 590 1106 638; x_wconf 82' lang='lat' dir='ltr'>eiS,</span> <span class='ocrx_word' id='word_1_42' title='bbox 1146 590 1200 630; x_wconf 87' lang='lat' dir='ltr'>ad</span> <span class='ocrx_word' id='word_1_43' title='bbox 1229 603 1338 642; x_wconf 87' lang='lat' dir='ltr'>quae</span> <span class='ocrx_word' id='word_1_44' title='bbox 1370 591 1462 643; x_wconf 81' lang='lat' dir='ltr'>lege</span> <span class='ocrx_word' id='word_1_45' title='bbox 1495 593 1620 632; x_wconf 82' lang='lat' dir='ltr'>metri</span> 
     </span>
     <span class='ocr_line' id='line_1_7' title="bbox 117 656 1618 711; baseline 0.001 -13"><span class='ocrx_word' id='word_1_46' title='bbox 117 658 361 711; x_wconf 73' lang='lat' dir='ltr'>pertineret.</span> <span class='ocrx_word' id='word_1_47' title='bbox 424 657 703 700; x_wconf 85' lang='lat' dir='ltr'>conferenda.</span> <span class='ocrx_word' id='word_1_48' title='bbox 746 671 856 710; x_wconf 78' lang='lat' dir='ltr'>quae</span> <span class='ocrx_word' id='word_1_49' title='bbox 898 656 949 697; x_wconf 81' lang='lat' dir='ltr'>de</span> <span class='ocrx_word' id='word_1_50' title='bbox 993 657 1167 697; x_wconf 76' lang='lat' dir='ltr'>elisione</span> <span class='ocrx_word' id='word_1_51' title='bbox 1209 658 1250 697; x_wconf 88' lang='lat' dir='ltr'>in</span> <span class='ocrx_word' id='word_1_52' title='bbox 1293 671 1473 699; x_wconf 79' lang='lat' dir='ltr'>caesura</span> <span class='ocrx_word' id='word_1_53' title='bbox 1506 660 1618 699; x_wconf 64' lang='lat' dir='ltr'>facta</span> 
     </span>
     <span class='ocr_line' id='line_1_8' title="bbox 114 725 458 766; baseline -0.003 0"><span class='ocrx_word' id='word_1_54' title='bbox 114 725 298 766; x_wconf 80' lang='lat' dir='ltr'>diximus</span> <span class='ocrx_word' id='word_1_55' title='bbox 330 725 355 765; x_wconf 92' lang='lat' dir='ltr'>l.</span> <span class='ocrx_word' id='word_1_56' title='bbox 390 726 458 766; x_wconf 88' lang='lat' dir='ltr'>IV.</span> 
     </span>
    </p>

    <p class='ocr_par' dir='ltr' id='par_1_3' title="bbox 113 793 1619 915">
     <span class='ocr_line' id='line_1_9' title="bbox 229 793 1619 846; baseline 0.001 -12"><span class='ocrx_word' id='word_1_57' title='bbox 229 794 305 834; x_wconf 86' lang='lat' dir='ltr'>Est</span> <span class='ocrx_word' id='word_1_58' title='bbox 335 793 409 834; x_wconf 88' lang='lat' dir='ltr'>ubi</span> <span class='ocrx_word' id='word_1_59' title='bbox 441 793 622 843; x_wconf 77' lang='lat' dir='ltr'>dubites,</span> <span class='ocrx_word' id='word_1_60' title='bbox 654 797 751 834; x_wconf 90' lang='lat' dir='ltr'>utro</span> <span class='ocrx_word' id='word_1_61' title='bbox 782 793 876 834; x_wconf 91' lang='lat' dir='ltr'>loco</span> <span class='ocrx_word' id='word_1_62' title='bbox 908 793 1058 845; x_wconf 69' lang='lat' dir='ltr'>figura,</span> <span class='ocrx_word' id='word_1_63' title='bbox 1090 793 1142 834; x_wconf 91' lang='lat' dir='ltr'>de</span> <span class='ocrx_word' id='word_1_64' title='bbox 1174 807 1260 846; x_wconf 86' lang='lat' dir='ltr'>qua</span> <span class='ocrx_word' id='word_1_65' title='bbox 1282 794 1436 846; x_wconf 72' lang='lat' dir='ltr'>agitur,</span> <span class='ocrx_word' id='word_1_66' title='bbox 1469 796 1519 835; x_wconf 73' lang='lat' dir='ltr'>sit</span> <span class='ocrx_word' id='word_1_67' title='bbox 1546 796 1619 835; x_wconf 76' lang='lat' dir='ltr'>ad-</span> 
     </span>
     <span class='ocr_line' id='line_1_10' title="bbox 113 861 1266 915; baseline 0 -13"><span class='ocrx_word' id='word_1_68' title='bbox 113 861 311 911; x_wconf 84' lang='lat' dir='ltr'>hibenda,</span> <span class='ocrx_word' id='word_1_69' title='bbox 345 865 393 902; x_wconf 88' lang='lat' dir='ltr'>ut</span> <span class='ocrx_word' id='word_1_70' title='bbox 423 862 465 902; x_wconf 93' lang='lat' dir='ltr'>in</span> <span class='ocrx_word' id='word_1_71' title='bbox 497 875 621 902; x_wconf 90' lang='lat' dir='ltr'>versu</span> <span class='ocrx_word' id='word_1_72' title='bbox 655 861 842 902; x_wconf 87' lang='lat' dir='ltr'>Maronis</span> <span class='ocrx_word' id='word_1_73' title='bbox 874 862 983 915; x_wconf 88' lang='lat' dir='ltr'>[aen.</span> <span class='ocrx_word' id='word_1_74' title='bbox 1017 861 1108 908; x_wconf 77' lang='lat' dir='ltr'>XII,</span> <span class='ocrx_word' id='word_1_75' title='bbox 1144 862 1266 915; x_wconf 71' lang='lat'>144]:</span> 
     </span>
    </p>

    <p class='ocr_par' dir='ltr' id='par_1_4' title="bbox 386 934 1398 981">
     <span class='ocr_line' id='line_1_11' title="bbox 386 934 1398 981; baseline 0 -13"><span class='ocrx_word' id='word_1_76' title='bbox 386 935 608 979; x_wconf 83' lang='lat' dir='ltr'>magnanimi</span> <span class='ocrx_word' id='word_1_77' title='bbox 632 934 731 968; x_wconf 80' lang='lat' dir='ltr'>Iovis</span> <span class='ocrx_word' id='word_1_78' title='bbox 757 935 790 968; x_wconf 89' lang='lat' dir='ltr'>in</span> <span class='ocrx_word' id='word_1_79' title='bbox 808 939 952 978; x_wconf 66' lang='lat' dir='ltr'>gratum</span> <span class='ocrx_word' id='word_1_80' title='bbox 979 935 1189 978; x_wconf 44' lang='lat' dir='ltr'>&amp;scendere</span> <span class='ocrx_word' id='word_1_81' title='bbox 1216 935 1336 970; x_wconf 76' lang='lat' dir='ltr'>cubile</span> <span class='ocrx_word' id='word_1_82' title='bbox 1396 979 1398 981; x_wconf 17' lang='grc' dir='ltr'><strong><em>ι</em></strong></span> 
     </span>
    </p>
   </div>
   <div class='ocr_carea' id='block_1_3' title="bbox 107 1003 1618 2162">
    <p class='ocr_par' dir='ltr' id='par_1_5' title="bbox 113 1003 759 1058">
     <span class='ocr_line' id='line_1_12' title="bbox 113 1003 759 1058; baseline 0 -14"><span class='ocrx_word' id='word_1_83' title='bbox 113 1003 178 1044; x_wconf 87' lang='lat' dir='ltr'>vel</span> <span class='ocrx_word' id='word_1_84' title='bbox 209 1003 377 1044; x_wconf 86' lang='lat' dir='ltr'>Horatii</span> <span class='ocrx_word' id='word_1_85' title='bbox 409 1004 457 1058; x_wconf 90' lang='lat' dir='ltr'>[s.</span> <span class='ocrx_word' id='word_1_86' title='bbox 486 1004 536 1054; x_wconf 91' lang='lat' dir='ltr'>II,</span> <span class='ocrx_word' id='word_1_87' title='bbox 567 1006 603 1049; x_wconf 76' lang='lat'>3,</span> <span class='ocrx_word' id='word_1_88' title='bbox 638 1004 759 1057; x_wconf 71' lang='lat'>134]:</span> 
     </span>
    </p>

    <p class='ocr_par' dir='ltr' id='par_1_6' title="bbox 111 1083 1617 1273">
     <span class='ocr_line' id='line_1_13' title="bbox 385 1083 1299 1127; baseline 0.001 -11"><span class='ocrx_word' id='word_1_89' title='bbox 385 1094 429 1116; x_wconf 83' lang='lat' dir='ltr'>an</span> <span class='ocrx_word' id='word_1_90' title='bbox 456 1085 497 1116; x_wconf 90' lang='lat' dir='ltr'>tu</span> <span class='ocrx_word' id='word_1_91' title='bbox 521 1083 611 1117; x_wconf 84' lang='lat' dir='ltr'>reris</span> <span class='ocrx_word' id='word_1_92' title='bbox 638 1094 720 1117; x_wconf 85' lang='lat' dir='ltr'>eum</span> <span class='ocrx_word' id='word_1_93' title='bbox 750 1094 793 1116; x_wconf 87' lang='lat' dir='ltr'>oc</span> <span class='ocrx_word' id='word_1_94' title='bbox 809 1083 883 1117; x_wconf 82' lang='lat' dir='ltr'>cisa</span> <span class='ocrx_word' id='word_1_95' title='bbox 908 1084 1094 1127; x_wconf 50' lang='lat' dir='ltr'>insanisse</span> <span class='ocrx_word' id='word_1_96' title='bbox 1121 1086 1299 1127; x_wconf 73' lang='lat' dir='ltr'>parente?</span> 
     </span>
     <span class='ocr_line' id='line_1_14' title="bbox 111 1151 1613 1206; baseline 0.001 -14"><span class='ocrx_word' id='word_1_97' title='bbox 111 1152 242 1205; x_wconf 83' lang='lat' dir='ltr'>igitur</span> <span class='ocrx_word' id='word_1_98' title='bbox 273 1151 314 1192; x_wconf 92' lang='lat' dir='ltr'>iu</span> <span class='ocrx_word' id='word_1_99' title='bbox 347 1151 502 1204; x_wconf 90' lang='lat' dir='ltr'>quibus</span> <span class='ocrx_word' id='word_1_100' title='bbox 535 1151 763 1204; x_wconf 86' lang='lat' dir='ltr'>utrobique</span> <span class='ocrx_word' id='word_1_101' title='bbox 795 1151 968 1193; x_wconf 87' lang='lat' dir='ltr'>eliditur</span> <span class='ocrx_word' id='word_1_102' title='bbox 990 1152 1161 1201; x_wconf 87' lang='lat' dir='ltr'>vocalis,</span> <span class='ocrx_word' id='word_1_103' title='bbox 1194 1152 1394 1193; x_wconf 85' lang='lat' dir='ltr'>usitatior</span> <span class='ocrx_word' id='word_1_104' title='bbox 1420 1152 1613 1206; x_wconf 73' lang='lat' dir='ltr'>eligenda</span> 
     </span>
     <span class='ocr_line' id='line_1_15' title="bbox 113 1219 1617 1273; baseline 0.001 -13"><span class='ocrx_word' id='word_1_105' title='bbox 113 1233 304 1260; x_wconf 80' lang='lat' dir='ltr'>caesura.</span> <span class='ocrx_word' id='word_1_106' title='bbox 367 1219 491 1260; x_wconf 87' lang='lat' dir='ltr'>aliter</span> <span class='ocrx_word' id='word_1_107' title='bbox 523 1233 574 1260; x_wconf 87' lang='lat' dir='ltr'>ea</span> <span class='ocrx_word' id='word_1_108' title='bbox 605 1220 751 1260; x_wconf 88' lang='lat' dir='ltr'>tmesis</span> <span class='ocrx_word' id='word_1_109' title='bbox 784 1219 1087 1273; x_wconf 84' lang='lat' dir='ltr'>praeferenda,</span> <span class='ocrx_word' id='word_1_110' title='bbox 1121 1220 1185 1260; x_wconf 87' lang='lat' dir='ltr'>cui</span> <span class='ocrx_word' id='word_1_111' title='bbox 1220 1220 1339 1260; x_wconf 90' lang='lat' dir='ltr'>elisio</span> <span class='ocrx_word' id='word_1_112' title='bbox 1371 1221 1426 1261; x_wconf 88' lang='lat' dir='ltr'>sit</span> <span class='ocrx_word' id='word_1_113' title='bbox 1457 1221 1617 1262; x_wconf 86' lang='lat' dir='ltr'>addita.</span> 
     </span>
    </p>

    <p class='ocr_par' dir='ltr' id='par_1_7' title="bbox 109 1287 1618 1819">
     <span class='ocr_line' id='line_1_16' title="bbox 227 1287 1618 1344; baseline 0.002 -16"><span class='ocrx_word' id='word_1_114' title='bbox 227 1288 438 1338; x_wconf 87' lang='lat' dir='ltr'>Ceterum,</span> <span class='ocrx_word' id='word_1_115' title='bbox 469 1291 517 1328; x_wconf 89' lang='lat' dir='ltr'>ut</span> <span class='ocrx_word' id='word_1_116' title='bbox 548 1287 589 1328; x_wconf 91' lang='lat' dir='ltr'>in</span> <span class='ocrx_word' id='word_1_117' title='bbox 628 1287 722 1328; x_wconf 90' lang='lat' dir='ltr'>aliis</span> <span class='ocrx_word' id='word_1_118' title='bbox 755 1287 985 1341; x_wconf 89' lang='lat' dir='ltr'>plerisque,</span> <span class='ocrx_word' id='word_1_119' title='bbox 1016 1288 1143 1329; x_wconf 88' lang='lat' dir='ltr'>etiam</span> <span class='ocrx_word' id='word_1_120' title='bbox 1173 1289 1215 1328; x_wconf 93' lang='lat' dir='ltr'>in</span> <span class='ocrx_word' id='word_1_121' title='bbox 1237 1288 1319 1328; x_wconf 89' lang='lat' dir='ltr'>hac</span> <span class='ocrx_word' id='word_1_122' title='bbox 1339 1293 1463 1342; x_wconf 84' lang='lat' dir='ltr'>parte</span> <span class='ocrx_word' id='word_1_123' title='bbox 1486 1303 1618 1344; x_wconf 75' lang='lat' dir='ltr'>appa-</span> 
     </span>
     <span class='ocr_line' id='line_1_17' title="bbox 113 1355 1617 1410; baseline 0.001 -13"><span class='ocrx_word' id='word_1_124' title='bbox 113 1359 197 1407; x_wconf 86' lang='lat' dir='ltr'>ret,</span> <span class='ocrx_word' id='word_1_125' title='bbox 227 1369 356 1409; x_wconf 89' lang='lat' dir='ltr'>quam</span> <span class='ocrx_word' id='word_1_126' title='bbox 388 1355 543 1397; x_wconf 87' lang='lat' dir='ltr'>diversi</span> <span class='ocrx_word' id='word_1_127' title='bbox 574 1355 734 1397; x_wconf 88' lang='lat' dir='ltr'>fuerint</span> <span class='ocrx_word' id='word_1_128' title='bbox 772 1356 931 1397; x_wconf 86' lang='lat' dir='ltr'>interse</span> <span class='ocrx_word' id='word_1_129' title='bbox 963 1356 1176 1410; x_wconf 81' lang='lat' dir='ltr'>Vergilius</span> <span class='ocrx_word' id='word_1_130' title='bbox 1209 1360 1251 1398; x_wconf 90' lang='lat' dir='ltr'>et</span> <span class='ocrx_word' id='word_1_131' title='bbox 1281 1356 1474 1407; x_wconf 84' lang='lat' dir='ltr'>Ovidius,</span> <span class='ocrx_word' id='word_1_132' title='bbox 1519 1372 1617 1399; x_wconf 85' lang='lat' dir='ltr'>mox</span> 
     </span>
     <span class='ocr_line' id='line_1_18' title="bbox 112 1424 1616 1479; baseline -0.001 -13"><span class='ocrx_word' id='word_1_133' title='bbox 112 1425 263 1476; x_wconf 89' lang='lat' dir='ltr'>ceteri,</span> <span class='ocrx_word' id='word_1_134' title='bbox 309 1427 439 1478; x_wconf 89' lang='lat' dir='ltr'>prout</span> <span class='ocrx_word' id='word_1_135' title='bbox 483 1438 695 1477; x_wconf 87' lang='lat' dir='ltr'>quemque</span> <span class='ocrx_word' id='word_1_136' title='bbox 740 1424 866 1465; x_wconf 87' lang='lat' dir='ltr'>huius</span> <span class='ocrx_word' id='word_1_137' title='bbox 906 1424 969 1466; x_wconf 89' lang='lat' dir='ltr'>vel</span> <span class='ocrx_word' id='word_1_138' title='bbox 1017 1425 1130 1466; x_wconf 87' lang='lat' dir='ltr'>illius</span> <span class='ocrx_word' id='word_1_139' title='bbox 1176 1426 1383 1479; x_wconf 81' lang='lat' dir='ltr'>sequendi</span> <span class='ocrx_word' id='word_1_140' title='bbox 1429 1427 1616 1467; x_wconf 72' lang='lat' dir='ltr'>rationes</span> 
     </span>
     <span class='ocr_line' id='line_1_19' title="bbox 110 1492 1616 1546; baseline 0.001 -12"><span class='ocrx_word' id='word_1_141' title='bbox 110 1493 355 1534; x_wconf 77' lang='lat' dir='ltr'>incessisset</span> <span class='ocrx_word' id='word_1_142' title='bbox 398 1492 544 1533; x_wconf 88' lang='lat' dir='ltr'>libido.</span> <span class='ocrx_word' id='word_1_143' title='bbox 606 1492 821 1533; x_wconf 86' lang='lat' dir='ltr'>duriorem</span> <span class='ocrx_word' id='word_1_144' title='bbox 863 1497 1006 1534; x_wconf 85' lang='lat' dir='ltr'>autem</span> <span class='ocrx_word' id='word_1_145' title='bbox 1047 1493 1160 1546; x_wconf 86' lang='lat' dir='ltr'>quod</span> <span class='ocrx_word' id='word_1_146' title='bbox 1198 1508 1389 1535; x_wconf 88' lang='lat' dir='ltr'>normam</span> <span class='ocrx_word' id='word_1_147' title='bbox 1433 1495 1616 1535; x_wconf 84' lang='lat' dir='ltr'>servavit</span> 
     </span>
     <span class='ocr_line' id='line_1_20' title="bbox 110 1561 1616 1615; baseline 0.001 -13"><span class='ocrx_word' id='word_1_148' title='bbox 110 1562 246 1615; x_wconf 81' lang='lat' dir='ltr'>prior,</span> <span class='ocrx_word' id='word_1_149' title='bbox 286 1574 369 1602; x_wconf 90' lang='lat' dir='ltr'>non</span> <span class='ocrx_word' id='word_1_150' title='bbox 410 1561 571 1614; x_wconf 88' lang='lat' dir='ltr'>poterit</span> <span class='ocrx_word' id='word_1_151' title='bbox 610 1561 763 1602; x_wconf 89' lang='lat' dir='ltr'>mirum</span> <span class='ocrx_word' id='word_1_152' title='bbox 806 1575 897 1602; x_wconf 86' lang='lat' dir='ltr'>esse</span> <span class='ocrx_word' id='word_1_153' title='bbox 939 1562 1243 1614; x_wconf 83' lang='lat' dir='ltr'>reputantibus</span> <span class='ocrx_word' id='word_1_154' title='bbox 1276 1577 1370 1604; x_wconf 87' lang='lat' dir='ltr'>eum</span> <span class='ocrx_word' id='word_1_155' title='bbox 1403 1563 1616 1604; x_wconf 70' lang='lat' dir='ltr'>versifica-</span> 
     </span>
     <span class='ocr_line' id='line_1_21' title="bbox 109 1629 1617 1685; baseline 0.001 -15"><span class='ocrx_word' id='word_1_156' title='bbox 109 1632 246 1670; x_wconf 88' lang='lat' dir='ltr'>torem</span> <span class='ocrx_word' id='word_1_157' title='bbox 288 1643 415 1682; x_wconf 88' lang='lat' dir='ltr'>quam</span> <span class='ocrx_word' id='word_1_158' title='bbox 453 1632 624 1682; x_wconf 89' lang='lat' dir='ltr'>poetam</span> <span class='ocrx_word' id='word_1_159' title='bbox 669 1629 800 1670; x_wconf 84' lang='lat' dir='ltr'>fuisse</span> <span class='ocrx_word' id='word_1_160' title='bbox 847 1629 1115 1671; x_wconf 82' lang='lat' dir='ltr'>deteriorem.</span> <span class='ocrx_word' id='word_1_161' title='bbox 1187 1645 1271 1683; x_wconf 89' lang='lat' dir='ltr'>quo</span> <span class='ocrx_word' id='word_1_162' title='bbox 1311 1632 1446 1685; x_wconf 81' lang='lat' dir='ltr'>magis</span> <span class='ocrx_word' id='word_1_163' title='bbox 1486 1632 1617 1672; x_wconf 83' lang='lat' dir='ltr'>miror</span> 
     </span>
     <span class='ocr_line' id='line_1_22' title="bbox 110 1697 1613 1753; baseline 0.001 -15"><span class='ocrx_word' id='word_1_164' title='bbox 110 1698 315 1745; x_wconf 81' lang='lat' dir='ltr'>extitisse,</span> <span class='ocrx_word' id='word_1_165' title='bbox 345 1698 388 1738; x_wconf 93' lang='lat' dir='ltr'>in</span> <span class='ocrx_word' id='word_1_166' title='bbox 420 1697 681 1739; x_wconf 88' lang='lat' dir='ltr'>carminibus</span> <span class='ocrx_word' id='word_1_167' title='bbox 713 1698 803 1739; x_wconf 91' lang='lat' dir='ltr'>eius</span> <span class='ocrx_word' id='word_1_168' title='bbox 837 1699 909 1751; x_wconf 88' lang='lat' dir='ltr'>qui</span> <span class='ocrx_word' id='word_1_169' title='bbox 936 1698 1172 1739; x_wconf 89' lang='lat' dir='ltr'>tolerarent</span> <span class='ocrx_word' id='word_1_170' title='bbox 1202 1712 1285 1739; x_wconf 88' lang='lat' dir='ltr'>non</span> <span class='ocrx_word' id='word_1_171' title='bbox 1321 1704 1448 1753; x_wconf 84' lang='lat' dir='ltr'>poeta</span> <span class='ocrx_word' id='word_1_172' title='bbox 1479 1701 1613 1741; x_wconf 85' lang='lat' dir='ltr'>solum</span> 
     </span>
     <span class='ocr_line' id='line_1_23' title="bbox 110 1765 1132 1819; baseline 0.002 -14"><span class='ocrx_word' id='word_1_173' title='bbox 110 1767 294 1819; x_wconf 74' lang='lat' dir='ltr'>egregio,</span> <span class='ocrx_word' id='word_1_174' title='bbox 326 1765 400 1807; x_wconf 80' lang='lat' dir='ltr'>sed</span> <span class='ocrx_word' id='word_1_175' title='bbox 432 1766 581 1819; x_wconf 87' lang='lat' dir='ltr'>quovis</span> <span class='ocrx_word' id='word_1_176' title='bbox 610 1779 714 1807; x_wconf 82' lang='lat' dir='ltr'>sano</span> <span class='ocrx_word' id='word_1_177' title='bbox 747 1766 916 1807; x_wconf 88' lang='lat' dir='ltr'>homine</span> <span class='ocrx_word' id='word_1_178' title='bbox 946 1766 1132 1819; x_wconf 83' lang='lat' dir='ltr'>indigna.</span> 
     </span>
    </p>

    <p class='ocr_par' dir='ltr' id='par_1_8' title="bbox 107 1834 1614 2092">
     <span class='ocr_line' id='line_1_24' title="bbox 223 1834 1614 1889; baseline 0.003 -15"><span class='ocrx_word' id='word_1_179' title='bbox 223 1834 344 1884; x_wconf 83' lang='lat' dir='ltr'>Quod</span> <span class='ocrx_word' id='word_1_180' title='bbox 377 1847 472 1875; x_wconf 90' lang='lat' dir='ltr'>cum</span> <span class='ocrx_word' id='word_1_181' title='bbox 504 1834 566 1874; x_wconf 87' lang='lat' dir='ltr'>ita</span> <span class='ocrx_word' id='word_1_182' title='bbox 597 1834 664 1884; x_wconf 87' lang='lat' dir='ltr'>sit,</span> <span class='ocrx_word' id='word_1_183' title='bbox 697 1834 955 1885; x_wconf 81' lang='lat' dir='ltr'>adscribam,</span> <span class='ocrx_word' id='word_1_184' title='bbox 987 1849 1097 1887; x_wconf 88' lang='lat' dir='ltr'>quae</span> <span class='ocrx_word' id='word_1_185' title='bbox 1130 1835 1228 1876; x_wconf 88' lang='lat' dir='ltr'>olim</span> <span class='ocrx_word' id='word_1_186' title='bbox 1262 1849 1391 1889; x_wconf 88' lang='lat' dir='ltr'>super</span> <span class='ocrx_word' id='word_1_187' title='bbox 1422 1837 1614 1878; x_wconf 76' lang='lat' dir='ltr'>versibus</span> 
     </span>
     <span class='ocr_line' id='line_1_25' title="bbox 109 1902 1614 1958; baseline 0.001 -15"><span class='ocrx_word' id='word_1_188' title='bbox 109 1902 365 1956; x_wconf 88' lang='lat' dir='ltr'>quibusdam</span> <span class='ocrx_word' id='word_1_189' title='bbox 398 1902 608 1943; x_wconf 86' lang='lat' dir='ltr'>Aeneidos</span> <span class='ocrx_word' id='word_1_190' title='bbox 643 1903 681 1943; x_wconf 91' lang='lat' dir='ltr'>II</span> <span class='ocrx_word' id='word_1_191' title='bbox 724 1903 985 1957; x_wconf 65' lang='lat' dir='ltr'>[wo—794]</span> <span class='ocrx_word' id='word_1_192' title='bbox 1024 1903 1183 1956; x_wconf 87' lang='lat' dir='ltr'>protuli</span> <span class='ocrx_word' id='word_1_193' title='bbox 1227 1904 1269 1944; x_wconf 88' lang='lat' dir='ltr'>in</span> <span class='ocrx_word' id='word_1_194' title='bbox 1313 1904 1518 1958; x_wconf 80' lang='lat' dir='ltr'>opusculo</span> <span class='ocrx_word' id='word_1_195' title='bbox 1562 1905 1614 1945; x_wconf 84' lang='lat' dir='ltr'>de</span> 
     </span>
     <span class='ocr_line' id='line_1_26' title="bbox 108 1970 1611 2026; baseline 0.003 -17"><span class='ocrx_word' id='word_1_196' title='bbox 108 1970 246 2012; x_wconf 82' lang='lat' dir='ltr'>Ovidii</span> <span class='ocrx_word' id='word_1_197' title='bbox 290 1972 492 2012; x_wconf 86' lang='lat' dir='ltr'>Amorum</span> <span class='ocrx_word' id='word_1_198' title='bbox 534 1970 656 2011; x_wconf 88' lang='lat' dir='ltr'>libris</span> <span class='ocrx_word' id='word_1_199' title='bbox 701 1970 862 2025; x_wconf 83' lang='lat' dir='ltr'>[philol.</span> <span class='ocrx_word' id='word_1_200' title='bbox 907 1971 985 2021; x_wconf 84' lang='lat' dir='ltr'>XI,</span> <span class='ocrx_word' id='word_1_201' title='bbox 1029 1972 1250 2026; x_wconf 66' lang='grc' dir='ltr'>(ΞΟ-91],</span> <span class='ocrx_word' id='word_1_202' title='bbox 1302 1986 1385 2025; x_wconf 92' lang='lat' dir='ltr'>quo</span> <span class='ocrx_word' id='word_1_203' title='bbox 1432 1973 1611 2026; x_wconf 85' lang='lat' dir='ltr'>primum</span> 
     </span>
     <span class='ocr_line' id='line_1_27' title="bbox 107 2038 817 2092; baseline 0 -13"><span class='ocrx_word' id='word_1_204' title='bbox 107 2039 320 2092; x_wconf 88' lang='lat' dir='ltr'>auspicati</span> <span class='ocrx_word' id='word_1_205' title='bbox 350 2052 495 2080; x_wconf 88' lang='lat' dir='ltr'>sumus</span> <span class='ocrx_word' id='word_1_206' title='bbox 528 2038 671 2079; x_wconf 86' lang='lat' dir='ltr'>studia</span> <span class='ocrx_word' id='word_1_207' title='bbox 699 2038 817 2080; x_wconf 89' lang='lat' dir='ltr'>haec.</span> 
     </span>
    </p>

    <p class='ocr_par' dir='ltr' id='par_1_9' title="bbox 221 2106 1612 2162">
     <span class='ocr_line' id='line_1_28' title="bbox 221 2106 1612 2162; baseline 0.001 -14"><span class='ocrx_word' id='word_1_208' title='bbox 221 2107 357 2160; x_wconf 85' lang='lat' dir='ltr'>Igitur</span> <span class='ocrx_word' id='word_1_209' title='bbox 388 2106 588 2148; x_wconf 86' lang='lat' dir='ltr'>abeuntis</span> <span class='ocrx_word' id='word_1_210' title='bbox 620 2106 806 2149; x_wconf 86' lang='lat' dir='ltr'>Creusae</span> <span class='ocrx_word' id='word_1_211' title='bbox 838 2107 1055 2148; x_wconf 83' lang='lat' dir='ltr'>simulacri</span> <span class='ocrx_word' id='word_1_212' title='bbox 1097 2108 1255 2148; x_wconf 74' lang='lat' dir='ltr'>mentio</span> <span class='ocrx_word' id='word_1_213' title='bbox 1291 2112 1518 2162; x_wconf 82' lang='lat' dir='ltr'>postquam</span> <span class='ocrx_word' id='word_1_214' title='bbox 1550 2110 1612 2150; x_wconf 81' lang='lat' dir='ltr'>in—</span> 
     </span>
    </p>
   </div>
   <div class='ocr_carea' id='block_1_4' title="bbox 105 2175 372 2216">
    <p class='ocr_par' dir='ltr' id='par_1_10' title="bbox 105 2175 372 2216">
     <span class='ocr_line' id='line_1_29' title="bbox 105 2175 372 2216; baseline 0.004 -1"><span class='ocrx_word' id='word_1_215' title='bbox 105 2175 259 2216; x_wconf 83' lang='lat' dir='ltr'>iectast</span> <span class='ocrx_word' id='word_1_216' title='bbox 289 2175 372 2216; x_wconf 89' lang='lat' dir='ltr'>ita:</span> 
     </span>
    </p>
   </div>
   <div class='ocr_carea' id='block_1_5' title="bbox 310 2249 1438 2349">
    <p class='ocr_par' dir='ltr' id='par_1_11' title="bbox 310 2249 1438 2349">
     <span class='ocr_line' id='line_1_30' title="bbox 311 2249 1438 2292; baseline 0 -10"><span class='ocrx_word' id='word_1_217' title='bbox 311 2249 400 2284; x_wconf 82' lang='lat' dir='ltr'>haec</span> <span class='ocrx_word' id='word_1_218' title='bbox 427 2249 489 2284; x_wconf 84' lang='lat' dir='ltr'>ubi</span> <span class='ocrx_word' id='word_1_219' title='bbox 517 2249 617 2283; x_wconf 77' lang='lat' dir='ltr'>(licta</span> <span class='ocrx_word' id='word_1_220' title='bbox 638 2249 749 2292; x_wconf 83' lang='lat' dir='ltr'>dedit,</span> <span class='ocrx_word' id='word_1_221' title='bbox 776 2249 1027 2283; x_wconf 80' lang='lat' dir='ltr'>lacrimantem</span> <span class='ocrx_word' id='word_1_222' title='bbox 1054 2252 1091 2283; x_wconf 81' lang='lat' dir='ltr'>et</span> <span class='ocrx_word' id='word_1_223' title='bbox 1114 2250 1229 2283; x_wconf 80' lang='lat' dir='ltr'>multa</span> <span class='ocrx_word' id='word_1_224' title='bbox 1255 2250 1438 2283; x_wconf 71' lang='lat' dir='ltr'>volentem</span> 
     </span>
     <span class='ocr_line' id='line_1_31' title="bbox 310 2306 1228 2349; baseline 0.001 -10"><span class='ocrx_word' id='word_1_225' title='bbox 310 2306 433 2340; x_wconf 72' lang='lat' dir='ltr'>(licere</span> <span class='ocrx_word' id='word_1_226' title='bbox 460 2306 622 2340; x_wconf 85' lang='lat' dir='ltr'>deseruit</span> <span class='ocrx_word' id='word_1_227' title='bbox 644 2309 846 2349; x_wconf 80' lang='lat' dir='ltr'>tenuesque</span> <span class='ocrx_word' id='word_1_228' title='bbox 874 2307 1025 2340; x_wconf 79' lang='lat' dir='ltr'>recessit</span> <span class='ocrx_word' id='word_1_229' title='bbox 1050 2307 1085 2340; x_wconf 93' lang='lat' dir='ltr'>in</span> <span class='ocrx_word' id='word_1_230' title='bbox 1113 2318 1228 2349; x_wconf 59' lang='lat' dir='ltr'>aurw,</span> 
     </span>
    </p>
   </div>
   <div class='ocr_carea' id='block_1_6' title="bbox 105 2373 685 2415">
    <p class='ocr_par' dir='ltr' id='par_1_12' title="bbox 105 2373 685 2415">
     <span class='ocr_line' id='line_1_32' title="bbox 105 2373 685 2415; baseline 0.002 -1"><span class='ocrx_word' id='word_1_231' title='bbox 105 2373 300 2415; x_wconf 84' lang='lat' dir='ltr'>subiecta</span> <span class='ocrx_word' id='word_1_232' title='bbox 331 2374 528 2415; x_wconf 87' lang='lat' dir='ltr'>feruntur</span> <span class='ocrx_word' id='word_1_233' title='bbox 558 2374 685 2415; x_wconf 85' lang='lat' dir='ltr'>talia:</span> 
     </span>
    </p>
   </div>
   <div class='ocr_carea' id='block_1_7' title="bbox 308 2453 1287 2610">
    <p class='ocr_par' dir='ltr' id='par_1_13' title="bbox 308 2453 1287 2610">
     <span class='ocr_line' id='line_1_33' title="bbox 308 2453 1241 2496; baseline 0 -9"><span class='ocrx_word' id='word_1_234' title='bbox 308 2456 366 2487; x_wconf 72' lang='lat' dir='ltr'>ter</span> <span class='ocrx_word' id='word_1_235' title='bbox 391 2456 547 2487; x_wconf 78' lang='lat' dir='ltr'>conatus</span> <span class='ocrx_word' id='word_1_236' title='bbox 572 2454 623 2487; x_wconf 86' lang='lat' dir='ltr'>ibi</span> <span class='ocrx_word' id='word_1_237' title='bbox 649 2453 744 2486; x_wconf 84' lang='lat' dir='ltr'>collo</span> <span class='ocrx_word' id='word_1_238' title='bbox 770 2453 857 2487; x_wconf 84' lang='lat' dir='ltr'>dare</span> <span class='ocrx_word' id='word_1_239' title='bbox 884 2453 1055 2487; x_wconf 82' lang='lat' dir='ltr'>bracchia</span> <span class='ocrx_word' id='word_1_240' title='bbox 1082 2454 1241 2496; x_wconf 65' lang='lat' dir='ltr'>cii-curm</span> 
     </span>
     <span class='ocr_line' id='line_1_34' title="bbox 308 2509 1232 2554; baseline 0 -11"><span class='ocrx_word' id='word_1_241' title='bbox 308 2512 365 2543; x_wconf 87' lang='lat' dir='ltr'>ter</span> <span class='ocrx_word' id='word_1_242' title='bbox 392 2509 525 2543; x_wconf 85' lang='lat' dir='ltr'>frustra</span> <span class='ocrx_word' id='word_1_243' title='bbox 551 2521 768 2553; x_wconf 84' lang='lat' dir='ltr'>comprensa</span> <span class='ocrx_word' id='word_1_244' title='bbox 793 2521 921 2543; x_wconf 86' lang='lat' dir='ltr'>manus</span> <span class='ocrx_word' id='word_1_245' title='bbox 947 2509 1076 2554; x_wconf 82' lang='lat' dir='ltr'>effugit</span> <span class='ocrx_word' id='word_1_246' title='bbox 1100 2511 1232 2554; x_wconf 84' lang='lat' dir='ltr'>imago,</span> 
     </span>
     <span class='ocr_line' id='line_1_35' title="bbox 308 2566 1287 2610; baseline 0.001 -11"><span class='ocrx_word' id='word_1_247' title='bbox 308 2578 374 2610; x_wconf 86' lang='lat' dir='ltr'>par</span> <span class='ocrx_word' id='word_1_248' title='bbox 399 2566 539 2600; x_wconf 80' lang='lat' dir='ltr'>levibus</span> <span class='ocrx_word' id='word_1_249' title='bbox 564 2566 680 2599; x_wconf 84' lang='lat' dir='ltr'>ventis</span> <span class='ocrx_word' id='word_1_250' title='bbox 705 2566 918 2610; x_wconf 87' lang='lat' dir='ltr'>volucrique</span> <span class='ocrx_word' id='word_1_251' title='bbox 943 2567 1124 2600; x_wconf 82' lang='lat' dir='ltr'>simillima</span> <span class='ocrx_word' id='word_1_252' title='bbox 1150 2578 1287 2601; x_wconf 86' lang='lat' dir='ltr'>somno.</span> 
     </span>
    </p>
   </div>
   <div class='ocr_carea' id='block_1_8' title="bbox 102 2633 1606 2959">
    <p class='ocr_par' dir='ltr' id='par_1_14' title="bbox 102 2633 1606 2959">
     <span class='ocr_line' id='line_1_36' title="bbox 102 2633 1606 2687; baseline 0.001 -14"><span class='ocrx_word' id='word_1_253' title='bbox 102 2633 186 2674; x_wconf 89' lang='lat' dir='ltr'>iam</span> <span class='ocrx_word' id='word_1_254' title='bbox 220 2634 314 2686; x_wconf 91' lang='lat' dir='ltr'>quis</span> <span class='ocrx_word' id='word_1_255' title='bbox 344 2634 503 2687; x_wconf 86' lang='lat' dir='ltr'>poterit</span> <span class='ocrx_word' id='word_1_256' title='bbox 533 2647 691 2687; x_wconf 80' lang='lat' dir='ltr'>negare</span> <span class='ocrx_word' id='word_1_257' title='bbox 720 2635 906 2675; x_wconf 86' lang='lat' dir='ltr'>monitus</span> <span class='ocrx_word' id='word_1_258' title='bbox 942 2638 984 2675; x_wconf 92' lang='lat' dir='ltr'>et</span> <span class='ocrx_word' id='word_1_259' title='bbox 1016 2635 1154 2675; x_wconf 84' lang='lat' dir='ltr'>insani</span> <span class='ocrx_word' id='word_1_260' title='bbox 1186 2649 1278 2676; x_wconf 81' lang='lat' dir='ltr'>esse</span> <span class='ocrx_word' id='word_1_261' title='bbox 1310 2635 1492 2676; x_wconf 83' lang='lat' dir='ltr'>hominis</span> <span class='ocrx_word' id='word_1_262' title='bbox 1525 2649 1606 2676; x_wconf 87' lang='lat' dir='ltr'>non</span> 
     </span>
     <span class='ocr_line' id='line_1_37' title="bbox 102 2701 1606 2756; baseline 0.001 -14"><span class='ocrx_word' id='word_1_263' title='bbox 102 2702 228 2742; x_wconf 82' lang='lat' dir='ltr'>modo</span> <span class='ocrx_word' id='word_1_264' title='bbox 260 2706 338 2746; x_wconf 66' lang='lat' dir='ltr'>ter,</span> <span class='ocrx_word' id='word_1_265' title='bbox 372 2701 447 2742; x_wconf 88' lang='lat' dir='ltr'>sed</span> <span class='ocrx_word' id='word_1_266' title='bbox 475 2702 605 2743; x_wconf 79' lang='lat' dir='ltr'>semel</span> <span class='ocrx_word' id='word_1_267' title='bbox 636 2702 781 2743; x_wconf 87' lang='lat' dir='ltr'>conari</span> <span class='ocrx_word' id='word_1_268' title='bbox 816 2716 910 2743; x_wconf 91' lang='lat' dir='ltr'>eum</span> <span class='ocrx_word' id='word_1_269' title='bbox 944 2702 1158 2756; x_wconf 87' lang='lat' dir='ltr'>amplecti,</span> <span class='ocrx_word' id='word_1_270' title='bbox 1189 2717 1214 2743; x_wconf 85' lang='lat' dir='ltr'>a</span> <span class='ocrx_word' id='word_1_271' title='bbox 1236 2717 1319 2756; x_wconf 90' lang='lat' dir='ltr'>quo</span> <span class='ocrx_word' id='word_1_272' title='bbox 1343 2704 1398 2743; x_wconf 87' lang='lat' dir='ltr'>sit</span> <span class='ocrx_word' id='word_1_273' title='bbox 1420 2704 1606 2753; x_wconf 72' lang='lat' dir='ltr'>relictus,</span> 
     </span>
     <span class='ocr_line' id='line_1_38' title="bbox 102 2769 1606 2824; baseline 0.001 -14"><span class='ocrx_word' id='word_1_274' title='bbox 102 2783 180 2810; x_wconf 88' lang='lat' dir='ltr'>nec</span> <span class='ocrx_word' id='word_1_275' title='bbox 211 2770 381 2810; x_wconf 84' lang='lat' dir='ltr'>omnino</span> <span class='ocrx_word' id='word_1_276' title='bbox 412 2783 536 2823; x_wconf 85' lang='lat' dir='ltr'>posse</span> <span class='ocrx_word' id='word_1_277' title='bbox 568 2769 672 2819; x_wconf 84' lang='lat' dir='ltr'>fieri,</span> <span class='ocrx_word' id='word_1_278' title='bbox 705 2774 752 2810; x_wconf 87' lang='lat' dir='ltr'>ut</span> <span class='ocrx_word' id='word_1_279' title='bbox 781 2769 852 2811; x_wconf 91' lang='lat' dir='ltr'>ille</span> <span class='ocrx_word' id='word_1_280' title='bbox 875 2771 1072 2811; x_wconf 84' lang='lat' dir='ltr'>manibus</span> <span class='ocrx_word' id='word_1_281' title='bbox 1095 2771 1375 2824; x_wconf 87' lang='lat' dir='ltr'>comprendat</span> <span class='ocrx_word' id='word_1_282' title='bbox 1397 2772 1606 2821; x_wconf 76' lang='lat' dir='ltr'>umbram,</span> 
     </span>
     <span class='ocr_line' id='line_1_39' title="bbox 102 2838 1605 2892; baseline 0.001 -14"><span class='ocrx_word' id='word_1_283' title='bbox 102 2851 211 2890; x_wconf 88' lang='lat' dir='ltr'>quae</span> <span class='ocrx_word' id='word_1_284' title='bbox 251 2838 293 2878; x_wconf 90' lang='lat' dir='ltr'>in</span> <span class='ocrx_word' id='word_1_285' title='bbox 339 2851 467 2878; x_wconf 86' lang='lat' dir='ltr'>auras</span> <span class='ocrx_word' id='word_1_286' title='bbox 509 2838 741 2879; x_wconf 84' lang='lat' dir='ltr'>evanuerit.</span> <span class='ocrx_word' id='word_1_287' title='bbox 813 2839 945 2887; x_wconf 65' lang='lat' dir='ltr'>igitur</span> <span class='ocrx_word' id='word_1_288' title='bbox 981 2852 1063 2879; x_wconf 88' lang='lat' dir='ltr'>non</span> <span class='ocrx_word' id='word_1_289' title='bbox 1108 2838 1209 2879; x_wconf 84' lang='lat' dir='ltr'>licet</span> <span class='ocrx_word' id='word_1_290' title='bbox 1251 2838 1457 2886; x_wconf 87' lang='lat' dir='ltr'>dubitari,</span> <span class='ocrx_word' id='word_1_291' title='bbox 1502 2840 1605 2892; x_wconf 90' lang='lat' dir='ltr'>quin</span> 
     </span>
     <span class='ocr_line' id='line_1_40' title="bbox 102 2905 1604 2959; baseline 0.002 -14"><span class='ocrx_word' id='word_1_292' title='bbox 102 2905 228 2945; x_wconf 82' lang='lat' dir='ltr'>eximi</span> <span class='ocrx_word' id='word_1_293' title='bbox 262 2909 459 2958; x_wconf 84' lang='lat' dir='ltr'>oporteat</span> <span class='ocrx_word' id='word_1_294' title='bbox 491 2905 600 2945; x_wconf 86' lang='lat' dir='ltr'>libro</span> <span class='ocrx_word' id='word_1_295' title='bbox 633 2907 819 2946; x_wconf 86' lang='lat' dir='ltr'>secundo</span> <span class='ocrx_word' id='word_1_296' title='bbox 850 2907 1001 2947; x_wconf 77' lang='lat' dir='ltr'>fraude</span> <span class='ocrx_word' id='word_1_297' title='bbox 1024 2908 1402 2959; x_wconf 76' lang='lat' dir='ltr'>grammaticorum</span> <span class='ocrx_word' id='word_1_298' title='bbox 1435 2920 1457 2947; x_wconf 90' lang='lat' dir='ltr'>e</span> <span class='ocrx_word' id='word_1_299' title='bbox 1483 2911 1604 2948; x_wconf 82' lang='lat' dir='ltr'>sexto</span> 
     </span>
    </p>
   </div>
  </div>
 </body>
</html>
