1898 3292
303 271 383 308 40⁶)
899 275 1018 300 LIBER
1038 275 1219 306 QVINTVS.

335 297 382 308 {Aa-

308 381 500 422 classicis
535 380 603 436 [cf.
627 379 771 420 Heius.
796 378 849 419 ad
874 378 945 418 Ov.
969 377 1131 418 heroid.
1157 380 1220 427 15,
1244 376 1312 432 79]
1346 402 1399 406 ——
1432 391 1542 429 quae
1573 391 1640 417 res
1671 376 1813 418 firma—

303 454 374 490 tur
405 449 581 490 Ausonii
613 447 934 502 epigrammatis
967 446 1027 486 eis
1059 446 1156 500 [40¹3
1189 445 1282 499 49],
1316 445 1472 497 quibus
1506 445 1710 486 irridetur
1742 446 1814 498 qui

303 521 519 559 reminisco
552 516 707 557 dixerit
740 529 818 568 pro
851 517 1091 555 reminiscor
1120 538 1187 564 ——,
1223 513 1392 554 videtur
1419 513 1600 567 produci
1632 513 1685 554 ab
1710 515 1813 554 Ara-

302 590 397 627 tore
428 585 479 641 [a.
511 600 577 639 ap.
610 585 640 634 I,
669 584 790 638 383}

579 675 667 698 ecce
695 666 751 697 tot,
776 662 934 706 egregiis
961 673 1073 695 unum
1098 672 1161 695 cor
1187 672 1266 695 esse
1292 661 1449 695 catervis

578 721 720 765 incipit.

303 810 566 850 quamquam
609 795 782 836 minime
822 794 1021 848 displicet
1064 793 1185 847 poni,
1232 792 1347 846 quod
1387 792 1591 834 Barthius
1636 794 1817 847 protulit

296 864 387 906 ‘cor
419 862 591 906 inesse'.
1574 866 1580 872 '

418 934 509 974 Iam
542 947 637 973 cum
659 946 742 973 non
775 931 864 972 fere
894 930 1196 972 breviarentur
1228 930 1269 971 in
1303 943 1344 979 es
1379 933 1583 971 exeuntes
1613 930 1815 971 termina·

303 1002 441 1042 tiones
473 1001 720 1050 verborum,
752 999 833 1040 nisi
866 999 980 1052 quod
1013 1002 1154 1047 viden,
1193 998 1307 1051 quod
1340 1002 1524 1038 ortumst
1556 1012 1607 1039 ex
1640 1002 1815 1047 videsne,

303 1085 471 1124 semper
504 1068 745 1110 adhibitum
779 1082 856 1121 per
886 1067 1150 1122 pyrrichium
1182 1066 1252 1121 [cf.
1277 1066 1392 1108 Serv.
1415 1066 1470 1107 ad
1493 1081 1584 1108 aen.
1610 1067 1678 1116 VI,
1703 1068 1816 1122 779]

303 1153 387 1192 quo
421 1142 565 1179 tamen
597 1137 771 1191 plurimi
803 1137 927 1190 longe
950 1140 1105 1190 poetae
1129 1135 1442 1185 abstinuerunt,
1474 1136 1575 1176 item
1606 1136 1648 1176 111
1682 1140 1715 1177 is
1747 1150 1816 1177 ex-

303 1210 525 1248 currentes
569 1205 800 1260 quaedam,
843 1204 1026 1257 denique
1067 1204 1381 1258 produceretur
1413 1218 1459 1244 us
1490 1204 1533 1244 in
1561 1204 1817 1255 nominibus,

305 1275 480 1328 quando
503 1274 725 1328 genetivus
757 1277 972 1315 cresceret
1003 1273 1170 1328 syllaba
1203 1288 1227 1314 ιι
1260 1276 1459 1314 manente
1488 1273 1617 1326 longa
1647 1275 1817 1327 (nempe

304 1344 358 1384 ab
392 1344 573 1385 Horatio
605 1343 712 1384 illud
735 1347 862 1394 palus
895 1346 1140 1396 correptum
1186 1342 1269 1396 [ep.
1300 1341 1357 1390 ΙΙ,
1392 1345 1428 1391 3,
1459 1341 1530 1395 65]
1572 1345 1693 1382 vetus
1725 1342 1816 1395 qui-

304 1413 417 1462 dem,
460 1412 535 1453 sed
565 1411 717 1453 falsast
745 1411 870 1464 fides)
912 1415 954 1452 et
983 1410 1142 1464 plurali
1174 1423 1372 1460 numero,
1407 1424 1432 1451 a
1463 1409 1630 1450 Paulini
1662 1409 1817 1451 Nolani

304 1485 447 1522 aetate
478 1481 672 1522 imminui
705 1485 804 1522 sunt
836 1484 1014 1534 coeptae
1048 1479 1235 1520 eaedem.
1294 1493 1392 1520 nan]
1425 1478 1540 1532 quod
1570 1479 1654 1520 iam
1687 1494 1711 1520 a
1742 1494 1815 1533 po-

304 1554 375 1591 eta
416 1549 582 1603 vulgari
624 1549 782 1603 prioris
827 1564 857 1590 s.
890 1549 950 1590 ΙΙΙ
991 1548 1130 1602 partis
1168 1547 1438 1602 pyrrichiace
1477 1547 1665 1601 positum
1707 1552 1817 1590 vides

303 1619 344 1660 in
376 1617 748 1673 hendecasyllabis
779 1618 842 1659 ita
873 1617 980 1673 [Ael.
1015 1617 1186 1671 Lampr.
1220 1617 1337 1658 Alex.
1370 1616 1462 1657 Sev.
1497 1616 1592 1671 38]:

580 1698 775 1742 pulchrum
802 1698 901 1742 quod
925 1697 1027 1731 vides
1055 1709 1134 1731 esse
1157 1700 1323 1731 nostrum
1350 1707 1486 1741 regem,

580 1766 689 1799 quem
714 1755 910 1799 pulchrum
935 1754 1060 1789 tetulit
1086 1754 1220 1799 Syrum
1244 1765 1424 1798 propago,

304 1845 387 1872 non
430 1830 567 1883 magis
608 1844 675 1871 me
717 1834 876 1878 movet.
920 1843 1049 1883 quam
1087 1828 1201 1882 quod
1235 1827 1468 1870 Alexandri
1501 1829 1646 1870 Severi
1677 1829 1719 1870 in
1751 1844 1816 1870 re-

305 1913 462 1953 sponso
494 1913 545 1940 ex
578 1899 756 1941 Graecis
787 1912 910 1940 verso
944 1898 1092 1939 eadem
1124 1897 1369 1951 quantitate
1400 1896 1643 1938 adhibitum
1675 1905 1815 1948 palas.

302 1969 435 2022 igitur
457 1972 684 2009 attenuata
704 1968 907 2021 leguntur
928 1966 1047 2008 finali
1068 1966 1197 2007 haec:
1219 1969 1394 2007 semitas
1415 1965 1598 2020 [Paulin.
1618 1969 1683 2017 25,
1705 1967 1816 2021 149]⁷

303 2051 429 2078 sexus
476 2036 638 2092 [Sedul.
673 2051 705 2078 c.
736 2051 776 2090 p.
809 2036 887 2087 ΙΙΙ,
932 2036 1058 2090 266],
1099 2039 1270 2086 spiritus
1311 2034 1426 2089 [Sed.
1460 2048 1492 2076 c.
1523 2049 1562 2088 p.
1601 2035 1659 2085 ΙΙ,
1703 2036 1817 2090 239]‚

304 2110 421 2146 tellus
464 2105 682 2160 [Martiali.
713 2105 784 2155 VI,
819 2109 912 2155 584,
948 2108 1022 2157 123
1056 2104 1204 2145 Victor
1236 2103 1366 2144 aleth.
1401 2103 1457 2154 ΙΙ,
1491 2106 1565 2155 23;
1595 2103 1719 2158 442],
1756 2117 1816 2145 se-

303 2182 443 2216 neclus
475 2175 697 2229 [Dracont.
717 2175 851 2215 sat-iss.
871 2177 974 2225 2243
1008 2173 1255 2214 Maximian.
1277 2175 1311 2223 1,
1331 2171 1441 2228 246],
1475 2175 1673 2213 transitus
1707 2171 1816 2228 [Cor.

301 2242 328 2284 l.
360 2243 460 2283 lust.
494 2243 568 2292 ΙΙΙ,
603 2242 693 2299 55],
731 2246 890 2294 namtas
926 2242 1038 2298 [Sed.
1073 2256 1105 2282 c.
1136 2257 1176 2295 p.
1207 2241 1259 2292 ΙΙ,
1297 2240 1416 2297 12o],
1449 2254 1642 2282 cerneres
1674 2239 1815 2297 [Mart.

304 2311 372 2361 VI,
397 2316 490 2361 585,
518 2311 610 2367 18],
651 2314 928 2352 dislribuisses
960 2310 1078 2367 [Ven.
1102 2310 1174 2360 XI,
1199 2315 1221 2352 5
1245 2325 1284 2364 p.
1310 2309 1429 2365 352],
1464 2313 1565 2350 nites
1598 2308 1716 2365 [Ven.
1739 2310 1815 2360 III,

308 2383 357 2422 19
391 2394 429 2433 p.
458 2379 575 2435 140],
609 2393 808 2430 posceres
841 2378 926 2435 [Ar.
960 2393 1024 2433 ep.
1059 2379 1112 2420 ad
1143 2378 1289 2419 Parth.
1323 2377 1409 2434 22],
1442 2381 1608 2419 advenis
1641 2377 1728 2434 [Ar.
1752 2393 1815 2432 ep.

305 2448 359 2488 ad
381 2448 506 2501 vigil.
530 2447 589 2504 4],
621 2451 800 2489 czaslodis
836 2446 922 2503 [Ar.
956 2461 992 2488 a.
1024 2462 1091 2501 ap.
1123 2448 1154 2498 I,
1186 2446 1307 2503 4ll],
1341 2450 1472 2488 esuris
1505 2445 1590 2502 [Ar.
1614 2460 1650 2487 a.
1674 2459 1740 2500 ap.
1763 2447 1815 2495 ΙΙ,

307 2515 454 2572 1007],
486 2520 619 2557 nesce's
652 2515 829 2572 [Orient.
852 2515 1010 2557 Comm.
1033 2516 1085 2567 II,
1115 2519 1189 2567 363
1225 2515 1296 2556 Ar.
1329 2528 1365 2556 a.
1399 2529 1465 2568 ap.
1497 2514 1528 2565 Ι,
1560 2514 1677 2571 241],
1715 2529 1815 2565 per-

306 2588 416 2625 venis
449 2583 560 2640 [Sed.
591 2598 623 2625 e.
646 2584 792 2638 pasch.
817 2585 865 2635 V,
889 2583 1006 2640 280],
1047 2587 1258 2635 praeteris
1290 2582 1448 2639 [Sidon.
1480 2597 1631 2637 paneg.
1665 2583 1814 2624 Maior.

306 2651 424 2709 576],
464 2656 642 2704 quamvis
676 2651 794 2708 [Lux.
820 2656 913 2703 305,
940 2652 996 2709 1],
1028 2656 1181 2693 transis
1215 2651 1317 2708 [Sid.
1341 2651 1396 2692 ad
1418 2652 1539 2694 Cons.
1562 2651 1680 2708 404],
1718 2666 1814 2703 pos-

302 2725 358 2762 sis
390 2720 561 2777 [Luxor.
585 2725 678 2771 347,
702 2721 755 2777 4],
788 2725 884 2763 velis
917 2721 1080 2778 [Avian.
1105 2725 1170 2771 23,
1196 2725 1266 2773 103
1299 2721 1401 2762 Ven.
1425 2721 1472 2771 V,
1499 2724 1548 2763 15
1572 2736 1610 2775 p.
1629 2723 1711 2764 200
1729 2720 1813 2777 al.].

304 2789 377 2830 sed
409 2804 435 2830 a
467 2790 648 2831 Iuvenco
681 2804 765 2830 11011
797 2790 1003 2843 scriptum
1035 2789 1119 2846 [1V,
1155 2789 1274 2845 586]:

578 2881 819 2914 egressusque
847 2869 979 2904 dehinc
1006 2869 1173 2914 ploratus
1197 2869 1359 2903 habebat
1383 2880 1538 2911 amaros,

302 2940 472 2968 verum:

579 3007 840 3040 egressumque
865 2996 998 3030 dehinc
1025 2996 1190 3040 ploratus
1216 2995 1376 3030 habebat
1401 3006 1555 3030 amarus.
