1898 3292
221 174 242 209 7
250 174 271 210 *2
823 181 943 205 Lim-:R
961 181 1117 206 PRIMVS.

220 288 422 338 poemata
455 285 620 324 minora
653 287 846 337 adeoque
878 283 1086 324 librorum
1118 283 1240 324 initia
1282 286 1351 339 [cf.
1386 301 1476 327 aen.
1509 286 1587 340 IX]
1627 288 1730 327 inci—

221 369 322 407 pere
356 353 410 393 ab
443 353 515 402 eis,
549 367 660 405 quae
691 357 791 393 sunt
822 361 884 401 et;
918 361 1063 403 αῖιμιθς
1095 359 1160 397 at:
1191 367 1302 404 erqo,
1335 356 1492 396 nemini
1524 356 1729 409 ignotum.

220 437 298 463 nec
336 425 401 462 est
442 421 557 474 quod
600 421 739 461 dicam
782 421 825 461 in
868 421 1026 462 saturis
1070 420 1188 462 hisce
1232 422 1359 475 plane
1400 428 1448 464 ut
1487 425 1528 465 in
1576 426 1730 466 ceteris

221 491 393 544 scriptis
432 490 632 531 continuo
674 504 699 530 a
740 503 870 543 prosa
913 490 1087 531 transiri
1129 489 1183 530 ad
1224 505 1392 543 versus,
1432 493 1504 534 ubi
1547 494 1730 536 aliorum

221 560 410 601 citantur
439 558 534 608 loci,
566 561 614 599 ut
646 558 760 612 apud
792 559 1026 601 Varronem
1061 564 1185 619 [Non.
1210 565 1304 609 408Ἱ
1329 563 1393 617 4];
1425 568 1515 604 dum
1547 577 1731 604 sermone

221 633 404 669 cenulam
452 631 676 676 var-lamus,
720 631 879 670 {merca
932 629 1080 673 ‘lenuit
1125 637 1224 675 bene
1268 638 1502 682 tempestate
1542 630 1729 673 Seretecz'.

178 720 182 723 -
221 711 318 738 nam
359 696 511 737 ultima
550 696 687 750 petita
728 711 779 737 ox
810 697 945 739 Ennio
986 701 1099 754 [ann.
1136 702 1234 756 155]
1277 699 1383 742 ‘cum
1417 703 1544 741 tonuit
1577 704 1730 741 laevum

221 770 320 808 benc
353 772 587 816 tempeslale
617 779 766 806 serena
780 763 805 807 ⁷.

335 835 423 875 Iam
450 848 544 875 cum
569 834 732 875 Seneca
766 839 806 875 et
829 835 1036 878 Boethius
1066 838 1177 879 hanc
1199 841 1375 879 teneant
1406 838 1529 887 viam,
1561 852 1731 891 semper

221 908 269 944 ut
311 902 480 956 singula
520 906 754 944 metrorum
797 917 954 956 genera
998 906 1189 959 pedestri
1240 898 1434 948 sermone
1476 906 1731 959 interposito

221 972 485 1024 disiungant,
529 975 573 1011 at
614 971 840 1013 Petronius
886 988 935 1014 ac
964 974 1206 1016 Martianus
1247 975 1417 1016 diversa
1459 975 1524 1015 usi
1565 975 1731 1015 ratione

222 1056 370 1082 sensus
392 1040 625 1081 interstitio
649 1044 691 1081 et
712 1042 860 1094 puncti
883 1042 1003 1096 signo
1028 1043 1273 1085 distinctam
1299 1044 1549 1084 continuare
1572 1043 1732 1084 audent

220 1124 495 1151 numerorum
518 1109 771 1150 varietatem
795 1111 866 1164 [cf.
890 1111 1060 1152 Petron.
1081 1117 1126 1163 53
1163 1116 1263 1164 1093
1296 1112 1420 1153 Mart.
1439 1112 1490 1161 II,
1512 1115 1731 1163 ils-1263

220 1178 588 1232 IX‚911—919].
657 1178 730 1219 sed
764 1179 1003 1221 Martianus
1047 1183 1214 1222 tantum
1260 1180 1542 1222 intercalares
1584 1195 1732 1221 versus

219 1247 343 1287 binos
385 1247 447 1287 ita
485 1247 528 1287 in
570 1246 737 1287 duobus
775 1247 874 1288 libri
915 1249 953 1289 ΙΙ
995 1253 1037 1290 et
1067 1249 1127 1289 IX
1165 1249 1424 1303 interposuit
1468 1249 1729 1290 continuatis

222 1315 494 1356 carminibus.
545 1315 618 1356 ubi
652 1316 885 1357 notandum
916 1316 998 1358 loci
1027 1317 1183 1370 prioris
1213 1318 1256 1359 in
1289 1318 1407 1359 exitu
1438 1321 1535 1371 post
1568 1317 1731 1358 finitam

221 1385 399 1425 Thaliae
423 1384 661 1425 orationem
684 1384 886 1426 haustum
909 1385 1123 1427 distichon
1145 1401 1372 1428 recurrens
1396 1401 1531 1440 usque
1561 1385 1733 1427 ‘scande

222 1457 325 1495 caeli
357 1458 504 1505 templa
537 1451 673 1506 μίν-(Μ’
720 1468 752 1495 e.
787 1468 825 1508 q.
857 1469 887 1495 s.
938 1481 980 1484 -
1031 1459 1076 1496 at
1117 1455 1255 1496 Varro
1295 1455 1337 1496 in
1380 1459 1522 1496 utram
1565 1459 1732 1509 partem

223 1523 484 1564 concesserit
514 1537 599 1563 non
631 1523 736 1563 satis
769 1527 962 1577 apparet.
1024 1538 1121 1564 nam
1156 1524 1266 1565 sicut
1297 1524 1589 1574 inveniuntur,
1623 1538 1733 1577 quae

222 1606 348 1632 sensu
382 1606 477 1633 cum
511 1592 595 1632 sint
627 1591 783 1632 similia
822 1592 971 1633 metris
1010 1593 1194 1643 varient,
1238 1592 1450 1646 quaedam
1497 1593 1600 1633 item
1640 1596 1733 1634 arte

221 1661 335 1701 inter
368 1675 412 1701 se
444 1661 592 1702 iuncta
624 1662 816 1701 carmina
846 1664 995 1714 aperte
1018 1665 1301 1702 secernuntur
1324 1661 1515 1702 admixto
1539 1676 1734 1702 sermone

221 1729 423 1782 pedestri.
486 1729 601 1783 quod
644 1733 691 1770 ut
723 1729 1019 1782 intellegatur,
1056 1733 1231 1783 praeter
1272 1729 1358 1770 alia
1398 1730 1594 1784 exempla
1637 1745 1733 1771 con-

222 1798 424 1839 ferendus
445 1798 565 1839 locus
581 1797 877 1849 Eumenidum,
900 1798 973 1839 ubi
997 1798 1048 1839 de
1064 1798 1218 1853 Cybele
1241 1799 1417 1852 eiusque
1436 1798 1734 1839 sacerdotibus

222 1867 366 1919 agitur
407 1867 857 1921 [XXXIII—XXXIX
896 1867 959 1908 ed.
993 1867 1136 1921 Ries}
1205 1867 1267 1908 ita
1309 1871 1351 1908 et
1390 1867 1435 1908 in
1478 1867 1734 1908 Prometheo

223 1935 358 1977 libero
406 1950 501 1977 cum
545 1935 665 1989 prius
714 1935 878 1977 talibus
922 1939 1035 1977 esset
1082 1936 1300 1989 descripta
1346 1936 1465 1989 origo
1515 1935 1734 1977 hominum

222 2004 346 2060 [Non.
383 2008 447 2055 71,
483 2005 575 2058 17]:

498 2079 677 2112 humanae
703 2079 885 2123 quandam
912 2082 1060 2123 gentem
1088 2079 1213 2123 stirpis
1240 2079 1477 2123 conquoquit,

497 2136 611 2180 frigus
641 2136 762 2170 calore
789 2139 898 2180 atque
926 2148 1052 2171 umore
1078 2136 1299 2171 aritudinem

496 2194 649 2236 miscet;

220 2256 263 2296 in
304 2271 349 2297 re
394 2256 590 2310 pluribus
635 2256 887 2310 exequenda
930 2272 1032 2298 usus
1080 2261 1144 2298 est
1181 2271 1311 2311 prosa
1362 2256 1487 2311 [Non.
1522 2261 1616 2306 217,
1650 2258 1734 2312 24].

221 2339 320 2365 nam
362 2325 424 2365 ita
465 2324 569 2366 facit
612 2325 858 2378 loquentem
899 2325 1176 2367 Promethea:
1227 2329 1469 2366 [lenimenta
1509 2329 1608 2374 cibi,
1656 2341 1735 2376 qua

224 2397 410 2433 excirent
434 2407 517 2444 per
542 2397 756 2444 pos-licum,
791 2399 972 2435 canalem
1004 2398 1102 2446 feci.
1156 2409 1206 2435 ac
1230 2408 1390 2444 rursuS,
1422 2394 1495 2435 ubi
1519 2394 1570 2435 de
1593 2395 1735 2435 animo

223 2461 368 2514 agitur
398 2462 598 2512 formato,
628 2463 774 2515 posuit
806 2462 1006 2504 sotadeos
1039 2463 1106 2517 [N.
1143 2466 1235 2513 172,
1269 2462 1333 2516 7]:

499 2548 581 2570 cum
608 2548 751 2570 sumere
781 2537 975 2580 coepisset,
1001 2537 1170 2581 voluptas
1197 2537 1385 2579 retineret,

499 2605 582 2627 eum
608 2596 664 2627 sat
690 2593 758 2627 sibi
784 2593 947 2637 haberet,
974 2594 1084 2627 satias
1110 2605 1258 2627 manuni
1283 2593 1328 2627 de
1354 2605 1479 2627 mensa

498 2651 656 2685 tolleret.

339 2714 476 2763 Quam
512 2714 639 2755 facile
671 2716 815 2754 autem
849 2718 987 2754 metra
1023 2714 1256 2755 variaverit
1287 2714 1440 2764 Varro,
1484 2715 1611 2755 etiam
1654 2715 1735 2756 hoc

224 2781 317 2822 loco
353 2782 634 2823 Eumenidum
671 2782 992 2835 comprobatur,
1036 2782 1110 2823 ubi
1154 2797 1248 2823 cum
1292 2782 1400 2824 haec
1442 2787 1585 2824 essent
1619 2784 1734 2824 dicta

223 2849 275 2890 de
309 2850 461 2904 Serapi
494 2851 618 2906 [Non.
650 2854 745 2901 201,
781 2851 874 2904 11]:

408 2925 444 2957 in
473 2925 609 2958 somnis
635 2925 746 2967 venit,
772 2925 875 2959 iubet
899 2936 957 2958 me
985 2936 1113 2969 cepam
1141 2937 1217 2959 esse
1246 2928 1283 2959 et
1309 2926 1550 2969 sisymbrium,
