1898 3292
792 210 1028 236 OPVSCVLVM
1046 212 1067 236 1.
1601 204 1680 243 539

175 326 258 365 que
289 313 482 354 versibus
518 313 759 353 existimavi
790 313 1019 353 arcendam
1051 313 1094 353 in
1127 313 1313 354 editione
1346 314 1482 355 Nonii.
1544 328 1681 367 neque

174 385 299 422 tueor
328 381 413 421 iam
445 381 559 434 quod
591 381 752 422 Lucilio
785 381 1008 434 adsignavi
1040 386 1221 422 metrum
1254 382 1339 423 tale
1373 382 1416 436 [l.
1449 383 1528 423 inc.
1563 382 1679 438 135]:

313 471 431 504 neque
457 460 605 505 prodire
631 461 666 494 in
693 461 817 504 altum,
844 461 1016 504 proeliari
1041 461 1078 494 hi
1104 462 1171 495 sub
1196 461 1283 495 vitei
1310 462 1451 506 procul.

173 534 248 575 ubi
279 535 420 575 nescio
454 548 507 575 an
541 535 595 575 sit
626 534 920 576 scribendum:

312 625 431 657 neque
458 614 606 657 prodire
629 615 665 647 in
691 615 816 656 altum,
842 614 1023 658 proelium
1049 626 1158 658 agere
1185 616 1250 649 sub
1276 615 1363 649 vitei
1389 616 1529 659 procul.

173 702 257 728 non
299 688 408 728 enim
460 688 714 729 crediderim
758 702 783 729 a
822 688 984 730 Lucilio
1026 689 1127 742 poni
1165 690 1456 743 septenarium
1499 705 1682 731 caesura

173 756 287 796 omni
320 759 558 807 carent0m;
598 757 717 797 cuius
749 761 864 798 certe
894 756 1094 798 licentiae
1125 757 1243 798 aliud
1273 772 1356 798 non
1389 761 1509 799 extat
1540 773 1680 799 exem-

172 824 301 877 plum.
334 850 386 854 —
430 828 617 865 ceterum
650 824 785 865 multa
817 825 1041 878 utriusque
1083 839 1288 867 caesurae
1321 826 1509 867 vicariae
1552 826 1680 867 docu-

171 896 327 942 menta,
360 906 469 945 quae
492 892 618 933 affert
640 893 898 934 Ritschelius
919 893 944 934 l.
968 908 1033 944 m.,
1065 894 1203 945 aliter,
1233 898 1363 947 atque
1387 894 1486 935 huic
1507 894 1681 948 placuit,

173 964 272 1001 sunt
291 961 629 1013 interpretanda,
662 975 757 1002 cum
779 975 906 1014 saepe
929 962 994 1002 vel
1024 976 1222 1003 sensuum
1246 962 1482 1003 interstitia
1504 963 1680 1003 nimium

172 1028 335 1069 curarit
363 1028 429 1069 vel
458 1042 610 1082 parum
643 1029 864 1071 elisionum
897 1030 1097 1072 rationes.

286 1096 460 1147 Tmesis,
504 1111 614 1150 quae
654 1097 702 1139 fit
741 1098 783 1138 in
821 1099 1215 1152 praepositionibus
1252 1098 1555 1153 monosyllabis
1588 1114 1680 1140 ver-

173 1165 324 1206 borum
348 1166 693 1218 compositorum,
725 1180 804 1207 nec
834 1166 888 1208 ab
911 1167 1068 1208 italicis
1100 1167 1224 1209 abest
1245 1168 1445 1209 numeris
1506 1182 1556 1209 ea
1588 1169 1679 1221 ipse

172 1232 395 1274 Phaedrus
427 1248 529 1274 usus
561 1234 626 1275 bis
657 1235 748 1289 [III,
782 1239 844 1284 15,
878 1239 923 1287 63
960 1236 1006 1285 V,
1038 1239 1073 1286 7,
1109 1236 1198 1290 19]:

380 1313 571 1347 novissime
600 1314 807 1357 prolapsam
835 1314 1004 1356 effundit
1029 1315 1228 1357 sarcinam3

171 1381 257 1422 sive
283 1382 426 1432 mavis,
457 1381 569 1435 quod
591 1385 734 1423 tamen
764 1383 902 1424 minus
925 1387 989 1424 est
1011 1384 1260 1424 concinnum
1285 1388 1463 1438 propter
1492 1384 1679 1426 elisionis

170 1449 404 1491 defectum:

375 1524 570 1559 novissime
597 1524 818 1569 prollapsam
845 1525 998 1560 effundit
1024 1526 1228 1569 sarcinam3

170 1589 213 1627 et
242 1600 392 1640 porro:

374 1661 454 1705 ipso
480 1661 651 1695 ludorum
680 1662 904 1697 os‘tenderet
931 1674 1009 1697 sese
1035 1663 1103 1698 die.

168 1729 300 1782 igitur
330 1743 414 1770 non
448 1733 567 1770 caret
607 1743 787 1770 caesura
823 1746 901 1772 sua
933 1746 1080 1772 versus
1113 1732 1318 1773 Varronis
1354 1733 1549 1787 [Eumen.
1582 1733 1676 1787 45]:

374 1809 557 1843 diversum
585 1809 670 1843 ferri
698 1811 907 1844 exterritum
937 1811 1140 1846 formidine.

168 1881 234 1917 est
264 1876 336 1918 ubi
370 1877 570 1919 dubitare
601 1879 757 1932 possiS,
790 1883 932 1920 utrum
965 1883 1063 1933 post
1093 1880 1455 1934 praepositionem
1488 1881 1543 1920 sit
1573 1880 1676 1920 inci-

167 1945 351 1987 dendum
384 1960 438 1987 an
470 1950 581 1997 ante,
612 1951 659 1988 ut
691 1948 806 2002 apud
829 1948 1039 1989 Lucilium
1064 1948 1280 2002 [XXVIIL
1307 1952 1377 2001 103
1409 1949 1562 2000 XXIX,
1587 1949 1677 2004 56]:

371 2025 503 2069 Lucili,
529 2027 557 2060 si
584 2027 621 2060 111
650 2039 773 2061 amore
797 2028 970 2062 imitaris
994 2031 1079 2071 tuo3

372 2083 410 2116 ni
433 2083 572 2118 rediret
595 2083 640 2118 ad
665 2096 703 2118 se
729 2087 838 2128 atque
863 2085 961 2118 illam
987 2084 1245 2119 exterminaret
1269 2085 1462 2119 miseriam.

280 2157 371 2198 Iam
402 2161 450 2198 ut
481 2157 533 2198 de
564 2158 816 2212 rhythmicis
848 2162 1003 2212 agatur
1041 2159 1208 2212 legibus
1239 2159 1478 2201 iamborum
1515 2164 1558 2202 et
1589 2164 1674 2202 tro-

167 2225 397 2266 chaeorum
439 2226 703 2276 italicorum,
746 2227 1085 2282 monosyllabum
1127 2228 1407 2270 antecedente
1446 2229 1674 2283 plusquam

167 2293 459 2348 monosyllabo
492 2308 576 2336 non
599 2294 772 2336 admisit
789 2295 1011 2337 Phaedrus
1044 2296 1125 2338 nisi
1146 2296 1251 2338 illud
1275 2304 1333 2338 est
1355 2297 1419 2339 vel
1442 2297 1674 2351 aliquando

166 2375 208 2402 es
240 2364 283 2402 et
312 2363 551 2416 praemissa
582 2367 718 2417 parte,
751 2378 862 2416 quae
892 2364 935 2404 in
957 2365 1209 2406 trochaeum
1242 2365 1389 2417 exiret,
1422 2370 1469 2407 ut
1503 2366 1589 2420 HV,
1611 2370 1674 2417 12,

167 2433 213 2481 7;
246 2430 293 2481 V,
323 2434 361 2481 9,
391 2431 458 2485 4]:

371 2509 441 2553 odi,
468 2510 597 2554 inquit,
623 2511 735 2554 illum,
763 2512 847 2556 quia
872 2513 976 2546 malis
1002 2513 1140 2546 amicus
1168 2516 1233 2547 est.

371 2569 462 2610 tace,
488 2567 626 2611 inquit,
652 2571 735 2602 ante
761 2568 831 2602 hoc
858 2569 942 2603 novi
972 2581 1080 2612 quam
1105 2573 1145 2603 tu
1170 2573 1277 2604 natus
1303 2582 1351 2604 es.

164 2634 227 2674 ita
257 2638 355 2687 post
385 2634 651 2676 tribrachum
680 2636 868 2678 Lucilius
900 2637 1074 2691 [XXIX,
1111 2639 1203 2693 18]:

369 2726 498 2748 manus
524 2726 543 2747 a
568 2715 719 2749 muliere
745 2716 928 2751 abstinere
954 2717 1083 2751 melius
1110 2720 1175 2752 est.

165 2780 340 2822 duriora
379 2782 524 2835 paullo
560 2783 762 2824 Varronis
800 2784 908 2825 haec
941 2789 1040 2826 sunt
1078 2785 1199 2841 [Non.
1232 2789 1326 2837 344,
1357 2791 1403 2838 43
1449 2791 1543 2839 530,
1578 2787 1670 2844 18]:

370 2864 407 2894 at
430 2861 564 2896 liberos
591 2874 720 2906 parare
746 2864 804 2896 0111
830 2875 981 2898 necesse
1007 2864 1078 2899 sit?

370 2916 516 2961 τρόπων
540 2914 700 2963 τρόπους
724 2921 786 2965 qui
812 2932 884 2955 non
910 2921 1019 2956 modo
1045 2922 1235 2967 ignorasse
1259 2934 1328 2957 me.
