1898 3292
233 228 316 266 440
838 235 959 259 LIBER
979 234 1133 260 SEXTVS.

234 338 346 378 otio
386 337 704 386 illudamus,
748 336 1037 377 Prudentii
1071 338 1409 390 Ausoniique
1442 342 1492 378 et
1525 338 1741 378 Paulini

234 420 349 446 cum
400 405 641 447 Sidonio
687 405 1034 459 potissimum
1082 405 1462 447 enarrabimus
1506 406 1643 447 vitia
1688 407 1742 446 in

233 473 518 528 prosodiis
551 474 894 524 constantia,
936 487 956 514 e
998 473 1196 527 quibus
1236 473 1377 515 haud
1410 488 1536 516 sane
1570 488 1744 528 pauca

234 541 398 583 etiam
440 542 671 583 aliorum
711 556 809 583 usu
848 545 975 583 sunt
1010 541 1379 596 comprobata.

346 610 484 663 Igitur
513 610 727 664 producta
759 609 812 651 ob
845 610 981 651 solam
1012 611 1313 651 necessitatem
1335 614 1569 652 metrorum
1593 616 1744 653 contra

232 679 298 720 ius
338 678 490 732 fasque
532 679 673 732 prima
706 678 923 719 habentur
965 678 1118 719 horum
1158 678 1280 720 libris
1311 679 1581 732 potissimum
1613 679 1742 721 haec:

405 746 668 788 anachoreta
701 745 804 802 [Sid.
837 746 956 787 euch.
990 746 1045 787 ad
1077 747 1222 788 Faust.
1257 748 1351 801 97],
1390 747 1605 789 Araneola
1637 748 1742 802 [Sid.

406 815 578 869 epithal.
596 815 639 856 P.
659 818 702 856 et
718 815 765 856 A.
788 816 900 869 147],
933 814 1124 856 basilicis
1155 815 1291 869 [Paul.
1310 819 1376 867 28,
1396 816 1476 872 37],
1505 815 1744 858 blateraret

406 883 551 937 [Prud.
581 883 674 937 peri
707 887 756 924 st.
793 886 856 933 10,
889 882 1009 940 913],
1049 883 1312 924 charismata
1344 884 1489 939 [Prud.
1522 899 1554 925 c.
1587 885 1742 940 Symm.

407 952 459 1002 ΙΙ,
496 952 642 1006 1046],
684 951 926 992 Danaidum
957 951 1093 1006 [Paul.
1128 955 1192 1002 35,
1225 952 1349 1006 480],
1391 952 1564 994 Galerio
1595 953 1742 1008 [Prud.

404 1020 497 1073 peri
527 1023 578 1060 st.
613 1023 648 1063 7,
683 1020 748 1074 6],
797 1019 1007 1060 Macharii
1053 1019 1158 1074 [Sid.
1193 1020 1312 1061 euch.
1355 1021 1410 1061 ad
1452 1020 1595 1063 Faust.
1632 1023 1742 1076 lOO],

404 1088 596 1142 paradisi
618 1088 737 1129 Paul.
761 1091 827 1139 24,
852 1092 874 1128 7
881 1088 973 1142 72],
1012 1087 1255 1129 Philocteta
1286 1088 1391 1143 [sid.
1415 1089 1469 1130 ad
1492 1089 1632 1143 Magn.
1657 1090 1742 1131 Fel.

407 1157 527 1211 153]‚
567 1155 921 1210 philosophorum
960 1156 1065 1211 [sid.
1098 1156 1273 1209 epithal.
1304 1156 1391 1198 Pol.
1425 1161 1467 1199 et
1497 1158 1625 1199 Aran.
1657 1159 1743 1213 43],

401 1224 581 1279 physica
626 1223 730 1279 [Sid.
770 1224 944 1278 epithal.
983 1224 1071 1265 Pol.
1110 1228 1152 1265 et
1189 1225 1316 1266 Aran.
1362 1227 1480 1281 101],
1527 1226 1743 1280 pugilibus

405 1292 533 1334 Prud.
567 1306 599 1333 c.
632 1293 787 1347 Symm.
820 1293 872 1343 II,
908 1293 1027 1347 518],
1073 1293 1275 1344 Quirinus
1320 1294 1464 1348 [Prud.
1496 1295 1589 1348 peri
1621 1299 1671 1336 st.
1707 1300 1742 1347 7,

406 1361 500 1415 36],
532 1360 809 1414 smaragdina
841 1361 987 1415 [Prud.
1019 1361 1165 1416 psych.
1199 1363 1321 1417 862],
1363 1363 1572 1404 scaturire
1605 1364 1742 1419 [Paul.

407 1433 472 1480 21,
506 1429 625 1483 849],
655 1428 878 1471 Thaletica
910 1429 1015 1484 [Sid.
1040 1429 1170 1483 epith.
1194 1430 1280 1471 Pol.
1305 1435 1347 1472 et
1370 1432 1495 1472 Aran.
1528 1432 1620 1486 89],
1655 1436 1742 1473 tra-

402 1497 574 1539 balibus
605 1497 743 1552 [Paul.
768 1501 833 1548 27,
856 1498 975 1552 435],
1012 1498 1262 1552 Tricipitine
1297 1499 1402 1553 [Sid.
1424 1504 1664 1554 propempt.
1688 1501 1743 1542 ad

402 1565 475 1606 lib.
508 1567 600 1621 40],
632 1565 861 1607 Valeriane
895 1566 1040 1620 [Prud.
1071 1567 1164 1620 peri
1196 1570 1245 1608 st.
1282 1571 1345 1619 11,
1378 1569 1441 1623 2],
1473 1568 1742 1611 Valeriorum

404 1633 550 1688 [Prud.
579 1635 672 1688 peri
706 1638 755 1675 st.
789 1638 826 1685 4,
859 1636 952 1689 80],
985 1634 1136 1676 Vesevi
1170 1635 1307 1689 [Paul.
1340 1640 1403 1687 19,
1437 1637 1546 1691 541]

232 1705 278 1742 at
309 1702 498 1744 secunda
535 1705 710 1743 extenta
740 1703 1015 1755 reperiuntur
1045 1703 1172 1744 talia:

404 1770 671 1824 Agrigentini
715 1770 820 1824 [Sid.
853 1784 950 1824 pan.
988 1771 1179 1812 Anthem.
1214 1773 1338 1827 367],
1386 1786 1547 1827 cyanea
1596 1773 1742 1827 [Prud.

405 1838 552 1892 psych.
592 1839 718 1893 858],
764 1838 958 1880 delibuta
1005 1839 1152 1893 [Prud.
1189 1840 1334 1894 psych.
1374 1842 1497 1896 312]‚
1545 1841 1743 1883 diabolus

405 1906 547 1961 [Paul.
593 1910 661 1957 19,
705 1908 834 1962 528],
885 1907 1126 1961 gelasianos
1172 1907 1338 1962 [Sidon.
1380 1909 1435 1950 ad
1467 1910 1588 1951 Cons.
1621 1912 1741 1965 301]‚

405 1974 602 2029 Geryone
644 1974 743 2030 [Sid.
779 1975 898 2026 XIII,
931 1976 1020 2030 13],
1062 1975 1346 2017 hecatomben
1388 1977 1534 2032 [Prud.
1566 1979 1659 2032 peri
1691 1982 1741 2020 st.

406 2046 469 2092 10,
503 2043 641 2097 1051],
672 2044 955 2097 margaritum
987 2043 1133 2098 [Prud.
1165 2044 1310 2099 psych.
1340 2049 1443 2098 8733
1476 2046 1526 2087 cf.
1550 2047 1667 2087 Arat.
1690 2047 1742 2098 II,

403 2112 526 2166 336],
556 2111 786 2153 matricida
817 2113 993 2167 [Auson.
1026 2112 1078 2154 de
1109 2117 1233 2154 mort.
1264 2113 1345 2155 XII
1377 2113 1494 2155 Caes.
1520 2118 1565 2167 63
1598 2114 1741 2156 Sidon.

404 2180 452 2230 V,
485 2181 606 2234 290],
643 2179 913 2222 Nabataeum
948 2181 1051 2235 [Sid.
1074 2181 1174 2222 ibid.
1199 2183 1319 2236 284],
1347 2182 1592 2236 parricidae
1622 2184 1741 2237 [Aus.

373 2251 570 2289 -tetrast
611 2247 664 2289 de
707 2248 825 2290 Caes.
869 2252 940 2300 21,
982 2249 1048 2304 2],
1100 2249 1406 2303 Pompiliorum
1460 2251 1605 2305 [Prud.
1647 2252 1741 2305 peri

403 2315 539 2369 steph.
572 2319 636 2366 10,
668 2318 792 2371 403],
833 2321 1077 2371 pupugerat
1111 2317 1257 2371 [Prud.
1289 2319 1382 2371 peri
1415 2319 1550 2372 steph.
1584 2324 1621 2370 9,
1654 2322 1740 2375 59],

402 2384 624 2425 redimitos
658 2385 720 2438 [P.
751 2385 896 2439 psych.
930 2387 1050 2440 687],
1082 2385 1339 2439 regifugium
1374 2387 1548 2441 [Auson.
1582 2388 1634 2429 de
1664 2388 1739 2429 fer.

403 2452 523 2493 Rom.
561 2454 648 2507 13],
693 2453 916 2494 sacrificiis
950 2454 1086 2508 [Paul.
1120 2457 1185 2505 36,
1220 2456 1311 2509 78],
1344 2455 1601 2510 syllogismis
1634 2456 1738 2510 [Sid.

402 2533 555 2574 paneg.
584 2521 779 2562 Anthem.
818 2523 932 2576 175],
973 2523 1337 2564 Tauromenitana
1371 2523 1475 2577 [Sid.
1508 2523 1563 2564 ad
1595 2524 1736 2578 Magn.

401 2588 528 2629 Felic.
566 2590 677 2643 163]

230 2660 295 2697 est
327 2657 470 2708 etiam,
501 2656 574 2697 ubi
609 2657 652 2697 in
685 2661 841 2710 quarta
873 2662 948 2699 aut
977 2659 1108 2700 tertia
1139 2673 1164 2700 a
1195 2659 1337 2712 capite
1368 2659 1610 2702 inveniatur
1640 2674 1738 2714 por-

229 2728 349 2766 recta
379 2724 540 2766 vocalis
569 2725 685 2766 velut
714 2726 758 2766 in
787 2725 894 2767 illis:

404 2793 617 2834 Araneola
666 2793 770 2847 [Sid.
808 2794 982 2847 epithal.
1020 2795 1064 2835 P.
1104 2799 1147 2836 et
1177 2796 1222 2836 A.
1260 2797 1380 2850 147],
1428 2796 1738 2850 Hippocratica

404 2860 550 2914 [Prud.
581 2861 675 2914 peri
705 2861 841 2915 steph.
881 2867 941 2913 10,
971 2864 1093 2917 498],
1129 2863 1406 2905 Pherecratio
1440 2864 1543 2918 [Sid.
1568 2878 1630 2919 ep.
1663 2865 1736 2916 IX,

406 2932 468 2980 13,
505 2931 591 2984 10]‚
623 2929 944 2971 Philimathiam
977 2931 1081 2985 [Sid.
1116 2945 1178 2988 ep.
1212 2932 1262 2981 ΙΙ,
1296 2936 1332 2982 8,
1365 2933 1422 2987 4].
