1898 3292
281 200 360 237 120
882 206 1001 230 LIBER
1020 205 1178 230 PRIMVS.

277 311 318 349 in
351 312 576 359 cupiditate
608 308 819 362 duplicavi
859 322 901 359 p,
934 312 982 348 ut
1004 307 1229 349 Lucretius
1260 308 1369 348 dixit
1400 312 1678 358 cuppedinem,
1710 322 1786 349 nec

278 391 362 419 non
394 377 540 418 addidi
571 376 676 418 illud
709 391 801 428 eqo,
843 375 958 429 quod
997 390 1127 430 quam
1169 376 1295 418 facile
1335 377 1526 430 potuerit
1564 376 1786 419 absorberi

278 460 382 487 voce
430 445 717 500 praecedente
764 459 888 486 nemo
934 459 1018 486 non
1065 445 1195 486 videt.
1268 445 1421 486 deinde
1467 460 1561 486 cum
1605 449 1787 487 testetur

278 514 442 555 Keilius
473 528 557 555 non
589 514 694 555 satis
727 518 937 563 constare,
972 517 1152 555 hilar-ula
1184 527 1238 555 an
1270 517 1490 555 hilarulum
1522 518 1689 556 constet
1720 529 1787 556 co-

279 583 373 624 dice
406 582 709 636 Neapolitano,
749 582 793 623 id
836 581 951 635 quod
991 596 1067 624 nos
1107 582 1328 636 posuimus
1360 583 1484 623 unice
1518 596 1610 624 esse
1641 597 1787 625 verum

279 651 538 693 necessitate
579 651 705 692 metri
748 651 969 692 evincitur.
1039 654 1267 704 praeterea
1309 651 1459 692 dubito
1501 665 1555 692 an
1595 667 1673 706 pro
1716 653 1788 694 illo

280 724 485 772 expavida
516 719 789 762 scribendum
822 720 878 761 sit
911 726 1095 770 experta.
1155 734 1254 760 nam
1286 719 1593 761 vocabulorum
1630 721 1789 763 interse

279 792 543 831 mutatorum
587 788 814 830 audaciam
857 792 957 842 apte
999 788 1277 829 defendemus
1318 792 1360 829 et
1403 789 1790 831 Alexandrinorum

281 857 541 899 auctoritate
570 861 613 899 et
634 857 715 898 hoc
736 872 862 898 versu
885 856 1042 899 Catulli
1081 856 1179 898 ‘non
1211 860 1359 898 itarme
1392 861 1471 898 clivi
1502 871 1599 898 vera
1628 866 1793 909 yemzmt

279 923 469 968 iverint’.
539 926 639 968 huic
684 925 841 967 similia
886 925 1087 966 licentiae
1136 925 1333 979 exempla
1379 926 1550 967 Horatii
1602 928 1792 969 enotavit

280 996 519 1037 Meinekius
553 994 705 1050 [praef.
738 1010 778 1048 p.
810 995 893 1049 37].
956 998 1145 1035 ceterum
1188 1008 1272 1036 non
1311 1009 1421 1036 unus
1459 998 1652 1036 veterum
1691 1010 1791 1050 poe-

280 1069 441 1115 tarum,
484 1078 666 1118 quorum
699 1066 848 1106 extant
877 1063 996 1113 libri,
1036 1063 1219 1105 Laevius
1254 1063 1463 1118 synaphia
1494 1064 1662 1105 iunctos
1694 1078 1791 1105 con-

281 1134 465 1174 tinuavit
500 1133 663 1174 ionicos
705 1147 730 1174 a
769 1133 943 1174 maiore.
1006 1133 1165 1186 quippe
1207 1146 1306 1173 vere
1338 1136 1443 1186 puto
1472 1146 1497 1173 a
1527 1132 1791 1175 Buechelero

280 1203 322 1242 in
365 1202 570 1255 Sexagesi
610 1201 822 1245 Varronis
871 1201 933 1242 illi
972 1201 1166 1255 aequalis
1208 1201 1474 1242 instauratos
1519 1201 1791 1243 decametros

280 1271 443 1312 ionicos
476 1285 501 1312 a
530 1270 684 1312 maiori
716 1269 1005 1321 catalecticos,
1038 1284 1145 1324 quos
1178 1273 1221 1312 et
1249 1270 1333 1324 ipsi
1363 1270 1462 1312 olim
1495 1269 1792 1325 discripsimus

282 1339 407 1394 [Non.
439 1343 536 1390 460,
571 1339 634 1394 7]:

489 1420 733 1464 nequeiquam
758 1419 940 1464 agipinnis
972 1421 1098 1453 anates
1123 1418 1331 1463 remipedes
1355 1417 1600 1454 bi'ixeirostrfs
1628 1420 1793 1465 pecudes

489 1476 686 1522 paludibus
711 1480 823 1511 noete
848 1476 953 1522 nigra
977 1476 1023 1511 ad
1048 1475 1186 1510 lumina
1210 1475 1389 1521 lampadis
1415 1479 1620 1521 sequentes.

282 1573 381 1599 nam
414 1561 457 1600 et
487 1561 639 1599 narrat
672 1557 918 1599 Victorinus
950 1557 1100 1612 [2537]
1141 1560 1326 1599 metrum
1365 1557 1471 1599 illud
1516 1561 1633 1600 stare
1665 1558 1794 1601 etiam

282 1641 360 1681 per
390 1641 436 1668 se
465 1627 682 1681 integrum
714 1640 809 1668 cum
840 1625 1062 1681 synaphia.

398 1695 546 1737 Tertia
586 1695 755 1737 accedit
802 1695 983 1749 stropha
1025 1694 1240 1749 glyconeis
1281 1694 1520 1748 composita
1559 1698 1602 1737 et
1640 1695 1792 1749 phere-

284 1764 456 1816 crateis,
488 1764 689 1818 qualibus
720 1779 824 1805 usus
856 1768 922 1805 est
943 1763 1135 1805 Catullus
1162 1763 1205 1804 in
1227 1763 1384 1818 hymno
1406 1764 1571 1806 Dianae
1592 1763 1793 1806 laudibus

285 1833 428 1874 dicato
462 1837 504 1875 et
532 1833 721 1875 carmine
749 1833 933 1887 nuptiali
964 1832 1109 1886 priore
1141 1832 1237 1887 [343
1272 1832 1356 1888 61].
1419 1846 1504 1886 qua
1543 1833 1586 1874 in
1618 1847 1663 1874 re
1696 1847 1794 1875 con-

283 1902 401 1943 venit
432 1902 470 1944 ei
502 1916 598 1943 cum
620 1901 781 1953 Ticida,
815 1915 867 1943 ex
898 1902 1019 1943 cuius
1049 1901 1285 1956 hymenaeo
1318 1900 1559 1943 afferuntur
1580 1901 1624 1943 hi
1646 1916 1793 1944 versus

284 1971 434 2026 [Prisc.
469 1971 592 2027 673]:

834 2027 923 2062 felix
946 2027 1082 2062 lectule
1106 2027 1242 2062 talibus

833 2085 911 2120 sole
935 2085 1132 2119 amoribus.

285 2169 476 2207 ceterum
508 2179 560 2207 ex
586 2164 671 2207 illis
703 2165 913 2219 poematis
949 2165 1069 2219 prius
1110 2166 1245 2207 ternis
1288 2165 1503 2219 glyconeis
1537 2179 1588 2206 ac
1616 2165 1795 2220 singulis

285 2234 580 2288 pherecrateis
619 2235 963 2288 compositumst,
1005 2233 1189 2275 alterum
1226 2237 1446 2275 ternorum
1490 2234 1794 2288 glyconeorum

285 2317 336 2344 ac
379 2303 643 2357 singulorum
686 2303 987 2358 glyconeorum
1026 2303 1494 2356 pherecrateorumque
1537 2305 1794 2358 systematis,

286 2372 400 2425 quod
435 2376 672 2426 praeeunte
705 2372 980 2413 Lachmanno
1010 2371 1175 2425 primus
1206 2375 1306 2425 apte
1339 2370 1535 2412 distinxit
1567 2372 1795 2426 Hauptius.

285 2455 383 2482 nam
425 2440 506 2481 nisi
546 2444 644 2494 post
682 2441 859 2481 tertium
902 2454 1115 2494 quemque
1158 2440 1408 2495 glyconeum
1451 2440 1492 2481 in
1526 2455 1574 2482 eo
1606 2440 1796 2482 finiveris

286 2512 453 2563 partem
486 2508 703 2563 strophae,
732 2523 817 2550 non
850 2508 1112 2550 constabunt
1131 2508 1249 2562 leges
1272 2509 1505 2563 synaphiae
1529 2510 1796 2552 severissime

285 2579 327 2619 in
371 2577 561 2619 numeris
604 2577 819 2632 glyconeis
860 2591 886 2618 a
925 2577 1094 2619 Catullo
1138 2581 1334 2619 servatae
1379 2578 1447 2632 [ut
1485 2592 1521 2619 V.
1559 2582 1657 2631 1543
1693 2582 1796 2630 1743

287 2647 399 2701 219]
461 2646 737 2687 Lachmanno
769 2649 914 2687 autem
945 2660 1099 2699 parum
1130 2645 1367 2699 prudenter
1398 2646 1587 2688 oblocuti
1621 2647 1795 2700 quidam

286 2729 370 2756 non
411 2715 592 2756 inveniri
632 2714 873 2768 exemplum
916 2714 1052 2755 simile
1091 2714 1386 2756 adfirmarunt.
1448 2715 1523 2757 sed
1552 2715 1621 2756 vix
1652 2719 1797 2769 potest

288 2783 478 2825 dubitari
509 2784 612 2837 quin
641 2783 695 2825 ab
720 2783 1108 2824 Alexandrinorum
1131 2787 1260 2837 poeta
1290 2798 1375 2824 uno
1399 2783 1589 2825 alterove
1610 2788 1794 2825 metrum

285 2851 392 2893 illud
421 2852 477 2893 sit
505 2852 706 2906 petitum,
749 2855 798 2893 ut
828 2852 1041 2901 omittam,
1074 2851 1189 2905 quod
1222 2853 1444 2893 Anacreon
1479 2852 1583 2893 satis
1614 2852 1795 2894 licenter

287 2921 587 2976 glyconeorum
629 2921 873 2976 systematis
914 2921 1226 2974 interposuisse
1267 2920 1437 2962 videtur
1477 2920 1794 2975 pherecrateos.
