1898 3292
782 242 901 267 mmm
920 241 1093 267 TERTIVS.
1607 232 1629 269 2
1637 232 1659 269 2
1666 233 1688 269 3

185 348 239 388 sit
269 347 409 388 aliena
441 360 466 386 a
505 346 661 386 litteris
692 345 874 393 Latinis,
918 348 1006 385 tres
1044 344 1261 396 legitimae
1304 347 1536 384 evenerunt
1575 343 1689 396 apud

184 416 398 456 Romanos
420 429 566 456 versus
598 413 757 454 herois-i
790 427 1007 462 caesurae,
1037 412 1186 465 quales
1217 411 1352 452 habes
1381 412 1529 451 metris
1552 412 1689 452 hisce:

412 506 512 527 arma
536 494 726 537 virumque
753 503 856 535 cano,
884 491 1015 525 Troiae
1042 492 1103 535 qui
1130 492 1268 535 primus
1295 491 1339 524 ab
1367 491 1449 523 oris.

413 551 538 585 oscula
561 550 691 585 libavit
716 553 833 583 natae.
883 549 1015 582 dehinc
1041 548 1129 582 talia
1154 548 1261 582 fatur.

412 607 602 641 infandum
628 607 755 651 regina
779 606 882 639 iubes
907 616 1083 639 renovare
1109 605 1284 638 dolorem.

298 676 513 729 Sequitur,
547 689 629 728 quo
663 675 843 728 quisque
874 674 917 714 in
949 677 1042 714 arte
1074 673 1205 714 fuerit
1235 673 1486 726 perfectior,
1518 687 1566 713 eo
1599 686 1690 713 sae-

184 746 280 799 pius
327 743 442 798 apud
485 744 616 784 talem
655 744 761 784 istas
803 743 966 796 species
1008 756 1155 782 versus
1199 741 1356 782 debere
1397 741 1588 781 inveniri.
1651 745 1693 781 et

185 813 357 866 quidem
409 812 521 853 solas
571 812 651 852 has
701 811 897 864 optinent
945 810 1135 864 Sulpicia
1186 809 1352 859 Caleni,
1400 809 1690 862 Symphosius,

183 881 413 931 Palladius,
440 881 640 926 Avianus,
672 879 970 929 Merobaudes,
1002 878 1220 928 Boethius,
1253 877 1481 930 Eugenius,
1519 876 1689 918 Sisebu-

181 954 251 990 tus
283 949 398 1004 [Mei.
430 948 550 1002 388],
589 951 818 1001 praeterea
854 947 977 988 multi
1009 947 1245 987 carminum
1278 946 1488 988 minorum
1523 949 1689 998 poetae,

184 1022 226 1059 et
247 1017 418 1071 quidem
442 1017 827 1057 diversissimorum
850 1021 1104 1068 temporum,
1126 1018 1174 1055 ut
1197 1018 1395 1055 auctores
1412 1014 1692 1067 Priapeorum

183 1090 312 1139 atque
343 1086 446 1126 item
479 1084 712 1138 elegiarum
747 1084 798 1124 de
832 1084 1093 1125 Maecenatis
1127 1083 1265 1136 deque
1298 1082 1453 1123 Maevii
1495 1082 1615 1123 obitu
1645 1096 1695 1122 ac

184 1155 235 1196 de
280 1153 514 1204 Phoenice,
561 1153 659 1194 dein
701 1153 774 1206 qui
818 1153 991 1206 scripsit
1030 1165 1202 1193 carmen
1245 1152 1313 1192 cui
1355 1150 1506 1191 titulus
1551 1149 1694 1191 ‘verba

183 1225 349 1263 Achillis
379 1225 421 1262 in
451 1225 729 1272 parthenona,
762 1235 850 1263 cum
881 1224 1013 1262 tubam
1045 1223 1250 1261 Diomedis
1283 1216 1486 1261 audisses
1535 1219 1693 1272 quique

183 1291 368 1331 alterum
410 1290 462 1331 de
501 1289 732 1330 concubitu
774 1289 926 1330 Martis
962 1293 1004 1330 et
1036 1289 1225 1330 Veneris.
1286 1302 1385 1328 nam
1426 1287 1541 1341 apud
1582 1287 1695 1328 hunc

184 1360 298 1414 [253,
333 1363 382 1400 51
416 1358 479 1399 ed.
512 1358 643 1412 Ries]
683 1357 909 1411 legendum
949 1361 1015 1398 hic
1046 1360 1219 1398 Martem
1255 1364 1445 1407 spectare
1487 1360 1606 1404 solel,
1648 1359 1695 1396 ut

184 1427 288 1468 alibi
329 1427 450 1482 [154]
492 1434 529 1467 te
564 1433 721 1477 spectat
763 1430 995 1467 lacrimans.
1058 1425 1214 1479 quibus
1255 1425 1440 1478 proximi
1484 1424 1693 1477 dignitate

183 1500 313 1548 atque
355 1495 437 1549 ipsi
480 1495 623 1535 eximii
668 1498 766 1535 sunt
806 1494 889 1545 illi,
936 1495 1009 1547 qui
1055 1493 1185 1534 semel
1230 1497 1304 1534 aut
1346 1493 1411 1534 bis
1453 1493 1694 1546 migrarunt

184 1564 335 1618 legem,
368 1577 550 1616 quorum
572 1563 907 1604 vetustissimum
930 1566 1151 1603 auctorem
1173 1562 1378 1603 Dirarum
1409 1561 1541 1602 fuisse
1574 1575 1694 1602 acce-

183 1633 336 1686 pimus,
366 1632 438 1685 qui
471 1635 625 1685 quater
649 1632 945 1673 severissimae
969 1631 1210 1684 elegantiae
1232 1630 1480 1671 firmitatem
1505 1630 1695 1671 deseruit

183 1702 278 1756 [663
310 1704 386 1752 843
419 1704 492 1752 573
527 1700 610 1754 78].
671 1704 763 1741 tum
796 1700 981 1753 scriptor
1013 1699 1213 1740 carminis
1247 1699 1299 1740 de
1332 1699 1497 1749 Pisone,
1533 1699 1694 1751 alioqui

184 1783 280 1810 cum
311 1769 492 1811 accedat
525 1769 609 1810 arti
638 1772 866 1822 poetarum
898 1768 1024 1809 modo
1069 1771 1520 1818 commemoratorum,
1562 1781 1692 1808 unum

181 1837 316 1879 habet
336 1851 506 1879 versum
530 1837 714 1878 alienum
748 1837 840 1892 [90]
884 1836 1086 1878 ‘Graecia
1115 1838 1418 1887 Cecrope'aeque
1448 1843 1566 1877 sonat
1595 1850 1693 1887 φά-

182 1910 241 1947 vz's
272 1910 452 1948 aemulus
491 1903 621 1947 urbi’.
683 1905 758 1946 sed
796 1919 875 1946 nec
917 1904 998 1946 hoc
1039 1919 1118 1946 sua
1160 1909 1257 1958 eget
1288 1904 1582 1954 excusatione,
1614 1918 1693 1945 nec

184 1974 299 2028 quod
320 1977 472 2015 auctor
493 1974 686 2015 laudium
708 1973 905 2015 Herculis
929 1974 1059 2015 etiam
1082 1973 1213 2015 semel
1243 1973 1417 2014 admisit
1453 1973 1539 2013 tale
1569 1973 1690 2027 [100]

176 2041 306 2084 ‘iuvat
342 2046 405 2083 ire
444 2050 482 2083 et
518 2045 648 2084 libera
678 2057 783 2083 rura
815 2047 1084 2093 defensosque
1115 2045 1255 2083 videre
1285 2039 1430 2083 locos'.
1491 2055 1588 2082 nam
1622 2055 1693 2081 ex-

183 2110 343 2164 pressit
384 2111 677 2164 Vergilianum
726 2111 836 2165 [aen.
868 2111 928 2161 II,
962 2114 1013 2151 27
1047 2110 1128 2165 sq]
1181 2109 1313 2151 ‘iuvat
1353 2115 1415 2150 ire
1462 2116 1500 2150 et
1540 2112 1693 2150 Dorica

183 2186 323 2220 castra
365 2183 627 2230 desertosque
667 2182 807 2221 videre
848 2177 994 2221 locos'.
1054 2180 1157 2220 item
1190 2179 1321 2220 semel
1351 2178 1592 2219 Martianus
1625 2178 1692 2232 [V,

183 2251 279 2299 425,
313 2248 355 2302 3]
400 2246 573 2289 ‘turbate'
605 2262 810 2298 expavere
842 2252 907 2289 dei
934 2252 1159 2299 vzclyusque
1193 2244 1430 2289 minorum'.
1490 2247 1577 2287 iam
1608 2245 1691 2286 Ne-

180 2306 396 2358 mesianus
426 2316 468 2356 in
498 2316 706 2357 bucolicis
738 2316 869 2357 semel
901 2320 1038 2373 artem
1069 2316 1271 2370 migravit
1300 2316 1363 2356 ita
1393 2315 1450 2370 [1,
1481 2315 1577 2369 52]:

454 2397 586 2439 pectus
613 2398 700 2429 erat.
749 2398 789 2429 tu
815 2396 1015 2430 ruricolum
1041 2396 1251 2430 discernere
1276 2395 1379 2438 lites;

181 2468 248 2504 ter
278 2466 430 2504 auctor
461 2463 749 2511 consolatonis
782 2464 837 2505 ad
868 2464 1050 2511 Liviam,
1093 2464 1159 2505 bis
1197 2463 1557 2517 hephthemimeri
1597 2477 1692 2504 cum

183 2531 502 2582 trithemimeri,
545 2532 675 2573 semel
714 2532 846 2573 tertia
887 2532 1110 2573 trochaica
1152 2531 1349 2573 adhibita
1391 2532 1444 2586 [V.
1478 2536 1550 2583 353
1587 2536 1691 2582 4493

182 2600 295 2654 307].
352 2603 395 2640 et
425 2599 680 2653 Calpurnius
712 2600 823 2641 hanc
853 2601 896 2641 in
928 2605 1092 2654 septem
1124 2600 1282 2654 eclogis
1305 2600 1435 2641 semel
1468 2600 1586 2640 bisve
1615 2599 1690 2640 ad-

182 2667 298 2709 misit
328 2668 384 2722 [2,
407 2671 479 2719 463
512 2672 548 2718 5,
573 2668 656 2722 61],
690 2668 821 2709 semel
853 2668 1111 2710 Octavianus
1147 2669 1281 2723 [142]
1333 2682 1431 2709 nam
1465 2667 1567 2708 alibi
1598 2667 1690 2721 [16]

180 2735 493 2777 restituendum
525 2736 641 2789 apud
673 2736 853 2777 eundem
900 2734 982 2778 ‘vel
1011 2744 1167 2778 tenuem
1197 2739 1409 2787 speclabat
1440 2750 1551 2786 opem
1583 2749 1692 2776 nunc

181 2807 304 2845 ditior
335 2802 436 2845 illis’
481 2818 566 2845 non
609 2802 912 2855 ‘expectabat’,
958 2806 1159 2858 quoniam
1200 2805 1361 2858 scripto
1406 2803 1518 2844 libro
1558 2803 1689 2844 habe-

180 2875 251 2913 tur
288 2872 394 2913 illud
434 2875 638 2923 peccabat.
702 2876 853 2913 contra
891 2873 1120 2926 Calpurnio
1163 2877 1205 2914 et
1247 2875 1391 2913 aetate
1431 2885 1608 2925 compar
1651 2876 1694 2912 et

181 2944 274 2981 arte
315 2941 553 2982 simillimus
595 2941 815 2982 bucolicus
848 2942 1145 2991 Einsidlensis,
1193 2941 1312 2982 cuius
1361 2943 1512 2981 extant
1541 2954 1694 2981 versus
