1898 3292
278 255 330 292 47
336 255 360 293 8
859 261 978 287 LIBER
997 261 1197 288 SEPTIMVS.

277 364 331 405 ad
354 364 591 405 Varronem
614 363 828 405 interdum
860 364 1059 405 dixerunt
1090 377 1243 414 speres,
1276 367 1475 414 xpm-ibus.
1526 364 1568 404 in
1592 365 1780 406 eiusdem

277 433 442 474 numeri
485 433 680 485 genetivo
721 432 974 486 plerumque
1007 446 1032 473 a
1062 432 1201 485 poetis
1233 432 1457 486 dactylicis
1489 434 1781 486 scaenicisque

278 501 478 556 synizesis
513 500 740 542 formidine
772 504 851 541 ium
883 501 1050 553 cogitur
1080 500 1122 540 in
1160 514 1237 549 um,
1278 499 1322 540 id
1360 500 1474 553 quod
1516 502 1780 554 potissimum

277 568 435 610 accidit
464 568 750 622 praecedente
781 576 823 609 nt
853 569 919 609 vel
951 576 990 608 r(
1019 571 1197 622 propter
1227 568 1538 621 proprietatem
1566 570 1780 625 quandam

278 645 291 678 t
330 637 523 687 litterae,
566 636 738 690 quando
780 637 975 690 sequitur
1013 640 1027 676 κ’
1066 636 1208 678 brevis
1252 650 1347 677 cum
1390 637 1537 678 vocali.
1599 638 1782 692 denique

277 706 522 747 accusativo
552 708 611 746 vis
647 719 726 759 pro
757 708 864 746 vires
896 705 1039 758 posuit
1070 705 1295 746 Lucretius
1325 704 1397 746 lib.
1431 705 1469 745 ΙΙ
1504 704 1637 762 [586],
1677 711 1781 761 puto

277 775 406 816 etiam
449 775 596 828 quinto
640 778 683 815 et
723 773 804 814 hoc
843 787 967 815 versu
1010 773 1157 829 [1031]
1202 772 1342 814 ‘sentit
1380 777 1481 814 enim
1519 778 1577 815 vis
1615 779 1783 826 quisque

275 858 373 884 suas
404 847 512 893 quod
548 845 679 893 possil
709 839 859 889 abuti’,
900 842 943 882 in
981 842 1136 895 quibus
1176 841 1427 882 traditumst
1458 843 1695 895 antiquitus
1725 848 1782 884 ve's

275 926 402 952 suam.
463 924 542 951 nec
571 914 716 951 tamen
746 910 845 951 hinc
876 910 1088 964 probatur
1117 910 1308 963 potuisse
1340 910 1482 952 dicere
1513 911 1706 952 Tacitum
1740 912 1782 952 in

277 979 447 1032 dialogo
494 978 546 1019 de
592 978 837 1019 oratoribus
883 977 972 1034 [26]
1019 978 1214 1031 genetivo
1262 989 1363 1018 casu
1406 977 1516 1029 ‘plus
1560 982 1618 1019 vis
1665 994 1780 1029 quam

275 1044 529 1098 scmgsmfms',
562 1060 657 1088 cum
685 1047 939 1100 praesertim
972 1050 1031 1087 νίς
1062 1045 1168 1087 illud
1201 1060 1328 1087 sensu
1360 1050 1518 1088 careat.

388 1123 478 1163 Iam
500 1121 542 1162 in
565 1124 723 1174 quarta
744 1121 1028 1162 declinatione
1057 1124 1120 1161 uis
1151 1134 1228 1175 pro
1254 1135 1302 1161 us
1332 1122 1517 1174 positum
1541 1135 1566 1162 a
1588 1122 1781 1162 Varrone

276 1195 317 1232 et
347 1190 518 1244 Nigidio
551 1204 645 1231 cum
677 1190 819 1231 firmet
850 1189 1012 1231 Gellius
1044 1189 1132 1244 [1V‚
1166 1193 1229 1240 16,
1265 1190 1319 1244 1],
1351 1189 1467 1243 apud
1497 1189 1610 1230 hunc
1641 1191 1682 1230 in
1715 1205 1781 1231 sa-

274 1259 383 1300 turis
411 1258 649 1312 Menippeis
681 1258 956 1299 inveniuntur
987 1257 1181 1313 [Meleag.
1209 1260 1252 1309 1,
1289 1257 1427 1299 Ρ1·0111.
1451 1257 1521 1298 lib.
1549 1262 1592 1309 1,
1625 1259 1780 1300 andab.

277 1328 320 1381 7]
355 1329 552 1378 ftucluis,
583 1329 755 1371 mannis,
785 1330 979 1377 partuis;
1010 1325 1084 1367 sed
1115 1325 1294 1379 perinde
1325 1340 1426 1367 num
1460 1325 1617 1367 dixerit
1650 1329 1782 1368 Auso-

275 1396 369 1436 nius
404 1394 585 1451 [parent.
617 1397 680 1445 16,
717 1393 754 1450 1]
789 1398 947 1443 nuruis,
982 1408 1066 1435 non
1099 1394 1205 1435 satis
1238 1397 1417 1435 constat.

389 1469 550 1511 Contra
590 1469 634 1509 in
676 1468 819 1510 dativo
860 1483 886 1509 u
929 1482 1007 1522 pro
1050 1472 1105 1517 ui,
1146 1469 1257 1509 sicut
1297 1467 1417 1509 libris
1461 1469 1779 1522 antiquissimis,

275 1539 404 1580 etiam
434 1541 628 1591 tempore
661 1538 839 1591 Augusti
873 1551 922 1579 ac
965 1537 1166 1591 deinceps
1207 1537 1421 1578 invenitur
1463 1537 1605 1591 [Verg.
1638 1552 1781 1592 georg.

274 1607 344 1657 IV,
380 1609 482 1658 1983
523 1619 614 1647 aen.
648 1607 678 1657 Ι,
712 1609 816 1658 257,
860 1606 984 1660 Prop.
1017 1606 1048 1657 Ι,
1083 1609 1148 1656 11,
1183 1608 1255 1657 12,
1288 1606 1341 1656 ΙΙ,
1378 1609 1412 1656 1,
1445 1609 1521 1658 66,
1559 1607 1603 1657 V,
1637 1611 1673 1658 6,
1707 1611 1781 1659 22,

274 1676 346 1726 ΙΙΙ,
379 1678 445 1725 23,
479 1678 524 1726 7,
557 1674 695 1715 Gratt.
730 1678 832 1726 304,
874 1674 946 1716 Sil.
980 1674 1049 1724 IV⁷
1085 1677 1156 1725 183
1190 1674 1237 1724 V,
1271 1677 1374 1725 372,
1415 1674 1572 1716 Auson.
1605 1676 1782 1729 ephem.⁷

273 1742 446 1797 parecb.
488 1743 570 1797 18].
631 1741 775 1784 dativo
813 1746 995 1795 quartae
1033 1755 1266 1795 numquam
1308 1756 1410 1783 usus
1454 1746 1519 1784 est
1565 1743 1781 1796 Horatiua

275 1811 390 1866 apud
421 1825 547 1865 quem
577 1811 689 1853 male
721 1811 897 1865 quidam
933 1812 1016 1866 [ep.
1050 1812 1081 1862 Ι,
1118 1814 1180 1861 10,
1216 1810 1285 1865 13]
1324 1815 1624 1862 ponendaeque
1655 1817 1780 1855 domo.

273 1881 317 1921 111
347 1884 390 1921 ui
426 1883 652 1922 exeuntem
690 1881 854 1934 primus
895 1880 1008 1921 inter
1048 1882 1198 1934 poetas
1241 1878 1440 1920 adhibuit
1473 1879 1667 1932 Ovidius⁷
1708 1882 1781 1934 qui

276 1948 533 2002 aliquotiens
572 1948 681 1989 dixit
712 1952 855 1990 domui.
918 1961 1017 1989 nam
1048 1948 1090 1988 in
1122 1947 1316 1989 versibus
1349 1948 1499 1989 comici
1531 1963 1557 1990 a
1588 1949 1781 1991 Charisio

275 2017 456 2058 servatis
487 2030 555 2071 pg.
589 2020 670 2059 252
704 2017 769 2058 vel
810 2016 916 2058 illud
956 2020 1090 2058 domui
1128 2029 1207 2069 pro
1249 2016 1444 2069 genetivo
1484 2009 1781 2070 accipiendum

276 2084 342 2141 [cf.
366 2085 489 2126 Neuii
513 2098 572 2138 gr.
594 2085 668 2126 lat.
692 2087 722 2137 Ι,
746 2085 846 2140 519]
877 2085 943 2126 vel
973 2085 1117 2139 potius
1150 2098 1245 2125 cum
1277 2083 1476 2125 Fabricio
1508 2085 1779 2127 scribendum

277 2157 427 2195 [lomus.
479 2167 577 2195 mox
599 2153 750 2196 Ovidio
771 2153 1058 2208 posteriorum
1079 2153 1196 2194 haud
1223 2153 1362 2206 pauci,
1395 2153 1508 2207 quod
1541 2157 1584 2194 et
1614 2154 1783 2208 integra

276 2222 414 2274 forma
454 2222 702 2276 displiceret
748 2226 791 2264 et
835 2226 1060 2274 truncata,
1106 2221 1354 2263 abstinuere
1400 2221 1545 2263 dativo
1587 2226 1780 2276 quartae.

276 2303 326 2331 ac
358 2290 538 2332 similem
569 2304 659 2332 rem
690 2291 732 2331 in
760 2291 910 2344 quinta
942 2290 1227 2331 declinatione
1253 2289 1482 2331 adnotabo.
1519 2316 1565 2319 —
1599 2290 1782 2345 denique

277 2358 467 2400 ablativo
508 2358 655 2400 dixere
687 2359 826 2400 Varro
866 2359 1026 2413 [prans.
1058 2372 1149 2412 par.
1182 2357 1222 2414 2]
1265 2362 1406 2407 lemme,
1438 2358 1662 2400 Lucretius
1695 2360 1781 2414 [H]

276 2429 382 2478 209,
411 2426 443 2477 Ι,
467 2427 566 2481 720]
601 2430 670 2468 diu
702 2431 744 2468 et
777 2432 908 2478 fretu,
941 2426 1115 2480 quidam
1149 2431 1279 2475 domu,
1311 2440 1439 2480 quam
1471 2428 1666 2480 agnoscit
1696 2427 1781 2468 for-

276 2508 390 2536 mam
421 2495 710 2545 Quintilianus
740 2496 790 2550 [L
824 2499 859 2546 6,
894 2495 948 2549 5]
1011 2498 1175 2537 certum
1217 2498 1363 2536 tamen
1400 2494 1516 2548 apud
1546 2494 1781 2549 dactylicos

275 2576 359 2604 non
390 2563 531 2605 inveni
570 2563 829 2617 exemplum,
873 2563 956 2604 nisi
999 2563 1114 2617 apud
1159 2567 1379 2605 auctorem
1419 2564 1575 2605 aetatis
1604 2564 1781 2605 ultimae

276 2631 509 2673 Luxorium
543 2631 655 2688 [325,
686 2633 742 2687 3].
804 2645 1064 2686 quamquam
1096 2632 1237 2685 potuit
1268 2631 1360 2673 fieri
1390 2631 1459 2673 1110
1496 2631 1594 2683 11110,
1635 2636 1683 2673 ut
1726 2632 1780 2673 ab

276 2700 660 2754 interpolatoribus
702 2700 938 2742 tolleretur.
1010 2714 1194 2754 namque
1241 2700 1348 2741 adeo
1395 2699 1508 2754 apud
1554 2700 1780 2741 Horatium

277 2772 468 2810 nostrum
502 2769 601 2810 olim
636 2769 972 2810 existimavimus
1004 2768 1293 2823 reponendum
1327 2768 1380 2822 [c.
1412 2768 1479 2819 IV,
1515 2772 1548 2817 1,
1581 2769 1647 2822 9]:

687 2860 940 2903 tempestivius
965 2860 1000 2893 in
1026 2859 1138 2893 domu

687 2916 804 2950 Paulli
829 2917 1025 2960 purpureis
1051 2917 1124 2950 ales
1150 2917 1311 2950 oloribus

689 2974 930 3008 comissabere
957 2973 1119 3007 Maximi.
