1898 3292
239 246 318 288 352
827 252 947 280 mmm
965 252 1155 285 QVARTVS.

239 362 453 410 veterum,
494 357 657 399 nullum
698 357 839 398 inveni
869 361 1044 411 praeter
1076 356 1294 398 Audacem
1327 355 1541 410 quendam
1571 356 1748 397 nimium

237 428 467 478 audacem,
506 428 575 468 cui
616 427 915 468 hexametrum
957 429 1120 481 septem
1161 425 1344 479 pedibus
1376 428 1645 466 constantem
1676 438 1748 466 ex—

238 496 463 551 probravit
494 496 759 549 Augustinus
803 494 1015 549 [Wernsd.
1047 497 1161 549 poet.
1195 494 1268 535 lat.
1294 494 1393 534 min.
1426 493 1496 544 IV,
1530 493 1642 547 514]
1704 496 1749 534 at

238 565 474 620 Vergilium
505 564 579 618 qui
612 563 888 606 crediderunt
921 577 1005 605 non
1038 567 1173 604 morte
1205 561 1484 617 prohibitum,
1517 561 1593 603 sed
1623 565 1671 602 ut
1701 574 1747 602 re

235 633 459 688 inopinata
500 633 706 686 novisque
741 631 909 673 facetiis
950 635 1148 686 captaret
1193 631 1358 672 animos
1397 630 1607 671 lectorum
1650 629 1748 671 reli-

238 703 381 756 quisse
411 702 454 742 in
478 702 664 743 Aeneide
687 715 834 743 versus
865 700 1153 755 imperfectos,
1185 714 1268 741 non
1301 703 1399 741 sunt
1432 699 1548 753 digni
1579 699 1652 752 qui
1683 712 1747 740 re—

236 771 454 812 fellantur.
505 785 603 812 nam
627 771 815 812 Senecae
837 769 971 811 iambi
994 769 1169 823 quidam
1191 783 1276 810 non
1297 768 1412 823 pleni
1436 768 1486 824 [T
1491 768 1624 823 hyest.
1646 771 1747 820 1003

237 839 394 881 Phoen.
419 842 520 890 3193
553 839 682 893 Hipp.
706 843 806 891 6053
839 838 994 880 Troad.
1020 839 1148 893 1103]
1180 839 1319 879 minus
1343 837 1536 879 oratione
1560 837 1749 890 graviter

237 911 452 949 commota
481 921 610 961 quam
641 907 841 949 scaenica
871 907 1047 949 licentia
1078 920 1268 949 evenere.

351 976 436 1018 Sed
467 980 516 1018 ut
545 977 768 1018 mittamus
800 976 996 1027 ridicula,
1027 977 1070 1016 in
1103 975 1360 1030 systematis,
1393 988 1504 1028 quae
1537 973 1749 1028 syn-aphia

235 1046 354 1099 iungi
397 1045 464 1087 vel
506 1045 665 1087 debent
705 1045 771 1087 vel
812 1047 1015 1099 possunt,
1063 1044 1256 1098 copulari
1298 1043 1494 1084 ultimam
1540 1042 1748 1097 syllabam

236 1115 363 1156 metri
410 1128 505 1156 cum
547 1114 759 1169 principio
801 1113 1068 1167 insequentis
1110 1117 1198 1154 tam
1246 1113 1318 1154 diu
1360 1112 1441 1153 fuit
1478 1114 1748 1166 permissum,

238 1183 374 1225 donec
399 1183 636 1238 synaphiae
658 1197 761 1224 usus
785 1183 982 1224 cessavit.
1031 1196 1165 1235 quare
1187 1181 1303 1223 nullo
1325 1185 1454 1235 pacto
1477 1182 1560 1222 erit
1580 1182 1747 1231 mirum,

237 1251 352 1305 quod
389 1255 432 1293 et
458 1252 502 1292 in
534 1251 756 1306 glyconiae
788 1251 992 1305 strophae
1021 1250 1104 1292 fine
1127 1249 1320 1292 Catullus
1358 1253 1401 1291 et
1435 1250 1477 1290 in
1514 1249 1747 1304 sapphicae

237 1335 333 1362 cum
365 1320 534 1362 Catullo
566 1320 774 1362 Horatius
820 1319 1088 1361 admiserunt
1130 1319 1366 1369 elisionem,
1407 1322 1455 1360 ut
1494 1322 1600 1372 puta
1639 1318 1748 1373 [Cat.

238 1393 303 1439 34,
334 1392 411 1441 223
447 1393 520 1441 113
553 1393 619 1440 61,
654 1392 756 1441 1373
789 1389 912 1442 23OJ1:

511 1482 639 1515 sancta
664 1481 812 1514 nomine
837 1479 1060 1524 Romulique

511 1537 694 1581 Ancique,
720 1541 761 1571 ut
786 1537 894 1571 solita
920 1549 968 1572 es.

511 1595 743 1639 saltuumque
772 1595 1048 1629 reconditorum

513 1653 746 1696 anlsslumque
774 1655 980 1686 sonantum.

511 1711 646 1745 diceris
670 1711 764 1744 male
792 1713 827 1744 te
854 1722 874 1744 a
897 1710 970 1743 tuis

510 1771 738 1812 unguentate
764 1767 911 1812 glabris,
936 1767 1077 1809 marite,

510 1826 707 1860 abstinere.

510 1894 660 1917 munere
687 1882 840 1917 adsiduo
866 1882 1047 1916 valentem

512 1944 684 1975 exercete
708 1941 904 1974 iuventam.

236 2024 279 2062 et
308 2034 438 2075 porro
473 2021 581 2076 [Cat.
617 2024 681 2072 11,
717 2025 790 2073 19;
823 2021 920 2075 22];

512 2112 651 2146 nullum
677 2124 801 2147 amans
826 2123 922 2155 vere,
949 2111 1013 2146 sed
1037 2111 1240 2145 identidem
1267 2110 1427 2144 omnium

511 2169 571 2203 ilia
600 2182 793 2215 rumpens3

511 2228 573 2270 qui
596 2227 693 2261 illius
719 2228 828 2272 culpa
854 2227 990 2262 cecidit
1014 2227 1112 2261 velut
1137 2227 1233 2271 prati

511 2284 630 2318 ultimi
657 2285 735 2319 fios.

237 2363 338 2405 item
373 2364 493 2418 [Hor.
525 2364 595 2416 IV,
629 2368 666 2416 2,
700 2365 795 2419 21]:

512 2455 625 2491 flebili
650 2467 805 2500 sponsae
831 2456 1044 2490 iuvenemve
1069 2459 1214 2500 raptum

514 2513 637 2557 plorat
662 2517 700 2547 et
724 2513 819 2547 vires
845 2514 1078 2557 animumque
1104 2524 1297 2556 moresque

512 2581 642 2604 aureos
670 2570 795 2605 educit
819 2571 855 2604 in
881 2573 979 2605 astra
1005 2571 1183 2615 nigroque

511 2626 650 2661 invidet
674 2626 783 2662 Orco.

353 2707 588 2749 Praeterea
618 2708 733 2762 apud
755 2708 985 2750 Horatium
1007 2712 1130 2750 extra
1153 2707 1406 2761 sapphicum
1428 2710 1614 2761 systema
1636 2706 1746 2748 eius-

238 2775 336 2817 dem
377 2776 576 2818 licentiae
617 2777 892 2819 inveniuntur
934 2777 1041 2819 haec
1088 2776 1173 2832 [IV,
1208 2780 1242 2826 l,
1276 2779 1349 2827 353
1390 2775 1450 2827 ΙΙ,
1484 2779 1520 2826 3,
1553 2779 1628 2827 273
1673 2774 1746 2825 III,

235 2848 301 2895 29,
331 2843 423 2900 35]:

511 2936 575 2959 cur
602 2925 759 2959 facunda
784 2936 915 2969 parum
939 2924 1076 2959 decoro

512 2982 606 3016 inter
632 2983 744 3016 verba
770 2982 869 3016 cadit
895 2981 1213 3026 lingua-silentio?
