<?xml version="1.0" encoding="UTF-8"?>
<!DOCTYPE html PUBLIC "-//W3C//DTD XHTML 1.0 Transitional//EN"
    "http://www.w3.org/TR/xhtml1/DTD/xhtml1-transitional.dtd">
<html xmlns="http://www.w3.org/1999/xhtml" xml:lang="en" lang="en">
 <head>
  <title>
</title>
<meta http-equiv="Content-Type" content="text/html;charset=utf-8" />
  <meta name='ocr-system' content='tesseract 3.04.00' />
  <meta name='ocr-capabilities' content='ocr_page ocr_carea ocr_par ocr_line ocrx_word'/>
</head>
<body>
  <div class='ocr_page' id='page_1' title='image "./deremetricapoeta00mluoft_0065.png"; bbox 0 0 1898 3292; ppageno 0'>
   <div class='ocr_carea' id='block_1_1' title="bbox 784 209 1676 246">
    <p class='ocr_par' dir='ltr' id='par_1_1' title="bbox 784 209 1676 246">
     <span class='ocr_line' id='line_1_1' title="bbox 784 209 1676 246; baseline 0.003 -7"><span class='ocrx_word' id='word_1_1' title='bbox 784 215 1061 240; x_wconf 82' lang='lat' dir='ltr'><strong>PROHOEMIVM.</strong></span> <span class='ocrx_word' id='word_1_2' title='bbox 1624 209 1647 246; x_wconf 87' lang='lat'>4</span> <span class='ocrx_word' id='word_1_3' title='bbox 1655 210 1676 246; x_wconf 83' lang='grc'>5</span> 
     </span>
    </p>
   </div>
   <div class='ocr_carea' id='block_1_2' title="bbox 164 317 1679 2977">
    <p class='ocr_par' dir='ltr' id='par_1_2' title="bbox 166 317 1679 919">
     <span class='ocr_line' id='line_1_2' title="bbox 168 317 1677 370; baseline 0 -11"><span class='ocrx_word' id='word_1_4' title='bbox 168 317 408 360; x_wconf 88' lang='lat' dir='ltr'>dolendum.</span> <span class='ocrx_word' id='word_1_5' title='bbox 471 318 626 359; x_wconf 83' lang='lat' dir='ltr'>etenim</span> <span class='ocrx_word' id='word_1_6' title='bbox 669 330 926 370; x_wconf 87' lang='lat' dir='ltr'>quamquam</span> <span class='ocrx_word' id='word_1_7' title='bbox 972 317 1075 357; x_wconf 88' lang='lat' dir='ltr'>mihi</span> <span class='ocrx_word' id='word_1_8' title='bbox 1106 321 1404 370; x_wconf 81' lang='lat' dir='ltr'>persuasumst</span> <span class='ocrx_word' id='word_1_9' title='bbox 1434 317 1552 359; x_wconf 91' lang='lat' dir='ltr'>illum</span> <span class='ocrx_word' id='word_1_10' title='bbox 1594 332 1677 359; x_wconf 90' lang='lat' dir='ltr'>non</span> 
     </span>
     <span class='ocr_line' id='line_1_3' title="bbox 169 385 1677 441; baseline 0 -13"><span class='ocrx_word' id='word_1_11' title='bbox 169 386 478 441; x_wconf 86' lang='lat' dir='ltr'>dactylicorum</span> <span class='ocrx_word' id='word_1_12' title='bbox 529 386 689 427; x_wconf 87' lang='lat' dir='ltr'>rectius</span> <span class='ocrx_word' id='word_1_13' title='bbox 735 399 863 438; x_wconf 89' lang='lat' dir='ltr'>quam</span> <span class='ocrx_word' id='word_1_14' title='bbox 916 385 1208 426; x_wconf 86' lang='lat' dir='ltr'>scaenicorum</span> <span class='ocrx_word' id='word_1_15' title='bbox 1257 386 1361 427; x_wconf 84' lang='lat' dir='ltr'>artis</span> <span class='ocrx_word' id='word_1_16' title='bbox 1406 388 1677 441; x_wconf 72' lang='lat' dir='ltr'>perspexisse</span> 
     </span>
     <span class='ocr_line' id='line_1_4' title="bbox 167 453 1677 508; baseline 0 -12"><span class='ocrx_word' id='word_1_17' title='bbox 167 455 376 506; x_wconf 83' lang='lat' dir='ltr'>rationes,</span> <span class='ocrx_word' id='word_1_18' title='bbox 408 469 491 495; x_wconf 89' lang='lat' dir='ltr'>non</span> <span class='ocrx_word' id='word_1_19' title='bbox 523 458 667 495; x_wconf 86' lang='lat' dir='ltr'>tamen</span> <span class='ocrx_word' id='word_1_20' title='bbox 701 453 852 495; x_wconf 84' lang='lat' dir='ltr'>dubito</span> <span class='ocrx_word' id='word_1_21' title='bbox 885 467 979 494; x_wconf 89' lang='lat' dir='ltr'>eum</span> <span class='ocrx_word' id='word_1_22' title='bbox 1014 453 1200 494; x_wconf 91' lang='lat' dir='ltr'>omnium</span> <span class='ocrx_word' id='word_1_23' title='bbox 1235 455 1307 507; x_wconf 88' lang='lat' dir='ltr'>qui</span> <span class='ocrx_word' id='word_1_24' title='bbox 1339 459 1563 508; x_wconf 86' lang='lat' dir='ltr'>poetarum</span> <span class='ocrx_word' id='word_1_25' title='bbox 1598 455 1677 496; x_wconf 92' lang='lat' dir='ltr'>La-</span> 
     </span>
     <span class='ocr_line' id='line_1_5' title="bbox 166 522 1679 577; baseline 0 -13"><span class='ocrx_word' id='word_1_26' title='bbox 166 524 352 565; x_wconf 85' lang='lat' dir='ltr'>tinorum</span> <span class='ocrx_word' id='word_1_27' title='bbox 393 523 516 564; x_wconf 86' lang='lat' dir='ltr'>libris</span> <span class='ocrx_word' id='word_1_28' title='bbox 556 526 769 564; x_wconf 85' lang='lat' dir='ltr'>navarunt</span> <span class='ocrx_word' id='word_1_29' title='bbox 810 536 984 575; x_wconf 89' lang='lat' dir='ltr'>operam</span> <span class='ocrx_word' id='word_1_30' title='bbox 1025 522 1167 563; x_wconf 88' lang='lat' dir='ltr'>dicere</span> <span class='ocrx_word' id='word_1_31' title='bbox 1199 522 1539 577; x_wconf 77' lang='grc' dir='ltr'><em>μετρικώτατον.</em></span> <span class='ocrx_word' id='word_1_32' title='bbox 1600 538 1679 565; x_wconf 81' lang='lat' dir='ltr'>nec</span> 
     </span>
     <span class='ocr_line' id='line_1_6' title="bbox 167 589 1677 645; baseline 0.001 -13"><span class='ocrx_word' id='word_1_33' title='bbox 167 593 277 632; x_wconf 87' lang='lat' dir='ltr'>enim</span> <span class='ocrx_word' id='word_1_34' title='bbox 310 595 477 633; x_wconf 88' lang='lat' dir='ltr'>tantum</span> <span class='ocrx_word' id='word_1_35' title='bbox 509 590 710 632; x_wconf 82' lang='lat' dir='ltr'>laudibus</span> <span class='ocrx_word' id='word_1_36' title='bbox 743 591 834 632; x_wconf 91' lang='lat' dir='ltr'>eius</span> <span class='ocrx_word' id='word_1_37' title='bbox 866 590 1100 631; x_wconf 88' lang='lat' dir='ltr'>detrahunt</span> <span class='ocrx_word' id='word_1_38' title='bbox 1132 589 1242 632; x_wconf 85' lang='lat' dir='ltr'>falsa</span> <span class='ocrx_word' id='word_1_39' title='bbox 1263 591 1436 644; x_wconf 83' lang='lat' dir='ltr'>placita,</span> <span class='ocrx_word' id='word_1_40' title='bbox 1470 596 1677 645; x_wconf 90' lang='lat' dir='ltr'>quantum</span> 
     </span>
     <span class='ocr_line' id='line_1_7' title="bbox 167 659 1677 712; baseline 0.001 -11"><span class='ocrx_word' id='word_1_41' title='bbox 167 660 332 702; x_wconf 87' lang='lat' dir='ltr'>addunt</span> <span class='ocrx_word' id='word_1_42' title='bbox 373 660 603 701; x_wconf 78' lang='lat' dir='ltr'>observata</span> <span class='ocrx_word' id='word_1_43' title='bbox 647 663 778 703; x_wconf 81' lang='lat' dir='ltr'>recta.</span> <span class='ocrx_word' id='word_1_44' title='bbox 842 659 944 712; x_wconf 87' lang='lat' dir='ltr'>quid</span> <span class='ocrx_word' id='word_1_45' title='bbox 979 659 1093 712; x_wconf 89' lang='lat' dir='ltr'>quod</span> <span class='ocrx_word' id='word_1_46' title='bbox 1136 663 1200 700; x_wconf 90' lang='lat' dir='ltr'>est</span> <span class='ocrx_word' id='word_1_47' title='bbox 1243 660 1527 702; x_wconf 82' lang='lat' dir='ltr'>certissimum</span> <span class='ocrx_word' id='word_1_48' title='bbox 1562 661 1677 702; x_wconf 87' lang='lat' dir='ltr'>haud</span> 
     </span>
     <span class='ocr_line' id='line_1_8' title="bbox 166 728 1676 782; baseline 0 -12"><span class='ocrx_word' id='word_1_49' title='bbox 166 743 328 782; x_wconf 88' lang='lat' dir='ltr'>paucas</span> <span class='ocrx_word' id='word_1_50' title='bbox 373 743 468 770; x_wconf 91' lang='lat' dir='ltr'>eum</span> <span class='ocrx_word' id='word_1_51' title='bbox 515 728 719 769; x_wconf 85' lang='lat' dir='ltr'>habuisse</span> <span class='ocrx_word' id='word_1_52' title='bbox 760 731 1011 781; x_wconf 88' lang='lat' dir='ltr'>perspectas</span> <span class='ocrx_word' id='word_1_53' title='bbox 1054 728 1243 781; x_wconf 80' lang='lat' dir='ltr'>regulas,</span> <span class='ocrx_word' id='word_1_54' title='bbox 1292 742 1473 781; x_wconf 87' lang='lat' dir='ltr'>quarum</span> <span class='ocrx_word' id='word_1_55' title='bbox 1516 730 1676 771; x_wconf 87' lang='lat' dir='ltr'>nullam</span> 
     </span>
     <span class='ocr_line' id='line_1_9' title="bbox 166 797 1677 850; baseline 0.001 -12"><span class='ocrx_word' id='word_1_56' title='bbox 166 798 325 838; x_wconf 79' lang='lat' dir='ltr'>diserte</span> <span class='ocrx_word' id='word_1_57' title='bbox 368 797 514 838; x_wconf 92' lang='lat' dir='ltr'>iniecit</span> <span class='ocrx_word' id='word_1_58' title='bbox 553 797 813 837; x_wconf 88' lang='lat' dir='ltr'>mentionem</span> <span class='ocrx_word' id='word_1_59' title='bbox 858 800 899 837; x_wconf 87' lang='lat' dir='ltr'>et</span> <span class='ocrx_word' id='word_1_60' title='bbox 939 810 1049 850; x_wconf 87' lang='lat' dir='ltr'>quae</span> <span class='ocrx_word' id='word_1_61' title='bbox 1093 797 1214 837; x_wconf 86' lang='lat' dir='ltr'>annis</span> <span class='ocrx_word' id='word_1_62' title='bbox 1255 801 1354 850; x_wconf 86' lang='lat' dir='ltr'>post</span> <span class='ocrx_word' id='word_1_63' title='bbox 1387 797 1451 839; x_wconf 78' lang='lat' dir='ltr'>CC</span> <span class='ocrx_word' id='word_1_64' title='bbox 1483 812 1577 839; x_wconf 90' lang='lat' dir='ltr'>cum</span> <span class='ocrx_word' id='word_1_65' title='bbox 1616 799 1677 839; x_wconf 91' lang='lat' dir='ltr'>in-</span> 
     </span>
     <span class='ocr_line' id='line_1_10' title="bbox 167 864 1566 919; baseline 0.001 -13"><span class='ocrx_word' id='word_1_66' title='bbox 167 866 274 918; x_wconf 76' lang='lat' dir='ltr'>signi</span> <span class='ocrx_word' id='word_1_67' title='bbox 306 866 434 906; x_wconf 88' lang='lat' dir='ltr'>laude</span> <span class='ocrx_word' id='word_1_68' title='bbox 467 865 590 919; x_wconf 80' lang='lat' dir='ltr'>quasi</span> <span class='ocrx_word' id='word_1_69' title='bbox 622 879 756 906; x_wconf 88' lang='lat' dir='ltr'>novae</span> <span class='ocrx_word' id='word_1_70' title='bbox 790 865 851 905; x_wconf 88' lang='lat' dir='ltr'>rei</span> <span class='ocrx_word' id='word_1_71' title='bbox 885 869 926 906; x_wconf 91' lang='lat' dir='ltr'>et</span> <span class='ocrx_word' id='word_1_72' title='bbox 956 864 1178 906; x_wconf 75' lang='lat' dir='ltr'>inauditae</span> <span class='ocrx_word' id='word_1_73' title='bbox 1211 870 1309 906; x_wconf 85' lang='lat' dir='ltr'>sunt</span> <span class='ocrx_word' id='word_1_74' title='bbox 1339 866 1566 919; x_wconf 74' lang='lat' dir='ltr'>prolatae?</span> 
     </span>
    </p>

    <p class='ocr_par' dir='ltr' id='par_1_3' title="bbox 164 933 1678 1400">
     <span class='ocr_line' id='line_1_11' title="bbox 281 933 1677 976; baseline 0.001 -1"><span class='ocrx_word' id='word_1_75' title='bbox 281 934 373 975; x_wconf 91' lang='lat' dir='ltr'>Non</span> <span class='ocrx_word' id='word_1_76' title='bbox 391 934 452 975; x_wconf 92' lang='lat' dir='ltr'>ita</span> <span class='ocrx_word' id='word_1_77' title='bbox 469 934 604 975; x_wconf 87' lang='lat' dir='ltr'>multa</span> <span class='ocrx_word' id='word_1_78' title='bbox 622 933 723 974; x_wconf 87' lang='lat' dir='ltr'>mihi</span> <span class='ocrx_word' id='word_1_79' title='bbox 746 933 1086 974; x_wconf 77' lang='lat' dir='ltr'>subministravit</span> <span class='ocrx_word' id='word_1_80' title='bbox 1110 934 1356 975; x_wconf 87' lang='lat' dir='ltr'>notissimus</span> <span class='ocrx_word' id='word_1_81' title='bbox 1374 935 1677 976; x_wconf 74' lang='lat' dir='ltr'>in&#39;l‘erentiani</span> 
     </span>
     <span class='ocr_line' id='line_1_12' title="bbox 165 1002 1678 1056; baseline 0.001 -12"><span class='ocrx_word' id='word_1_82' title='bbox 165 1003 321 1044; x_wconf 85' lang='lat' dir='ltr'>librum</span> <span class='ocrx_word' id='word_1_83' title='bbox 352 1003 684 1044; x_wconf 84' lang='lat' dir='ltr'>commentarius</span> <span class='ocrx_word' id='word_1_84' title='bbox 707 1002 911 1052; x_wconf 82' lang='lat' dir='ltr'>Santenii‚</span> <span class='ocrx_word' id='word_1_85' title='bbox 945 1003 1017 1055; x_wconf 89' lang='lat' dir='ltr'>qui</span> <span class='ocrx_word' id='word_1_86' title='bbox 1049 1016 1309 1056; x_wconf 81' lang='lat' dir='ltr'>quamquain</span> <span class='ocrx_word' id='word_1_87' title='bbox 1346 1017 1370 1044; x_wconf 91' lang='lat' dir='ltr'>a</span> <span class='ocrx_word' id='word_1_88' title='bbox 1404 1004 1678 1045; x_wconf 88' lang='lat' dir='ltr'>Lachmanno</span> 
     </span>
     <span class='ocr_line' id='line_1_13' title="bbox 164 1071 1677 1127; baseline 0.001 -15"><span class='ocrx_word' id='word_1_89' title='bbox 164 1071 310 1126; x_wconf 89' lang='lat' dir='ltr'>paullo</span> <span class='ocrx_word' id='word_1_90' title='bbox 332 1071 530 1113; x_wconf 83' lang='lat' dir='ltr'>acerbius</span> <span class='ocrx_word' id='word_1_91' title='bbox 560 1075 625 1112; x_wconf 87' lang='lat' dir='ltr'>est</span> <span class='ocrx_word' id='word_1_92' title='bbox 654 1075 854 1125; x_wconf 84' lang='lat' dir='ltr'>arreptus</span> <span class='ocrx_word' id='word_1_93' title='bbox 887 1071 1038 1126; x_wconf 87' lang='lat' dir='ltr'>[praef.</span> <span class='ocrx_word' id='word_1_94' title='bbox 1063 1072 1104 1112; x_wconf 90' lang='lat' dir='ltr'>in</span> <span class='ocrx_word' id='word_1_95' title='bbox 1128 1072 1220 1112; x_wconf 85' lang='lat' dir='ltr'>Ter.</span> <span class='ocrx_word' id='word_1_96' title='bbox 1245 1086 1283 1125; x_wconf 90' lang='lat' dir='ltr'>p.</span> <span class='ocrx_word' id='word_1_97' title='bbox 1311 1075 1384 1124; x_wconf 82' lang='lat'>183</span> <span class='ocrx_word' id='word_1_98' title='bbox 1412 1073 1500 1127; x_wconf 78' lang='lat'>19],</span> <span class='ocrx_word' id='word_1_99' title='bbox 1532 1077 1677 1114; x_wconf 89' lang='lat' dir='ltr'>tamen</span> 
     </span>
     <span class='ocr_line' id='line_1_14' title="bbox 166 1139 1677 1195; baseline 0.001 -14"><span class='ocrx_word' id='word_1_100' title='bbox 166 1154 191 1181; x_wconf 90' lang='lat' dir='ltr'>a</span> <span class='ocrx_word' id='word_1_101' title='bbox 221 1140 416 1195; x_wconf 83' lang='lat' dir='ltr'>perfecto</span> <span class='ocrx_word' id='word_1_102' title='bbox 459 1144 574 1181; x_wconf 90' lang='lat' dir='ltr'>certe</span> <span class='ocrx_word' id='word_1_103' title='bbox 615 1140 846 1193; x_wconf 89' lang='lat' dir='ltr'>plurimum</span> <span class='ocrx_word' id='word_1_104' title='bbox 889 1139 1013 1181; x_wconf 85' lang='lat' dir='ltr'>abest</span> <span class='ocrx_word' id='word_1_105' title='bbox 1052 1140 1242 1181; x_wconf 79' lang='lat' dir='ltr'>metrice.</span> <span class='ocrx_word' id='word_1_106' title='bbox 1303 1154 1401 1181; x_wconf 86' lang='lat' dir='ltr'>nam</span> <span class='ocrx_word' id='word_1_107' title='bbox 1436 1144 1478 1182; x_wconf 93' lang='lat' dir='ltr'>et</span> <span class='ocrx_word' id='word_1_108' title='bbox 1508 1142 1677 1183; x_wconf 87' lang='lat' dir='ltr'>inutilia</span> 
     </span>
     <span class='ocr_line' id='line_1_15' title="bbox 165 1208 1677 1264; baseline 0.001 -14"><span class='ocrx_word' id='word_1_109' title='bbox 165 1209 346 1264; x_wconf 90' lang='lat' dir='ltr'>praebet</span> <span class='ocrx_word' id='word_1_110' title='bbox 390 1208 505 1249; x_wconf 87' lang='lat' dir='ltr'>haud</span> <span class='ocrx_word' id='word_1_111' title='bbox 544 1222 685 1262; x_wconf 87' lang='lat' dir='ltr'>pauca</span> <span class='ocrx_word' id='word_1_112' title='bbox 719 1212 760 1249; x_wconf 91' lang='lat' dir='ltr'>et</span> <span class='ocrx_word' id='word_1_113' title='bbox 791 1208 990 1262; x_wconf 88' lang='lat' dir='ltr'>plurima,</span> <span class='ocrx_word' id='word_1_114' title='bbox 1022 1209 1063 1249; x_wconf 91' lang='lat' dir='ltr'>in</span> <span class='ocrx_word' id='word_1_115' title='bbox 1096 1223 1205 1262; x_wconf 87' lang='lat' dir='ltr'>quae</span> <span class='ocrx_word' id='word_1_116' title='bbox 1237 1213 1285 1250; x_wconf 92' lang='lat' dir='ltr'>ut</span> <span class='ocrx_word' id='word_1_117' title='bbox 1314 1210 1552 1263; x_wconf 84' lang='lat' dir='ltr'>inquireret</span> <span class='ocrx_word' id='word_1_118' title='bbox 1584 1211 1677 1264; x_wconf 86' lang='lat' dir='ltr'>ipsa</span> 
     </span>
     <span class='ocr_line' id='line_1_16' title="bbox 166 1276 1676 1332; baseline 0.001 -13"><span class='ocrx_word' id='word_1_119' title='bbox 166 1278 413 1319; x_wconf 86' lang='lat' dir='ltr'>Terentiani</span> <span class='ocrx_word' id='word_1_120' title='bbox 464 1276 597 1318; x_wconf 86' lang='lat' dir='ltr'>verba</span> <span class='ocrx_word' id='word_1_121' title='bbox 648 1277 869 1318; x_wconf 85' lang='lat' dir='ltr'>stimulare</span> <span class='ocrx_word' id='word_1_122' title='bbox 916 1291 1011 1318; x_wconf 89' lang='lat' dir='ltr'>eum</span> <span class='ocrx_word' id='word_1_123' title='bbox 1060 1277 1297 1328; x_wconf 84' lang='lat' dir='ltr'>debebant,</span> <span class='ocrx_word' id='word_1_124' title='bbox 1349 1278 1512 1319; x_wconf 86' lang='lat' dir='ltr'>frustra</span> <span class='ocrx_word' id='word_1_125' title='bbox 1562 1279 1676 1332; x_wconf 87' lang='lat' dir='ltr'>apud</span> 
     </span>
     <span class='ocr_line' id='line_1_17' title="bbox 165 1346 628 1400; baseline -0.004 -12"><span class='ocrx_word' id='word_1_126' title='bbox 165 1347 346 1388; x_wconf 89' lang='lat' dir='ltr'>eundem</span> <span class='ocrx_word' id='word_1_127' title='bbox 380 1346 628 1400; x_wconf 86' lang='lat' dir='ltr'>quaesieris.</span> 
     </span>
    </p>

    <p class='ocr_par' dir='ltr' id='par_1_4' title="bbox 165 1413 1677 1950">
     <span class='ocr_line' id='line_1_18' title="bbox 281 1413 1676 1466; baseline 0 -10"><span class='ocrx_word' id='word_1_128' title='bbox 281 1415 463 1456; x_wconf 88' lang='lat' dir='ltr'>Bentleii</span> <span class='ocrx_word' id='word_1_129' title='bbox 487 1415 678 1456; x_wconf 87' lang='lat' dir='ltr'>rationes</span> <span class='ocrx_word' id='word_1_130' title='bbox 702 1414 792 1455; x_wconf 89' lang='lat' dir='ltr'>fere</span> <span class='ocrx_word' id='word_1_131' title='bbox 815 1418 988 1456; x_wconf 89' lang='lat' dir='ltr'>secutus</span> <span class='ocrx_word' id='word_1_132' title='bbox 1011 1417 1076 1456; x_wconf 91' lang='lat' dir='ltr'>est</span> <span class='ocrx_word' id='word_1_133' title='bbox 1099 1413 1372 1456; x_wconf 87' lang='lat' dir='ltr'>Godofredus</span> <span class='ocrx_word' id='word_1_134' title='bbox 1392 1415 1676 1466; x_wconf 76' lang='lat' dir='ltr'>Hermannus,</span> 
     </span>
     <span class='ocr_line' id='line_1_19' title="bbox 167 1483 1677 1538; baseline 0 -13"><span class='ocrx_word' id='word_1_135' title='bbox 167 1484 219 1525; x_wconf 81' lang='lat' dir='ltr'>de</span> <span class='ocrx_word' id='word_1_136' title='bbox 253 1484 373 1525; x_wconf 90' lang='lat' dir='ltr'>cuius</span> <span class='ocrx_word' id='word_1_137' title='bbox 404 1484 568 1524; x_wconf 85' lang='lat' dir='ltr'>meritis</span> <span class='ocrx_word' id='word_1_138' title='bbox 599 1483 742 1524; x_wconf 83' lang='lat' dir='ltr'>dicere</span> <span class='ocrx_word' id='word_1_139' title='bbox 775 1487 1142 1537; x_wconf 82' lang='lat' dir='ltr'>supervacuumst,</span> <span class='ocrx_word' id='word_1_140' title='bbox 1173 1483 1254 1524; x_wconf 88' lang='lat' dir='ltr'>nisi</span> <span class='ocrx_word' id='word_1_141' title='bbox 1287 1483 1401 1537; x_wconf 87' lang='lat' dir='ltr'>quod</span> <span class='ocrx_word' id='word_1_142' title='bbox 1434 1498 1484 1525; x_wconf 82' lang='lat' dir='ltr'>ea</span> <span class='ocrx_word' id='word_1_143' title='bbox 1505 1484 1600 1538; x_wconf 87' lang='lat' dir='ltr'>ipsa</span> <span class='ocrx_word' id='word_1_144' title='bbox 1623 1485 1677 1525; x_wconf 88' lang='lat' dir='ltr'>ad</span> 
     </span>
     <span class='ocr_line' id='line_1_20' title="bbox 166 1552 1677 1606; baseline 0 -12"><span class='ocrx_word' id='word_1_145' title='bbox 166 1552 458 1594; x_wconf 84' lang='lat' dir='ltr'>scaenicorum</span> <span class='ocrx_word' id='word_1_146' title='bbox 483 1552 618 1605; x_wconf 85' lang='lat' dir='ltr'>magis</span> <span class='ocrx_word' id='word_1_147' title='bbox 637 1566 766 1605; x_wconf 90' lang='lat' dir='ltr'>quam</span> <span class='ocrx_word' id='word_1_148' title='bbox 788 1552 1098 1606; x_wconf 82' lang='lat' dir='ltr'>dactylicorum</span> <span class='ocrx_word' id='word_1_149' title='bbox 1117 1553 1334 1606; x_wconf 86' lang='lat' dir='ltr'>pertinent</span> <span class='ocrx_word' id='word_1_150' title='bbox 1351 1566 1494 1606; x_wconf 89' lang='lat' dir='ltr'>opera.</span> <span class='ocrx_word' id='word_1_151' title='bbox 1529 1567 1677 1606; x_wconf 87' lang='lat' dir='ltr'>quam-</span> 
     </span>
     <span class='ocr_line' id='line_1_21' title="bbox 167 1620 1676 1675; baseline 0.001 -13"><span class='ocrx_word' id='word_1_152' title='bbox 167 1636 293 1675; x_wconf 89' lang='lat' dir='ltr'>quam</span> <span class='ocrx_word' id='word_1_153' title='bbox 327 1621 463 1662; x_wconf 87' lang='lat' dir='ltr'>virum</span> <span class='ocrx_word' id='word_1_154' title='bbox 493 1624 581 1662; x_wconf 90' lang='lat' dir='ltr'>tam</span> <span class='ocrx_word' id='word_1_155' title='bbox 613 1620 840 1662; x_wconf 84' lang='lat' dir='ltr'>excellenti</span> <span class='ocrx_word' id='word_1_156' title='bbox 871 1621 1042 1674; x_wconf 81' lang='lat' dir='ltr'>ingenio</span> <span class='ocrx_word' id='word_1_157' title='bbox 1065 1620 1309 1674; x_wconf 88' lang='lat' dir='ltr'>praeditum</span> <span class='ocrx_word' id='word_1_158' title='bbox 1343 1622 1408 1662; x_wconf 90' lang='lat' dir='ltr'>vel</span> <span class='ocrx_word' id='word_1_159' title='bbox 1441 1621 1502 1662; x_wconf 91' lang='lat' dir='ltr'>eis</span> <span class='ocrx_word' id='word_1_160' title='bbox 1534 1621 1676 1672; x_wconf 80' lang='lat' dir='ltr'>rebus,</span> 
     </span>
     <span class='ocr_line' id='line_1_22' title="bbox 166 1689 1675 1744; baseline 0 -13"><span class='ocrx_word' id='word_1_161' title='bbox 166 1704 273 1744; x_wconf 87' lang='lat' dir='ltr'>quas</span> <span class='ocrx_word' id='word_1_162' title='bbox 314 1689 588 1730; x_wconf 87' lang='lat' dir='ltr'>mediocriter</span> <span class='ocrx_word' id='word_1_163' title='bbox 630 1689 882 1742; x_wconf 76' lang='lat' dir='ltr'>attingeret,</span> <span class='ocrx_word' id='word_1_164' title='bbox 929 1703 1004 1730; x_wconf 92' lang='lat' dir='ltr'>seu</span> <span class='ocrx_word' id='word_1_165' title='bbox 1052 1689 1163 1730; x_wconf 86' lang='lat' dir='ltr'>veris</span> <span class='ocrx_word' id='word_1_166' title='bbox 1203 1689 1444 1731; x_wconf 85' lang='lat' dir='ltr'>rationibus</span> <span class='ocrx_word' id='word_1_167' title='bbox 1485 1694 1675 1731; x_wconf 89' lang='lat' dir='ltr'>utentem</span> 
     </span>
     <span class='ocr_line' id='line_1_23' title="bbox 165 1756 1676 1812; baseline -0.001 -12"><span class='ocrx_word' id='word_1_168' title='bbox 165 1759 252 1800; x_wconf 89' lang='lat' dir='ltr'>sive</span> <span class='ocrx_word' id='word_1_169' title='bbox 280 1758 399 1799; x_wconf 86' lang='lat' dir='ltr'>falsis</span> <span class='ocrx_word' id='word_1_170' title='bbox 432 1757 595 1811; x_wconf 88' lang='lat' dir='ltr'>aliquid</span> <span class='ocrx_word' id='word_1_171' title='bbox 628 1757 798 1798; x_wconf 90' lang='lat' dir='ltr'>luminis</span> <span class='ocrx_word' id='word_1_172' title='bbox 831 1756 1053 1799; x_wconf 86' lang='lat' dir='ltr'>affundere</span> <span class='ocrx_word' id='word_1_173' title='bbox 1087 1771 1168 1812; x_wconf 88' lang='lat' dir='ltr'>par</span> <span class='ocrx_word' id='word_1_174' title='bbox 1200 1757 1291 1799; x_wconf 87' lang='lat' dir='ltr'>fuit.</span> <span class='ocrx_word' id='word_1_175' title='bbox 1351 1758 1463 1799; x_wconf 88' lang='lat' dir='ltr'>unde</span> <span class='ocrx_word' id='word_1_176' title='bbox 1495 1758 1676 1800; x_wconf 87' lang='lat' dir='ltr'>Bentleii</span> 
     </span>
     <span class='ocr_line' id='line_1_24' title="bbox 166 1825 1677 1881; baseline -0.001 -12"><span class='ocrx_word' id='word_1_177' title='bbox 166 1827 486 1880; x_wconf 88' lang='lat' dir='ltr'>Hermannique</span> <span class='ocrx_word' id='word_1_178' title='bbox 527 1826 579 1868; x_wconf 90' lang='lat' dir='ltr'>de</span> <span class='ocrx_word' id='word_1_179' title='bbox 622 1825 842 1868; x_wconf 88' lang='lat' dir='ltr'>erroribus</span> <span class='ocrx_word' id='word_1_180' title='bbox 882 1826 1097 1867; x_wconf 91' lang='lat' dir='ltr'>interdum</span> <span class='ocrx_word' id='word_1_181' title='bbox 1138 1826 1234 1880; x_wconf 87' lang='lat' dir='ltr'>plus</span> <span class='ocrx_word' id='word_1_182' title='bbox 1278 1827 1489 1868; x_wconf 87' lang='lat' dir='ltr'>commodi</span> <span class='ocrx_word' id='word_1_183' title='bbox 1531 1827 1677 1881; x_wconf 83' lang='lat' dir='ltr'>capias</span> 
     </span>
     <span class='ocr_line' id='line_1_25' title="bbox 166 1894 1072 1950; baseline -0.001 -13"><span class='ocrx_word' id='word_1_184' title='bbox 166 1910 295 1950; x_wconf 89' lang='lat' dir='ltr'>quam</span> <span class='ocrx_word' id='word_1_185' title='bbox 327 1895 507 1937; x_wconf 91' lang='lat' dir='ltr'>aliorum</span> <span class='ocrx_word' id='word_1_186' title='bbox 540 1894 779 1936; x_wconf 84' lang='lat' dir='ltr'>observatis</span> <span class='ocrx_word' id='word_1_187' title='bbox 810 1895 1072 1937; x_wconf 87' lang='lat' dir='ltr'>rectissimis.</span> 
     </span>
    </p>

    <p class='ocr_par' dir='ltr' id='par_1_5' title="bbox 164 1963 1678 2486">
     <span class='ocr_line' id='line_1_26' title="bbox 281 1963 1674 2017; baseline 0 -12"><span class='ocrx_word' id='word_1_188' title='bbox 281 1964 506 2006; x_wconf 89' lang='lat' dir='ltr'>Proximus</span> <span class='ocrx_word' id='word_1_189' title='bbox 554 1964 821 2015; x_wconf 75' lang='lat' dir='ltr'>Hermanno,</span> <span class='ocrx_word' id='word_1_190' title='bbox 872 1963 999 2017; x_wconf 84' lang='lat' dir='ltr'>longo</span> <span class='ocrx_word' id='word_1_191' title='bbox 1049 1963 1122 2005; x_wconf 92' lang='lat' dir='ltr'>sed</span> <span class='ocrx_word' id='word_1_192' title='bbox 1166 1964 1388 2017; x_wconf 85' lang='lat' dir='ltr'>proximus</span> <span class='ocrx_word' id='word_1_193' title='bbox 1435 1964 1674 2015; x_wconf 79' lang='lat' dir='ltr'>intervallo,</span> 
     </span>
     <span class='ocr_line' id='line_1_27' title="bbox 166 2032 1677 2085; baseline 0.001 -12"><span class='ocrx_word' id='word_1_194' title='bbox 166 2033 349 2074; x_wconf 84' lang='lat' dir='ltr'>Bentleii</span> <span class='ocrx_word' id='word_1_195' title='bbox 377 2033 488 2073; x_wconf 90' lang='lat' dir='ltr'>viam</span> <span class='ocrx_word' id='word_1_196' title='bbox 519 2032 658 2073; x_wconf 89' lang='lat' dir='ltr'>tenuit</span> <span class='ocrx_word' id='word_1_197' title='bbox 683 2032 957 2083; x_wconf 80' lang='lat' dir='ltr'>Kirchnerus,</span> <span class='ocrx_word' id='word_1_198' title='bbox 991 2032 1063 2085; x_wconf 89' lang='lat' dir='ltr'>qui</span> <span class='ocrx_word' id='word_1_199' title='bbox 1085 2032 1254 2073; x_wconf 82' lang='lat' dir='ltr'>Horatii</span> <span class='ocrx_word' id='word_1_200' title='bbox 1290 2036 1534 2074; x_wconf 86' lang='lat' dir='ltr'>saturarum</span> <span class='ocrx_word' id='word_1_201' title='bbox 1566 2032 1677 2074; x_wconf 90' lang='lat' dir='ltr'>libro</span> 
     </span>
     <span class='ocr_line' id='line_1_28' title="bbox 165 2100 1676 2156; baseline 0 -13"><span class='ocrx_word' id='word_1_202' title='bbox 165 2102 304 2156; x_wconf 82' lang='lat' dir='ltr'>primo</span> <span class='ocrx_word' id='word_1_203' title='bbox 347 2101 401 2143; x_wconf 88' lang='lat' dir='ltr'>ab</span> <span class='ocrx_word' id='word_1_204' title='bbox 442 2102 535 2155; x_wconf 90' lang='lat' dir='ltr'>ipso</span> <span class='ocrx_word' id='word_1_205' title='bbox 579 2114 771 2142; x_wconf 90' lang='lat' dir='ltr'>seorsum</span> <span class='ocrx_word' id='word_1_206' title='bbox 816 2101 930 2142; x_wconf 88' lang='lat' dir='ltr'>edito</span> <span class='ocrx_word' id='word_1_207' title='bbox 976 2101 1202 2155; x_wconf 79' lang='lat' dir='ltr'>praemisit</span> <span class='ocrx_word' id='word_1_208' title='bbox 1243 2100 1578 2155; x_wconf 89' lang='lat' dir='ltr'>disputationem</span> <span class='ocrx_word' id='word_1_209' title='bbox 1624 2101 1676 2143; x_wconf 88' lang='lat' dir='ltr'>de</span> 
     </span>
     <span class='ocr_line' id='line_1_29' title="bbox 164 2169 1677 2212; baseline -0.001 0"><span class='ocrx_word' id='word_1_210' title='bbox 164 2171 405 2212; x_wconf 84' lang='lat' dir='ltr'>hexametri</span> <span class='ocrx_word' id='word_1_211' title='bbox 437 2175 480 2212; x_wconf 90' lang='lat' dir='ltr'>et</span> <span class='ocrx_word' id='word_1_212' title='bbox 514 2170 656 2211; x_wconf 89' lang='lat' dir='ltr'>Latini</span> <span class='ocrx_word' id='word_1_213' title='bbox 683 2173 725 2211; x_wconf 92' lang='lat' dir='ltr'>et</span> <span class='ocrx_word' id='word_1_214' title='bbox 756 2170 979 2211; x_wconf 85' lang='lat' dir='ltr'>Teutonici</span> <span class='ocrx_word' id='word_1_215' title='bbox 1024 2174 1117 2211; x_wconf 90' lang='lat' dir='ltr'>arte</span> <span class='ocrx_word' id='word_1_216' title='bbox 1159 2173 1201 2211; x_wconf 91' lang='lat' dir='ltr'>et</span> <span class='ocrx_word' id='word_1_217' title='bbox 1236 2170 1390 2211; x_wconf 92' lang='lat' dir='ltr'>indole.</span> <span class='ocrx_word' id='word_1_218' title='bbox 1453 2169 1527 2211; x_wconf 84' lang='lat' dir='ltr'>sed</span> <span class='ocrx_word' id='word_1_219' title='bbox 1566 2170 1677 2210; x_wconf 89' lang='lat' dir='ltr'>enim</span> 
     </span>
     <span class='ocr_line' id='line_1_30' title="bbox 165 2239 1676 2293; baseline -0.001 -13"><span class='ocrx_word' id='word_1_220' title='bbox 165 2253 320 2293; x_wconf 82' lang='lat' dir='ltr'>magno</span> <span class='ocrx_word' id='word_1_221' title='bbox 353 2239 575 2280; x_wconf 86' lang='lat' dir='ltr'>conamine</span> <span class='ocrx_word' id='word_1_222' title='bbox 606 2252 747 2293; x_wconf 87' lang='lat' dir='ltr'>pauca</span> <span class='ocrx_word' id='word_1_223' title='bbox 787 2239 896 2280; x_wconf 88' lang='lat' dir='ltr'>bene</span> <span class='ocrx_word' id='word_1_224' title='bbox 937 2239 1086 2292; x_wconf 82' lang='lat' dir='ltr'>gessit,</span> <span class='ocrx_word' id='word_1_225' title='bbox 1131 2252 1224 2280; x_wconf 89' lang='lat' dir='ltr'>cum</span> <span class='ocrx_word' id='word_1_226' title='bbox 1271 2252 1409 2292; x_wconf 90' lang='lat' dir='ltr'>neque</span> <span class='ocrx_word' id='word_1_227' title='bbox 1451 2241 1676 2292; x_wconf 90' lang='lat' dir='ltr'>poetarum</span> 
     </span>
     <span class='ocr_line' id='line_1_31' title="bbox 166 2306 1678 2360; baseline -0.001 -11"><span class='ocrx_word' id='word_1_228' title='bbox 166 2308 302 2349; x_wconf 89' lang='lat' dir='ltr'>multa</span> <span class='ocrx_word' id='word_1_229' title='bbox 334 2311 447 2349; x_wconf 89' lang='lat' dir='ltr'>esset</span> <span class='ocrx_word' id='word_1_230' title='bbox 477 2306 668 2348; x_wconf 89' lang='lat' dir='ltr'>imbutus</span> <span class='ocrx_word' id='word_1_231' title='bbox 695 2307 879 2348; x_wconf 88' lang='lat' dir='ltr'>lectione</span> <span class='ocrx_word' id='word_1_232' title='bbox 912 2310 954 2347; x_wconf 90' lang='lat' dir='ltr'>et</span> <span class='ocrx_word' id='word_1_233' title='bbox 992 2306 1226 2360; x_wconf 87' lang='lat' dir='ltr'>premendo</span> <span class='ocrx_word' id='word_1_234' title='bbox 1258 2307 1470 2348; x_wconf 89' lang='lat' dir='ltr'>rationem</span> <span class='ocrx_word' id='word_1_235' title='bbox 1500 2307 1678 2348; x_wconf 83' lang='lat' dir='ltr'>vanissi-</span> 
     </span>
     <span class='ocr_line' id='line_1_32' title="bbox 166 2375 1678 2429; baseline -0.001 -12"><span class='ocrx_word' id='word_1_236' title='bbox 166 2390 276 2417; x_wconf 83' lang='lat' dir='ltr'>mam</span> <span class='ocrx_word' id='word_1_237' title='bbox 320 2389 398 2417; x_wconf 89' lang='lat' dir='ltr'>nec</span> <span class='ocrx_word' id='word_1_238' title='bbox 437 2376 597 2429; x_wconf 84' lang='lat' dir='ltr'>ingenii</span> <span class='ocrx_word' id='word_1_239' title='bbox 638 2375 854 2429; x_wconf 84' lang='lat' dir='ltr'>elegantia</span> <span class='ocrx_word' id='word_1_240' title='bbox 894 2375 1067 2417; x_wconf 87' lang='lat' dir='ltr'>adiutus</span> <span class='ocrx_word' id='word_1_241' title='bbox 1099 2375 1209 2416; x_wconf 88' lang='lat' dir='ltr'>veris</span> <span class='ocrx_word' id='word_1_242' title='bbox 1241 2375 1455 2416; x_wconf 88' lang='lat' dir='ltr'>nonnullis</span> <span class='ocrx_word' id='word_1_243' title='bbox 1490 2375 1678 2429; x_wconf 86' lang='lat' dir='ltr'>plurima</span> 
     </span>
     <span class='ocr_line' id='line_1_33' title="bbox 166 2444 951 2486; baseline -0.003 0"><span class='ocrx_word' id='word_1_244' title='bbox 166 2444 277 2486; x_wconf 85' lang='lat' dir='ltr'>falsa</span> <span class='ocrx_word' id='word_1_245' title='bbox 308 2448 384 2485; x_wconf 88' lang='lat' dir='ltr'>aut</span> <span class='ocrx_word' id='word_1_246' title='bbox 412 2444 648 2486; x_wconf 87' lang='lat' dir='ltr'>mediocria</span> <span class='ocrx_word' id='word_1_247' title='bbox 677 2444 951 2485; x_wconf 89' lang='lat' dir='ltr'>immisceret.</span> 
     </span>
    </p>

    <p class='ocr_par' dir='ltr' id='par_1_6' title="bbox 166 2512 1678 2977">
     <span class='ocr_line' id='line_1_34' title="bbox 280 2512 1678 2566; baseline -0.001 -12"><span class='ocrx_word' id='word_1_248' title='bbox 280 2514 336 2554; x_wconf 93' lang='lat' dir='ltr'>At</span> <span class='ocrx_word' id='word_1_249' title='bbox 376 2527 528 2554; x_wconf 85' lang='lat' dir='ltr'>novam</span> <span class='ocrx_word' id='word_1_250' title='bbox 570 2512 694 2566; x_wconf 87' lang='lat' dir='ltr'>quasi</span> <span class='ocrx_word' id='word_1_251' title='bbox 735 2516 778 2553; x_wconf 91' lang='lat' dir='ltr'>et</span> <span class='ocrx_word' id='word_1_252' title='bbox 818 2512 990 2566; x_wconf 89' lang='lat' dir='ltr'>quidem</span> <span class='ocrx_word' id='word_1_253' title='bbox 1024 2512 1148 2553; x_wconf 90' lang='lat' dir='ltr'>unice</span> <span class='ocrx_word' id='word_1_254' title='bbox 1188 2525 1333 2553; x_wconf 84' lang='lat' dir='ltr'>veram</span> <span class='ocrx_word' id='word_1_255' title='bbox 1365 2512 1548 2565; x_wconf 84' lang='lat' dir='ltr'>ingressi</span> <span class='ocrx_word' id='word_1_256' title='bbox 1580 2515 1678 2553; x_wconf 90' lang='lat' dir='ltr'>sunt</span> 
     </span>
     <span class='ocr_line' id='line_1_35' title="bbox 167 2579 1676 2635; baseline -0.001 -14"><span class='ocrx_word' id='word_1_257' title='bbox 167 2582 277 2622; x_wconf 87' lang='lat' dir='ltr'>viam</span> <span class='ocrx_word' id='word_1_258' title='bbox 316 2583 370 2623; x_wconf 88' lang='lat' dir='ltr'>ad</span> <span class='ocrx_word' id='word_1_259' title='bbox 402 2585 519 2622; x_wconf 91' lang='lat' dir='ltr'>recte</span> <span class='ocrx_word' id='word_1_260' title='bbox 552 2580 823 2622; x_wconf 86' lang='lat' dir='ltr'>tractandam</span> <span class='ocrx_word' id='word_1_261' title='bbox 871 2585 1005 2622; x_wconf 88' lang='lat' dir='ltr'>artem</span> <span class='ocrx_word' id='word_1_262' title='bbox 1041 2580 1298 2635; x_wconf 72' lang='lat' dir='ltr'>dactylicam</span> <span class='ocrx_word' id='word_1_263' title='bbox 1331 2580 1509 2621; x_wconf 87' lang='lat' dir='ltr'>Carolus</span> <span class='ocrx_word' id='word_1_264' title='bbox 1540 2579 1676 2620; x_wconf 85' lang='lat' dir='ltr'>Lach-</span> 
     </span>
     <span class='ocr_line' id='line_1_36' title="bbox 169 2648 1676 2703; baseline -0.001 -13"><span class='ocrx_word' id='word_1_265' title='bbox 169 2664 349 2691; x_wconf 90' lang='lat' dir='ltr'>mannus</span> <span class='ocrx_word' id='word_1_266' title='bbox 381 2653 423 2690; x_wconf 89' lang='lat' dir='ltr'>et</span> <span class='ocrx_word' id='word_1_267' title='bbox 456 2653 646 2690; x_wconf 86' lang='lat' dir='ltr'>sectatus</span> <span class='ocrx_word' id='word_1_268' title='bbox 678 2663 773 2690; x_wconf 92' lang='lat' dir='ltr'>eum</span> <span class='ocrx_word' id='word_1_269' title='bbox 804 2649 1038 2690; x_wconf 89' lang='lat' dir='ltr'>Mauricius</span> <span class='ocrx_word' id='word_1_270' title='bbox 1069 2649 1304 2702; x_wconf 82' lang='lat' dir='ltr'>Hauptius,</span> <span class='ocrx_word' id='word_1_271' title='bbox 1336 2648 1442 2688; x_wconf 88' lang='lat' dir='ltr'>nihil</span> <span class='ocrx_word' id='word_1_272' title='bbox 1475 2652 1522 2689; x_wconf 92' lang='lat' dir='ltr'>ut</span> <span class='ocrx_word' id='word_1_273' title='bbox 1553 2661 1676 2703; x_wconf 88' lang='lat' dir='ltr'>prae—</span> 
     </span>
     <span class='ocr_line' id='line_1_37' title="bbox 166 2717 1677 2772; baseline -0.003 -13"><span class='ocrx_word' id='word_1_274' title='bbox 166 2718 396 2759; x_wconf 87' lang='lat' dir='ltr'>iudicando</span> <span class='ocrx_word' id='word_1_275' title='bbox 437 2732 515 2772; x_wconf 87' lang='lat' dir='ltr'>per</span> <span class='ocrx_word' id='word_1_276' title='bbox 556 2717 738 2758; x_wconf 83' lang='lat' dir='ltr'>arbitria</span> <span class='ocrx_word' id='word_1_277' title='bbox 780 2718 1012 2771; x_wconf 84' lang='lat' dir='ltr'>fingerent,</span> <span class='ocrx_word' id='word_1_278' title='bbox 1061 2717 1134 2758; x_wconf 90' lang='lat' dir='ltr'>sed</span> <span class='ocrx_word' id='word_1_279' title='bbox 1177 2717 1442 2757; x_wconf 86' lang='lat' dir='ltr'>diversorum</span> <span class='ocrx_word' id='word_1_280' title='bbox 1482 2720 1677 2769; x_wconf 88' lang='lat' dir='ltr'>tempore</span> 
     </span>
     <span class='ocr_line' id='line_1_38' title="bbox 167 2785 1675 2840; baseline -0.002 -13"><span class='ocrx_word' id='word_1_281' title='bbox 167 2790 243 2827; x_wconf 85' lang='lat' dir='ltr'>aut</span> <span class='ocrx_word' id='word_1_282' title='bbox 283 2790 376 2827; x_wconf 87' lang='lat' dir='ltr'>arte</span> <span class='ocrx_word' id='word_1_283' title='bbox 419 2790 643 2840; x_wconf 87' lang='lat' dir='ltr'>poetarum</span> <span class='ocrx_word' id='word_1_284' title='bbox 689 2800 816 2839; x_wconf 87' lang='lat' dir='ltr'>quam</span> <span class='ocrx_word' id='word_1_285' title='bbox 860 2786 1183 2827; x_wconf 87' lang='lat' dir='ltr'>accuratissime</span> <span class='ocrx_word' id='word_1_286' title='bbox 1230 2785 1497 2838; x_wconf 86' lang='lat' dir='ltr'>exploratam</span> <span class='ocrx_word' id='word_1_287' title='bbox 1538 2788 1675 2825; x_wconf 88' lang='lat' dir='ltr'>artem</span> 
     </span>
     <span class='ocr_line' id='line_1_39' title="bbox 167 2853 1676 2908; baseline -0.001 -13"><span class='ocrx_word' id='word_1_288' title='bbox 167 2869 250 2895; x_wconf 88' lang='lat' dir='ltr'>non</span> <span class='ocrx_word' id='word_1_289' title='bbox 281 2856 470 2908; x_wconf 85' lang='lat' dir='ltr'>ipsorum</span> <span class='ocrx_word' id='word_1_290' title='bbox 512 2855 654 2907; x_wconf 78' lang='lat' dir='ltr'>potius</span> <span class='ocrx_word' id='word_1_291' title='bbox 694 2854 887 2908; x_wconf 80' lang='lat' dir='ltr'>placitiS‚</span> <span class='ocrx_word' id='word_1_292' title='bbox 930 2854 1004 2895; x_wconf 88' lang='lat' dir='ltr'>sed</span> <span class='ocrx_word' id='word_1_293' title='bbox 1046 2854 1215 2895; x_wconf 88' lang='lat' dir='ltr'>illorum</span> <span class='ocrx_word' id='word_1_294' title='bbox 1259 2853 1538 2894; x_wconf 87' lang='lat' dir='ltr'>aestimarent</span> <span class='ocrx_word' id='word_1_295' title='bbox 1577 2865 1676 2906; x_wconf 90' lang='lat' dir='ltr'>pro·</span> 
     </span>
     <span class='ocr_line' id='line_1_40' title="bbox 166 2924 362 2977; baseline -0.01 -13"><span class='ocrx_word' id='word_1_296' title='bbox 166 2924 362 2977; x_wconf 85' lang='lat' dir='ltr'>prietate.</span> 
     </span>
    </p>
   </div>
  </div>
 </body>
</html>
