1898 3292
266 174 344 213 192
842 182 1192 207 iflBERSEoVNDvs

469 284 555 318 dum
580 285 695 318 malus
723 285 910 319 obtrectat
935 283 1032 317 facta
1057 283 1278 317 immortalia
1302 283 1394 317 livor

469 353 536 376 1166
563 341 649 375 611111
675 341 816 375 11(11111116
842 341 1007 375 ductoris
1033 351 1201 374 61666616
1226 339 1362 374 laudes.

263 413 430 452 adiutae
460 410 611 451 laudes
642 409 894 463 nescioquicl
924 409 1159 462 importuni
1188 408 1351 449 habent
1383 411 1426 449 et
1454 408 1602 461 inepti,
1634 422 1771 461 neque

263 479 316 520 ab
362 478 546 519 inimicis
598 477 851 518 Hannibalis
905 477 1047 531 potuit
1091 476 1335 530 prohiberi,
1389 490 1442 517 ne
1495 476 1631 529 gloria
1683 477 1772 517 eius

262 551 360 600 post
394 547 615 588 Cannense
648 546 857 600 proelium
891 547 1019 587 etiam
1052 548 1284 599 augeretur
1325 545 1452 585 6111116
1493 544 1772 594 facinoribus,

261 616 415 669 potuit,
447 629 500 657 ne
523 615 803 656 extolleretur
825 628 1030 668 oppressa
1049 614 1196 654 Roma.
1247 627 1380 666 quare
1403 613 1696 667 quaerendum
1721 627 1774 653 an

262 685 414 726 melius
454 683 616 725 habeat
658 683 754 725 ‘nec
785 687 884 724 sinit
915 687 972 723 ad
999 689 1124 723 metas
1157 685 1337 723 ductoris
1370 695 1558 723 crescere
1590 679 1772 722 laudes'.

263 757 306 794 et
345 754 407 794 616
445 753 531 793 iam
563 753 792 806 Rupertus.
853 752 915 793 ita
957 765 1032 793 sex
1072 750 1266 792 versibus
1311 754 1409 791 111116
1451 750 1589 791 fertur
1633 748 1772 790 ‘desta'-

264 829 417 862 tuemus
449 826 505 862 ad
534 825 647 872 ipsas
679 824 868 862 victorem
901 817 1077 861 melas?'
1128 844 1177 849 -—
1220 823 1445 873 praeterea
1488 818 1623 860 habes
1662 818 1773 859 libro

261 890 391 931 tertio
424 889 589 931 decimo
625 888 761 946 [712]:
1291 897 1296 899 ”

953 968 1062 1000 quam
1087 967 1203 1001 paene
1231 956 1375 990 ruentia
1399 959 1523 990 tecum

468 1016 614 1050 traxisti
640 1015 686 1049 acl
713 1015 859 1060 Stygias
885 1014 1062 1049 Oenotria
1087 1017 1187 1048 tecta
1212 1014 1394 1048 tenebras.

263 1097 358 1150 quis
400 1110 484 1138 11011
524 1100 744 1149 torporem
774 1096 994 1137 hominum
1027 1094 1250 1135 (10610111111
1284 1093 1526 1145 damnabit,
1566 1094 1638 1147 qui
1670 1101 1775 1135 tecta

262 1165 337 1206 illa
377 1166 545 1206 cumulo
577 1165 835 1218 ineptiarum
868 1163 1063 1205 labentia
1094 1162 1316 1203 timuerint
1347 1167 1538 1203 evertere
1569 1162 1774 1203 funditus.

264 1233 537 1274 scribendum
581 1232 801 1274 ‘Oenotria
831 1230 1002 1284 reyna'.
1054 1232 1114 1273 ita
1139 1230 1252 1284 apud
1275 1231 1494 1271 Lucanum
1519 1231 1649 1272 semel
1671 1231 1685 1271 l
1715 1231 1774 1271 IX

267 1301 382 1358 [458]
417 1302 546 1343 estin
570 1301 717 1343 codiee
741 1301 1100 1355 Sangermanensi
1133 1307 1237 1340 tecta
1270 1313 1348 1353 pro
1381 1313 1524 1351 requei.
1559 1325 1613 1330 —-
1644 1313 1774 1353 porro

263 1371 414 1424 paucis
445 1371 683 1411 interiectis
716 1370 910 1411 versibus
942 1369 1144 1422 leguntur
1171 1369 1274 1410 item
1305 1368 1511 1409 mendosa
1547 1367 1687 1424 [759]:

815 1467 913 1501 nullo
940 1479 1013 1501 non
1039 1470 1206 1511 tempore
1232 1466 1420 1500 abundans

472 1526 685 1559 umbrarum
710 1524 781 1558 huo
809 1525 930 1569 agitur
958 1527 1102 1559 torrens
1127 1526 1323 1567 vectatque
1351 1524 1479 1568 capaci

472 1583 619 1627 agmina
643 1582 740 1616 mole
767 1581 913 1616 Charon
939 1585 975 1616 et
1000 1581 1137 1615 sufficit
1161 1581 1329 1625 improba
1355 1581 1501 1625 puppiS.

266 1683 361 1710 611111
402 1672 493 1709 toto
534 1668 631 1709 1060
673 1672 884 1721 appareat
922 1681 1005 1709 non
1047 1667 1091 1708 id
1132 1667 1222 1720 agi,
1262 1670 1310 1707 ut
1349 1666 1556 1707 Charonis
1598 1665 1775 1720 cymbae

265 1738 459 1787 vastitas,
492 1737 567 1778 sed
600 1750 760 1787 eorum,
795 1737 868 1790 qui
895 1750 945 1777 ea
967 1736 1190 1785 vehantur,
1225 1738 1512 1789 exaggeretur
1533 1735 1775 1785 multitudo,

266 1806 381 1860 quod
411 1806 653 1847 imitatione
685 1805 846 1846 factum
878 1804 1056 1858 Vergilii
1091 1803 1198 1860 [aen.
1230 1803 1298 1853 VI,
1330 1802 1594 1859 305—314]‚
1627 1803 1777 1844 debuit

265 1875 367 1928 poni
411 1873 506 1915 ‘nec
533 1877 685 1925 sufficit
715 1876 899 1925 ‘Improba
933 1871 1130 1924 puppls'.
1193 1871 1307 1925 quod
1340 1885 1435 1912 611111
1470 1872 1532 1912 ita
1575 1872 1651 1923 sit,
1692 1886 1775 1913 non

266 1943 484 1984 adsentior
517 1942 812 1993 Lachmanno,
854 1942 927 1995 qui
961 1940 1032 1997 [acl
1064 1941 1187 1982 Luor.
1214 1940 1261 1991 V,
1288 1939 1411 1996 1005]
1446 1943 1666 1991 improbam
1698 1954 1776 1993 pro

266 2014 428 2052 ἱῃιηιαηῖ
459 2010 543 2051 (1161
572 2010 844 2052 existimavit.
897 2010 971 2051 sed
1007 2012 1190 2061 improba
1222 2009 1275 2050 ob
1297 2009 1341 2049 id
1363 2009 1504 2062 ipsum
1527 2012 1778 2049 autumatur

266 2080 407 2130 navis,
451 2078 566 2133 quod
603 2092 687 2120 non
723 2092 803 2132 par
839 2079 894 2119 sit
923 2079 1093 2119 omnino
1126 2078 1319 2131 negotio,
1363 2078 1474 2118 siout
1506 2091 1527 2118 e
1559 2077 1776 2118 contrario

268 2148 376 2199 dixit
397 2147 575 2188 Plautus
614 2145 783 2188 ‘armate'
813 2154 933 2198 atque
956 2150 1124 2188 animati
1150 2144 1317 2197 probe',
1350 2159 1612 2199 quamquam
1634 2149 1778 2199 potest

269 2216 398 2257 etiam
433 2215 558 2257 aliter
591 2215 798 2269 explicari
828 2218 1024 2267 ‘Improba
1057 2240 1112 2244 —
1142 2228 1241 2256 mox
1268 2214 1469 2267 leguntur
1490 2214 1649 2255 ibidem
1672 2214 1780 2254 111166

269 2283 408 2340 [82811

473 2341 580 2384 illast,
607 2352 699 2384 quae
729 2339 916 2385 Thybrim,
943 2350 1036 2384 quae
1061 2339 1172 2384 fregit
1198 2339 1317 2384 Lydia
1342 2339 1447 2383 bella,

474 2397 637 2432 nondum
662 2409 769 2442 passa
792 2409 942 2442 marem,
969 2397 1094 2441 quales
1121 2397 1276 2441 optabat
1300 2396 1436 2431 habere

474 2455 658 2499 quondam
681 2454 800 2489 Roma
824 2455 921 2489 turos
947 2454 1196 2498 contemptrix
1221 2453 1361 2488 Cloelia
1386 2465 1504 2488 sexus.

270 2548 342 2601 qui
373 2550 517 2600 potest
546 2546 663 2588 credi
694 2550 784 2587 tum
814 2547 1086 2600 potissimum
1117 2546 1297 2586 Romam
1338 2545 1505 2599 eguisse
1545 2546 1647 2586 viris
1688 2545 1776 2586 ani-

270 2616 414 2666 mosis,
447 2629 543 2656 611111
573 2615 640 2656 vel
670 2615 855 2668 virgines
886 2614 1070 2656 haberet
1097 2613 1262 2655 fortes?
1307 2612 1581 2655 scribendum
1614 2617 1778 2665 optabit,

271 2698 355 2737 quo
392 2684 527 2737 ipsius
562 2683 655 2724 Silii
685 2687 883 2736 tempora
912 2683 1026 2724 omni
1054 2682 1227 2723 luxuria
1264 2681 1511 2722 effeminata
1549 2682 1668 2735 tangi
1710 2683 1778 2722 vix

271 2756 336 2793 est
378 2752 492 2805 quod
534 2765 729 2793 moneam
773 2750 841 2807 [of.
872 2751 970 2792 Tac.
1003 2765 1097 2792 ann.
1130 2750 1220 2800 XV,
1254 2754 1305 2791 57
1357 2747 1554 2791 ‘clariore
1596 2754 1778 2800 exemplo

271 2822 462 2861 ῖῖῦενίὶηα
491 2817 656 2861 mullet-⁷
703 2834 736 2861 e.
760 2834 798 2873 q.
822 2819 884 2876 s.].
942 2823 985 2860 et
1012 2820 1075 2860 ita
1105 2819 1189 2860 iam
1222 2819 1454 2861 Bentleius.
1502 2845 1548 2848 —
1595 2819 1778 2871 (lenique

271 2888 381 2929 libro
412 2888 677 2942 paenultimo
705 2887 809 2928 talia
840 2888 1070 2941 vulgantur
1100 2891 1148 2928 ut
1181 2888 1302 2928 Fabii
1336 2887 1477 2943 [622]:
