1898 3292
258 325 357 360 VIII

256 428 437 469 lectione
479 427 612 467 multo
654 426 790 479 magis
833 429 874 466 et
906 424 1113 466 delectari
1145 423 1435 476 devincirique
1466 426 1509 464 et
1539 425 1763 464 venustate

257 512 386 560 atque
427 507 641 560 elegantia
678 506 811 547 imbui
843 505 1013 557 ingenia
1047 518 1174 557 quani
1204 504 1462 557 scriptorum
1496 503 1625 544 medii
1658 503 1762 544 aevi.

258 588 351 640 quis
385 587 512 636 enim,
553 590 601 626 ut
643 585 836 638 exemplo
879 588 977 625 utar
1019 598 1044 625 a
1078 584 1389 625 Germanorum
1427 583 1582 623 litteris
1614 583 1762 636 petito5

258 666 486 707 contendet
514 666 624 707 serio
648 666 714 706 vel
737 664 1094 717 Nibelungiadem
1128 667 1170 704 et
1193 663 1469 703 Gudruneam
1502 676 1597 703 cum
1629 662 1763 703 Iliade

258 750 300 786 et
337 746 527 799 Odyssea
566 759 690 798 posse
737 745 978 798 comparari
1017 744 1081 783 vel
1122 743 1345 783 Wolframi
1382 742 1763 783 Eschembacensis

258 825 521 867 Parcivalem
555 839 649 866 cum
683 825 868 865 Aeneide
897 823 1070 876 Vergilii
1102 823 1167 863 vel
1192 823 1399 872 Gualteri‚
1432 824 1503 875 qui
1537 823 1590 863 ab
1624 823 1763 863 avium

256 910 383 959 pastu
416 905 555 946 dictus
588 909 673 954 est,
714 905 848 958 lyrica
881 918 974 944 cum
1009 903 1207 943 Horatii?
1269 907 1314 943 at
1342 902 1461 943 fuere
1494 906 1641 943 nostro
1672 916 1763 942 sae-

258 986 375 1033 culo,
417 985 490 1037 qui
534 984 577 1024 id
622 984 940 1025 contenderent.
1014 996 1124 1035 quae
1167 982 1338 1035 quidem
1382 996 1450 1023 res
1497 982 1602 1023 nihil
1648 981 1764 1022 aliud

256 1064 523 1105 demonstrat
552 1064 632 1104 nisi
666 1067 873 1117 quantum
906 1064 961 1104 sit
982 1067 1185 1117 provecta
1210 1062 1276 1103 vel
1299 1062 1534 1113 doctorum,
1568 1062 1640 1115 qui
1672 1075 1763 1103 sese

255 1144 401 1185 volunt
432 1143 596 1195 haberi,
628 1143 898 1196 quorundam
931 1143 1151 1185 rusticitas
1185 1147 1227 1183 et
1259 1143 1439 1183 inscitia.

369 1224 520 1276 Itaque
553 1224 614 1263 sic
636 1227 805 1264 constat
828 1224 967 1264 animo
991 1223 1215 1273 sententia,
1238 1236 1321 1263 non
1344 1222 1514 1275 quidem
1538 1222 1763 1275 neglegen-

255 1303 351 1344 dam
385 1303 612 1344 lectionem
643 1304 685 1343 in
719 1303 948 1357 gymnasiis
992 1307 1215 1344 auctorum
1256 1303 1494 1356 patriorum
1537 1301 1763 1343 cuiuslibet

255 1384 459 1436 temporis
502 1397 640 1436 neque
680 1383 965 1423 recentiorum
1006 1383 1248 1435 linguarum
1292 1382 1571 1423 omittendam
1605 1396 1763 1431 curam,

256 1463 329 1504 sed
380 1467 526 1504 tamen
576 1462 858 1516 principalem
913 1462 1196 1503 eruditionem
1245 1475 1477 1515 puerorum
1526 1461 1765 1502 liberaliter

256 1542 589 1592 educandorum,
622 1546 669 1583 ut
701 1542 812 1592 011111,
846 1542 907 1583 ita
938 1557 1050 1583 nunc
1083 1543 1316 1583 consistere
1349 1541 1505 1583 debere
1537 1542 1579 1582 in
1610 1542 1764 1582 Roma-

255 1636 406 1663 norum
441 1622 791 1675 Graecorumque
825 1626 1049 1663 auctorum
1081 1622 1204 1663 libris
1236 1621 1474 1671 versanffls,
1517 1635 1568 1662 ex
1610 1621 1765 1674 quibus

255 1703 379 1743 multi
423 1716 559 1755 usque
609 1702 664 1743 ad
709 1702 822 1743 hunc
870 1702 981 1743 diem
1027 1716 1110 1743 non
1159 1706 1258 1743 sunt
1303 1701 1557 1754 adaequati,
1608 1701 1764 1742 nedum

257 1783 448 1836 superati
491 1782 544 1823 ab
586 1781 768 1823 aliarum
801 1782 990 1835 gentium
1032 1781 1333 1835 scriptoribus,
1374 1781 1533 1834 poetici
1573 1794 1672 1821 vero
1715 1794 1765 1822 ea

258 1866 456 1904 constant
488 1865 604 1912 arte,
646 1875 729 1902 non
769 1865 818 1902 ut
857 1862 1024 1915 possint
1066 1862 1170 1903 satis
1214 1861 1321 1902 bene
1354 1860 1581 1902 transferri
1612 1861 1655 1901 in
1685 1860 1763 1901 lin-

257 1956 363 1995 guas
393 1942 567 1983 alienas.
629 1943 748 1983 cuius
778 1946 922 1983 tamen
953 1941 1082 1983 studii
1105 1940 1270 1982 fructus
1298 1955 1381 1982 non
1412 1941 1572 1995 poterit
1600 1941 1765 1994 percipi

256 2022 394 2075 plene,
426 2022 507 2063 nisi
538 2023 573 2063 si
594 2022 844 2063 imbuantur
876 2022 999 2075 pueri
1030 2022 1188 2075 peritia
1209 2021 1347 2075 proba
1370 2022 1432 2062 rei
1456 2021 1764 2074 grammaticae

257 2102 547 2155 metricaeque
579 2102 759 2143 Latinae
790 2102 952 2156 pariter
985 2106 1027 2143 et
1059 2102 1264 2143 Graecae.

373 2182 491 2231 Quae
524 2196 619 2223 cum
646 2183 709 2223 ita
740 2182 842 2232 sinti
882 2182 1065 2235 gratiam
1098 2181 1163 2222 vel
1195 2181 1424 2222 maximam
1457 2181 1614 2222 debent
1641 2181 1765 2222 Rossi

259 2257 414 2303 Comiti
447 2262 664 2303 Demetrio
695 2262 892 2303 Andreae
929 2261 1016 2302 filio
1049 2262 1257 2312 Tolstoio‚
1300 2262 1372 2314 qui
1411 2261 1509 2301 inde
1542 2275 1566 2302 a
1596 2274 1694 2302 vere
1728 2275 1763 2302 a.

259 2341 582 2383 MDCGCLXVI
615 2356 692 2395 per
723 2355 856 2383 annos
879 2342 974 2382 XIV
1006 2342 1319 2382 institutionem
1348 2340 1605 2394 temperavit
1624 2341 1764 2394 publi—

259 2434 363 2462 cam.
426 2422 513 2462 scio
554 2421 653 2462 huic
684 2422 773 2462 viro
817 2421 972 2462 multos
1004 2421 1116 2461 inter
1150 2421 1305 2462 Rossos
1339 2420 1530 2461 extitisse
1563 2420 1765 2461 adversos

257 2500 531 2553 infensosque
564 2505 607 2542 et
634 2501 706 2541 illo
738 2504 931 2554 tempore
964 2504 1006 2541 et
1036 2503 1150 2553 post,
1192 2504 1240 2541 ut
1275 2500 1488 2550 omittam⁷
1528 2500 1640 2541 sicut
1671 2488 1765 2541 fieri

261 2583 396 2629 amat,
436 2580 552 2621 haud
584 2594 745 2633 paucos
780 2580 977 2630 eundem,
1021 2593 1145 2633 quem
1176 2580 1400 2621 florentem
1433 2579 1597 2620 adulati
1630 2583 1763 2629 erant,

261 2663 435 2701 exutum
458 2659 551 2700 loco
573 2660 818 2700 insectatos.
881 2673 959 2700 nec
989 2660 1180 2712 negarim
1213 2673 1307 2700 eum
1339 2659 1554 2700 interdum
1576 2659 1765 2699 humana

258 2739 426 2793 lapsum
471 2739 732 2779 infirmitate.
804 2752 951 2780 verum
993 2752 1044 2779 ne
1091 2742 1404 2792 optrectatores
1451 2739 1622 2792 quidem
1667 2742 1765 2779 sunt

258 2819 432 2860 infitiati
479 2822 641 2860 certum
683 2818 938 2871 firmumque
978 2818 1108 2859 fuisse
1154 2819 1197 2858 in
1244 2819 1408 2859 ratione
1455 2823 1497 2859 et
1533 2819 1622 2869 via,
1666 2832 1763 2859 con-

257 2902 441 2939 stantem
482 2899 524 2939 in
564 2898 768 2947 consiliis,
816 2898 971 2938 fortem
1021 2898 1064 2938 in
1107 2898 1235 2939 rebus
1279 2898 1487 2943 adversis,
1533 2901 1764 2951 praeterea

260 2978 497 3019 studiorum
531 2977 773 3018 liberalium
805 2978 1156 3018 amantissimum.
