1898 3292
791 200 917 225 INDEX
938 201 960 225 1.
1550 195 1596 232 61
1608 194 1631 232 3

836 315 909 356 ΙΧ.

628 394 901 444 OPVSCV
910 395 1052 443 LVM
1089 397 1125 443 I.

366 496 435 534 DE
466 496 715 535 VERSIBVS
746 495 1140 535 DACTYLICORVM
1171 496 1391 535 ITALICIS.

776 570 978 607 524—553.

242 646 542 687 Prohoemium
577 650 669 687 524,
730 660 876 686 versus
917 645 1051 686 italici
1093 646 1241 699 quales
1280 647 1551 700 appellentur
1591 652 1633 689 et

125 715 197 768 qui
230 729 375 756 eorum
401 718 600 756 auctores
622 714 703 755 hoc
727 714 871 755 libello
894 718 1137 755 tractentur
1159 718 1252 756 524.
1300 720 1449 765 metra,
1476 717 1631 769 quibus

124 783 167 824 hi
199 784 265 824 usi
298 787 391 833 524,
426 789 461 825 5.
523 783 747 824 Phaedrus
780 797 863 836 quo
895 783 1001 824 duce
1034 783 1257 824 admiserit
1287 784 1498 837 spondeos
1527 784 1631 826 locis

123 851 301 905 paribus
339 852 496 893 senarii
539 856 632 894 525.
694 866 763 892 ars
796 851 937 901 Ennii,
972 851 1140 899 Lucilii,
1175 853 1398 899 Varronis,
1435 853 1630 894 Phaedri.

125 924 332 973 quantum
365 919 567 961 differant
596 920 905 974 dactylicorum
936 933 1082 960 versus
1114 920 1249 961 italici
1283 935 1307 961 a
1337 922 1630 962 scaenicorum

125 992 219 1036 525,
253 993 289 1030 6.
337 989 631 1029 scaenicorum
656 1003 734 1041 pro
766 992 1006 1041 temporum
1039 992 1113 1029 aut
1144 990 1351 1030 materiae
1382 977 1631 1031 diversitate

124 1056 367 1097 differentia
400 1057 504 1097 artis
538 1060 630 1098 526.
692 1057 1001 1111 dactylicorum
1032 1057 1073 1097 in
1106 1057 1301 1098 versibus
1332 1057 1489 1098 italicis
1525 1063 1631 1099 tem-

123 1126 325 1178 perandis
353 1126 542 1166 rationes
586 1128 678 1174 526,
723 1129 758 1165 7.
820 1125 1005 1166 Phaedri
1043 1140 1119 1166 cur
1160 1126 1428 1178 potissimum
1470 1127 1631 1180 placita

123 1194 410 1247 respiciantur
442 1198 533 1235 527.

239 1262 309 1303 De
339 1262 534 1303 iambis
568 1277 625 1302 ac
657 1262 941 1303 trochaeis
972 1262 1189 1303 italicis
1225 1267 1463 1304 527—543.

238 1331 491 1385 Systematis
523 1345 623 1371 num
657 1331 843 1383 coiugati
876 1331 1033 1371 fuerint
1073 1334 1170 1380 527,
1204 1337 1240 1372 ὅ.
1304 1332 1419 1384 leges
1452 1331 1632 1384 podicae

124 1400 366 1441 iamborum
390 1414 439 1440 ac
468 1399 769 1439 trochaeorum
795 1403 923 1440 528--η
939 1403 989 1440 36
1013 1399 1209 1453 (spondei
1238 1399 1304 1440 vel
1327 1400 1551 1454 anapaesti
1568 1402 1632 1441 vel

123 1469 281 1523 dactyli
305 1469 473 1509 diverso
498 1482 522 1508 a
541 1468 718 1508 Graecis
739 1481 857 1509 more
881 1468 1065 1509 adhibiti
1087 1469 1129 1509 in
1151 1469 1306 1509 iambis
1330 1468 1395 1509 vel
1416 1469 1632 1510 trochaeis

127 1542 219 1587 528,
253 1542 289 1579 9.
353 1536 567 1590 spondeus
614 1537 657 1576 in
695 1537 961 1589 paenultima
1002 1537 1101 1577 sede
1133 1551 1332 1578 versuum
1363 1537 1506 1578 iambo
1539 1537 1631 1578 fini-

122 1609 263 1646 torum
289 1608 384 1647 529.
436 1605 604 1645 iambus
635 1605 675 1645 in
711 1605 857 1645 eadem
894 1608 986 1654 529,
1011 1609 1075 1646 30.
1136 1606 1350 1659 spondeus
1381 1607 1424 1647 in
1456 1606 1632 1660 paenul-

122 1675 228 1715 tima
269 1674 368 1714 sede
409 1677 657 1714 scazontum
700 1676 793 1715 530.
865 1678 1125 1726 anapaestus
1157 1675 1324 1727 positus
1355 1689 1433 1728 pro
1475 1675 1631 1723 iambo,

123 1742 318 1796 dactylus
359 1756 437 1795 pro
478 1741 683 1782 trochaeo
726 1745 828 1791 530,
876 1746 910 1783 1.
970 1742 1137 1783 iambus
1182 1743 1225 1783 in
1262 1757 1442 1784 caesura
1475 1743 1630 1784 senarii

123 1811 189 1852 vel
220 1810 454 1864 septenarii
496 1809 670 1851 iambici
713 1813 807 1852 531.
876 1811 1108 1864 septenarii
1149 1811 1321 1852 iambici
1362 1813 1501 1853 altera
1530 1826 1632 1866 pars

123 1880 233 1920 citra
274 1879 463 1920 iambum
509 1882 601 1920 531.
673 1880 782 1919 arsis
830 1879 970 1920 soluta
1016 1880 1129 1934 apud
1178 1880 1421 1922 Phaedrum
1465 1884 1564 1927 531,
1594 1884 1630 1921 2.

121 1948 533 2002 proceleusmaticus
579 1947 692 2000 apud
735 1947 915 1988 eundem
948 1952 1040 1989 532.
1103 1950 1326 2002 anapaesti
1358 1950 1423 1990 vel
1474 1949 1631 2003 dactyli

121 2030 199 2070 pro
242 2017 386 2058 iambo
429 2016 495 2057 vel
540 2016 744 2057 trochaeo
784 2017 912 2069 positi
952 2016 1067 2069 leges
1108 2018 1223 2070 apud
1260 2021 1425 2059 ceteros
1469 2021 1562 2067 532,
1594 2021 1630 2059 3.

121 2085 530 2138 proceleusmaticus
567 2084 680 2138 apud
713 2085 883 2125 eosdem
917 2088 1009 2135 533,
1043 2090 1079 2126 4.
1141 2086 1249 2127 arsis
1275 2086 1441 2127 solutae
1471 2085 1632 2127 moduli

122 2153 254 2194 ceteri
284 2153 398 2207 apud
429 2153 664 2207 dactylicos
684 2158 860 2207 praeter
879 2153 1123 2195 Phaedrum
1147 2156 1374 2208 534-36).
1427 2168 1631 2196 caesurae

119 2221 363 2263 iamborum
411 2236 461 2262 ac
502 2222 805 2263 trochaeorum
862 2225 1056 2264 536ψ39
1106 2223 1390 2275 (senariorum
1442 2227 1545 2273 536,
1595 2227 1630 2263 7.

121 2291 465 2344 septena-riorum
499 2293 540 2330 et
572 2291 890 2332 octonariorum
921 2291 1203 2332 iambicorum
1243 2295 1335 2333 538.
1397 2291 1632 2345 septenari-

121 2373 243 2400 orum
284 2363 326 2400 et
367 2359 684 2400 octonariorum
724 2359 1044 2400 trochaicorum
1091 2363 1192 2410 538,
1236 2365 1272 2402 9.
1346 2374 1525 2402 caesura
1555 2374 1633 2413 per

120 2428 275 2468 tmesin
317 2428 429 2480 539).
501 2427 617 2480 leges
662 2427 903 2482 rythmicae
942 2428 1183 2469 iamborum
1229 2443 1280 2470 ac
1326 2429 1630 2470 trochaeorum

47 2536 55 2541 ,
123 2499 317 2538 539-43
350 2495 556 2548 (Phaedri
589 2500 681 2547 539,
717 2500 781 2538 40.
836 2496 1095 2538 relicuorum
1117 2498 1159 2537 in
1192 2498 1388 2538 iambicis
1422 2500 1631 2539 540——42.

119 2565 162 2605 in
192 2564 425 2605 trochaicis
461 2567 554 2614 542,
588 2566 643 2619 3).

237 2632 435 2674 Cetera
463 2637 635 2673 metra
666 2633 864 2674 italica
897 2638 1107 2675 543—46.

238 2700 412 2741 Bacchii
447 2705 489 2741 et
531 2701 679 2742 cretici
708 2702 913 2742 Varronis
945 2706 1038 2753 543,
1070 2707 1106 2744 4.
1169 2703 1394 2756 anapaesti
1427 2703 1632 2743 Varronis

123 2773 216 2811 544.
278 2768 445 2809 sotadei
473 2769 610 2819 Ennii,
638 2770 768 2820 Accii,
801 2770 1007 2811 Varronis
1040 2775 1134 2821 545,
1168 2774 1203 2811 6.

236 2836 505 2887 Quaedam
550 2837 778 2880 omnium
810 2842 1105 2880 metrorum
1135 2839 1459 2880 italicorum
1493 2853 1632 2880 com-

121 2906 302 2948 munia
335 2909 542 2948 546—53.
