1898 3292
977 763 1021 805 L.
1056 764 1095 805 S.

393 891 664 945 Compendiis
688 890 929 944 scripturae
952 890 994 931 in
1018 903 1146 944 opere
1168 893 1316 931 nostro
1350 904 1432 931 non
1456 905 1601 932 sumus
1623 891 1687 932 usi
1710 890 1790 932 nisi

279 960 445 1014 pridem
488 960 672 1013 vulgatis
718 959 930 1012 tritisque.
1003 958 1109 999 illud
1154 962 1313 999 tamen*
1348 960 1554 1000 memoria
1603 959 1790 1012 dignum,

276 1033 379 1070 nota
421 1029 503 1069 hac
544 1032 657 1081 „sqf‘
697 1028 880 1068 indicari
921 1027 1111 1080 singulos
1152 1027 1239 1068 fere
1282 1032 1510 1081 sequentes
1541 1041 1689 1069 versus
1725 1029 1790 1069 vel

278 1097 576 1152 paragraphos
608 1096 779 1150 aliaque
807 1096 849 1137 id
882 1110 1034 1149 genus,
1067 1100 1112 1137 at
1142 1096 1219 1137 tali
1252 1101 1395 1150 „sqq.“
1427 1097 1584 1150 plures.

392 1373 702 1425 Argumentum
744 1371 885 1425 operis
925 1372 1059 1412 totius
1098 1370 1353 1425 rogantibus
1391 1371 1536 1412 multis
1577 1385 1671 1412 cum
1703 1371 1791 1425 ple-

279 1441 451 1482 nissime
485 1441 541 1481 sit
577 1440 830 1481 adnotatum
863 1439 1007 1481 Indice
1048 1440 1187 1494 primo
1229 1439 1427 1480 editionis
1469 1440 1613 1490 huius,
1658 1440 1792 1481 multa

276 1513 456 1563 potuere
489 1510 627 1550 omitti
660 1523 712 1550 ex
744 1509 931 1550 secundo
959 1509 1128 1563 prioris.
1189 1509 1231 1549 in
1274 1523 1357 1562 quo
1398 1513 1572 1562 praeter
1609 1509 1790 1562 scripto-

278 1593 370 1619 rum
396 1578 720 1619 emendatorum
744 1577 809 1619 vel
833 1577 1144 1631 explicatorum
1176 1578 1293 1618 locos
1325 1591 1377 1618 ea
1406 1578 1673 1631 potissimum
1706 1578 1790 1618 iam

276 1646 442 1700 placuit
484 1646 654 1697 referri⁷
696 1660 826 1700 quae,
867 1660 945 1700 per
985 1646 1293 1700 digressionem
1327 1660 1401 1687 seu
1433 1646 1665 1687 mantissae
1696 1646 1790 1687 loco

277 1715 420 1769 posita
452 1716 494 1756 in
525 1715 649 1756 libris
681 1715 810 1766 hisce,
844 1719 920 1756 aut
954 1729 1037 1756 non
1069 1719 1213 1756 essent
1243 1718 1482 1756 memorata
1510 1715 1552 1756 in
1580 1714 1791 1768 Epitoma,

278 1797 388 1837 quae
422 1784 604 1838 primam
641 1798 754 1824 nunc
787 1783 951 1837 optinet
983 1784 1145 1835 sedem,
1178 1787 1255 1825 aut
1286 1787 1401 1825 certe
1432 1783 1602 1825 facilius
1636 1784 1790 1825 ceteris

276 1852 478 1894 fallerent
518 1852 662 1894 studia
693 1853 972 1894 curiosorum.
1035 1866 1112 1894 nec
1148 1853 1287 1894 minus
1326 1853 1368 1893 in
1412 1852 1592 1893 eundem
1635 1852 1792 1893 collata

278 1921 531 1974 gravissima
564 1935 760 1974 quaeque
785 1925 827 1962 et
848 1921 1055 1962 memoria
1078 1921 1341 1974 dignissima,
1371 1921 1452 1962 hoc
1483 1925 1549 1962 est
1582 1921 1791 1974 quidquid

276 2003 359 2030 non
403 1989 529 2031 modo
570 2004 648 2043 per
689 1990 834 2044 capita
882 1990 1149 2040 summatim,
1197 1990 1271 2031 sed
1317 1990 1566 2043 singillatim
1612 1989 1792 2043 prolatis

277 2058 486 2112 exemplis
520 2058 833 2112 designandum
867 2072 958 2100 esse
991 2058 1221 2100 videretur.
1657 2086 1712 2109 s·-
