1898 3292
729 185 846 210 meaa
869 185 1061 214 QVARTVS.
1567 175 1646 214 359

140 295 292 327 rectum
332 284 543 335 vitiunest’,
588 291 634 328 ut
677 286 981 340 praecedentia
1024 300 1132 338 quae
1176 289 1271 326 sunt
1314 285 1424 326 ‘moa’
1464 289 1646 326 Phoebus

139 359 196 395 acl
225 352 359 395 orlzcs'
403 359 445 396 et
488 359 632 396 cetera
672 355 919 409 pertineant
962 354 1016 395 ad
1057 353 1185 406 primi
1217 368 1364 395 versus
1396 354 1573 395 verbum
1605 358 1648 395 et

138 422 263 476 plene
302 423 357 463 sit
387 423 775 477 interpungendum
814 426 913 463 ante
946 428 1196 473 porrectum.
1259 436 1398 475 neque
1429 437 1528 463 vero
1562 422 1646 463 Na-

138 491 352 532 matianus
384 492 567 545 scripsit,
610 491 725 545 quod
757 491 963 532 Barthius
996 491 1032 531 ei
1066 489 1278 543 explenda
1308 490 1464 532 lacuna
1493 490 1648 532 tribuit

141 558 186 615 [I,
220 559 343 615 227]:

298 639 509 684 stringimus
534 639 619 673 hinc
648 651 797 674 exesum
825 642 861 673 et
886 638 1001 673 fluctu
1029 641 1065 673 et
1090 641 1257 682 tempore
1283 638 1462 680 Castrum,

138 717 213 759 sed
249 719 392 772 potius
435 723 529 759 ltine
559 734 722 760 canens.
784 722 826 760 et
868 719 1069 771 quoniam
1112 718 1165 759 ad
1207 717 1320 759 hunc
1362 721 1534 771 poetam
1575 718 1645 758 de-

137 786 256 827 flexit
287 787 448 836 ora-tio,
480 792 702 840 prometur
733 802 758 828 a
792 801 857 828 me
891 788 1160 836 coniectura,
1199 800 1326 839 quam
1359 786 1457 827 olim
1489 786 1645 836 notavi,

138 869 188 896 ne
222 869 370 896 rursus
403 855 630 896 delitescat
660 856 702 896 in
743 856 921 897 scriniis
984 869 1082 896 nam
1110 855 1299 896 eiusdem
1331 855 1425 896 loco
1459 854 1645 908 quodam

139 922 206 979 [IL
237 923 306 979 43]
340 939 435 965 cum
467 924 665 977 legantur
696 924 824 965 haec:

409 1014 577 1049 Romano
603 1016 731 1060 generi
757 1015 842 1049 dum
870 1016 998 1049 nititur
1023 1027 1101 1049 esse
1128 1017 1324 1058 superstes,

410 1072 569 1106 crudelis
594 1073 743 1106 summis
768 1073 916 1106 miscuit
944 1073 1016 1106 ima
1042 1072 1164 1113 furor:

409 1129 568 1172 dumque
593 1130 710 1172 timet,
737 1129 915 1173 quidquid
941 1141 978 1163 se
1013 1130 1151 1163 fecerat
1178 1129 1257 1172 ipse
1278 1129 1410 1170 timeri,

408 1186 560 1220 immisit
584 1186 712 1221 Latiae
739 1187 895 1221 barbara
920 1187 991 1220 tela
1018 1186 1110 1220 neci.

409 1243 610 1277 visceribus
636 1243 742 1277 nudis
768 1248 947 1277 armatum
973 1243 1139 1277 condidit
1164 1243 1309 1277 hostem

411 1300 530 1334 illatae
557 1299 670 1334 eladis
696 1300 868 1335 liberiore
894 1301 989 1343 dolo,

135 1379 239 1420 mihi
269 1394 437 1433 semper
459 1380 662 1421 mirificus
685 1380 915 1422 admodum
939 1381 1053 1421 visus·
1077 1384 1141 1421 est
1172 1394 1319 1421 vorsus
1342 1381 1643 1432 paenultimus,

135 1448 317 1500 primuni
343 1448 455 1500 quod
489 1448 681 1490 abundat
712 1448 818 1490 illud
851 1457 1061 1497 armatam,
1095 1448 1248 1489 deindo
1280 1448 1394 1501 quod
1425 1463 1508 1488 non
1538 1449 1644 1489 satis

134 1521 314 1569 possunt
338 1517 543 1570 explicari
575 1531 626 1558 ea
658 1531 768 1570 quae
801 1521 899 1558 sunt
930 1520 1122 1558 liberiore
1154 1521 1256 1558 dolo.
1319 1531 1397 1557 nec
1429 1517 1538 1557 onim
1568 1517 1644 1557 tali

134 1585 303 1626 nomine
346 1585 585 1639 dignumst,
626 1586 660 1626 si
702 1585 920 1639 proditor,
960 1585 1002 1626 id
1046 1585 1160 1638 quod
1203 1586 1313 1627 ratio
1342 1585 1461 1626 iubet
1495 1585 1643 1635 omnis,

135 1667 260 1706 quem
284 1668 567 1708 oppressurus
591 1658 666 1705 est,
696 1654 967 1695 munimentis
989 1655 1141 1707 privat,
1170 1654 1325 1707 quibus
1348 1668 1392 1695 se
1414 1653 1643 1695 defendere

134 1722 282 1774 possit.
342 1723 489 1776 itaque
521 1722 750 1764 videndum
782 1736 836 1763 an
866 1722 1017 1764 melius
1047 1723 1240 1776 legatur:

408 1814 607 1849 m'sceribus
634 1814 739 1847 nudis
765 1818 922 1848 amatam
948 1814 1114 1848 condidit
1138 1814 1300 1858 hastam3

134 1894 246 1935 sicut
279 1893 387 1935 dixit
419 1894 594 1935 Ovidius
629 1893 726 1950 [am.
749 1894 800 1944 II,
825 1898 861 1945 9,
887 1894 978 1950 13]:
1013 1899 1112 1945 quid
1141 1898 1251 1935 ῖιιῑάί
1281 1897 1322 1934 in
1356 1898 1476 1935 nudis
1509 1901 1643 1934 antam

133 1966 355 2003 retzmclere
386 1967 464 2003 tela
497 1965 679 2004 ossibus?
710 1976 802 2003 ossa
831 1967 926 2004 milei
957 1968 1068 2004 meda,
1100 1966 1295 2014 relinquit
1315 1977 1439 2003 amor.
1492 1976 1643 2015 nempe

132 2030 214 2071 hoc
244 2031 544 2083 gravissimum
571 2030 820 2072 Stilichonis
852 2031 1017 2072 facinus
1050 2030 1180 2072 fuisse
1212 2031 1316 2072 dicit
1346 2034 1495 2084 poeta,
1529 2030 1643 2083 quod

132 2098 271 2151 ipsam
311 2099 510 2149 Romam,
558 2099 766 2140 hactenus
810 2113 1043 2153 numquam
1085 2102 1395 2153 expugnatam,
1442 2098 1642 2140 barbaris

134 2166 246 2207 ferro
272 2167 447 2220 ignique
478 2167 733 2208 vastandam
774 2168 1060 2222 permisisset,
1102 2182 1232 2221 quam
1271 2181 1505 2221 numquam
1537 2167 1642 2208 satis

133 2235 329 2288 reparari
360 2249 486 2289 posse
517 2236 729 2277 iacturam
761 2241 803 2278 et
832 2236 1066 2278 infamiam.

249 2303 344 2355 Sed,
377 2304 567 2346 eiusdem
588 2305 737 2346 Rutilii
768 2305 910 2346 verbis
942 2319 1025 2358 quo
1056 2308 1241 2355 utamur,
1274 2303 1536 2345 deverticulo
1563 2302 1639 2344 sui-

134 2386 227 2413 mus
259 2372 442 2414 fortasse
472 2373 688 2426 loquaces,
722 2374 886 2414 scilicet
917 2378 963 2414 ut
995 2373 1197 2414 didactici
1228 2373 1369 2427 operis
1391 2372 1641 2421 siccitatem,

134 2454 219 2492 qua
258 2441 301 2480 in
343 2440 424 2481 hoo
463 2441 647 2482 maxime
691 2441 802 2482 libro
844 2443 1099 2495 promimur,
1147 2456 1338 2482 secessus
1381 2440 1642 2482 amoenitate

134 2508 320 2560 quadam
367 2508 727 2550 oblivisceremur.
779 2535 829 2540 -—
883 2514 927 2550 at
973 2524 997 2550 a
1044 2510 1192 2563 regula
1241 2523 1373 2563 supra
1420 2509 1642 2562 proposita

134 2575 298 2617 alienus
326 2580 392 2618 est
421 2581 464 2618 et
490 2577 669 2618 eximius
702 2591 851 2618 versus
883 2577 1126 2619 Nemesiani
1162 2578 1323 2634 [cyneg.
1355 2576 1475 2633 313]:

338 2656 402 2689 dat
426 2657 554 2701 Libye,
581 2668 796 2701 magnarum
823 2658 943 2690 avium
970 2657 1126 2691 fecunda
1152 2657 1332 2699 creatrix3

132 2730 234 2770 item
266 2729 434 2771 Boethii
468 2729 556 2786 [HL
589 2733 625 2781 9,
659 2730 722 2786 5]:

337 2809 512 2843 materiae
537 2809 714 2843 fluitantis
745 2822 846 2853 opus,
872 2822 996 2844 verum
1021 2811 1127 2843 insita
1155 2810 1295 2843 summi.

134 2897 186 2924 ex
214 2883 369 2936 quibus
391 2887 535 2925 tamen
557 2882 667 2924 alter
687 2883 975 2937 praecedente
999 2883 1252 2924 vocabulum
1274 2883 1448 2924 tertium
1471 2883 1640 2924 nomine
