1898 3292
751 202 986 228 opvscvnvxu
1006 204 1061 228 111.
1576 193 1655 231 569

145 305 239 348 ‘nos
270 321 358 348 esse
389 311 610 357 arqualos?
641 319 855 356 sem-(samus
888 319 1023 345 eamus
1053 319 1220 355 ayamus
1238 305 1259 354 ’ς
1289 303 1476 357 [Luci-et.
1499 303 1529 351 Ι,
1552 307 1659 354 800;

153 376 331 427 11,.5523
365 375 431 425 VI,
459 375 584 429 1115]
628 373 765 425 ‘posse
797 377 934 414 eadem
968 377 1137 423 demptis
1161 376 1311 423 paucis
1336 376 1566 422 paucisque
1587 375 1657 412 [ref-

154 442 283 486 bute's’
337 442 432 485 ‘sed
470 447 586 494 quasi
627 445 862 493 naufraqiis
892 444 1050 492 magmis
1085 445 1298 491 mulasque
1329 437 1498 480 coortis'
1553 438 1657 488 ‘filzi-

154 515 239 553 Ims.
293 516 387 553 inde
417 515 509 552 aliis
541 515 646 552 alius
678 515 788 551 locus
819 517 878 551 es!
908 507 1129 560 inimiczcs'3
1161 509 1326 563 [Senec.
1356 508 1524 562 Hippol.
1558 507 1658 561 939]

147 579 407 632 ‘lonffl'nqzca5
439 584 598 628 clausa,
632 582 842 627 absh-usa,
887 581 1066 625 diversa,
1109 575 1256 619 invia'.
1327 577 1439 617 unde
1477 576 1542 616 his
1586 576 1659 627 qui

154 649 330 689 nimium
363 648 681 689 delectarentur
713 647 900 688 Lucilius
930 646 1065 687 irrisit
1094 645 1205 686 libro
1236 646 1281 686 V.

268 718 426 758 Contra
457 720 585 770 aptae
617 715 858 757 mehercule
890 714 1245 755 homoeoteleutis
1288 728 1363 754 eae
1395 716 1541 768 partes
1574 726 1657 752 ine-

154 791 338 835 trorum,
370 786 412 825 in
445 784 600 838 quibus
632 785 780 837 utique
812 786 1028 824 necessest
1058 783 1278 823 immorari
1306 795 1465 830 vocem,
1497 780 1660 822 scilicet

154 855 197 895 in
237 867 417 895 caesura
457 857 500 894 et
541 853 658 894 exitu
699 853 865 893 numeri
906 852 1085 905 positae.
1148 851 1388 904 proximum
1417 849 1661 902 frequentia

156 923 286 964 talest
316 921 701 967 homoeoteleuton,
735 920 849 973 quod
879 921 922 960 in
943 919 1026 960 fine
1050 923 1218 960 constat
1239 933 1436 960 versuum
1461 918 1661 959 continuo

155 992 417 1039 iunctorum,
444 990 506 1030 ita
537 992 698 1039 tamen,
738 993 785 1030 ut
817 988 1112 1042 monosyllaba
1142 977 1412 1041 potissimum
1445 987 1531 1027 arsi
1565 1000 1662 1026 con—

155 1060 356 1100 tineatur.
409 1058 548 1098 minus
578 1057 703 1110 longe
725 1057 899 1110 placent
919 1057 1057 1110 primo
1091 1060 1133 1096 et·
1163 1056 1313 1097 ultimo
1345 1056 1438 1096 loco
1472 1054 1661 1096 eiusdem

157 1127 359 1169 carminis
403 1129 478 1167 aut
517 1126 649 1166 initiis
691 1125 901 1167 collocata
944 1125 1220 1166 diversorum.
1287 1124 1509 1165 rarissima
1551 1126 1661 1171 sunt,

158 1209 268 1249 quae
314 1195 623 1235 sententiarum
671 1208 721 1235 ac
762 1208 845 1235 non
892 1207 1165 1234 numerorum
1211 1196 1407 1234 constent
1456 1191 1661 1232 terminis.

159 1263 342 1316 denique
383 1262 534 1303 mediis
577 1263 724 1303 metris
766 1266 841 1303 aut
881 1262 964 1303 fine
1001 1275 1200 1303 versuum
1240 1275 1323 1302 non
1366 1260 1662 1313 contiguorum

158 1331 399 1373 accidentia
429 1330 775 1372 homoeoteleuta
805 1334 979 1385 praeter
1000 1330 1326 1384 paronomasias
1349 1343 1449 1370 casu
1473 1328 1662 1369 evenisse

156 1399 415 1454 putabimus.
479 1403 667 1441 ceterum
701 1414 794 1440 cum
825 1399 1024 1440 binarum
1057 1398 1318 1453 syllabarum
1351 1396 1584 1438 similitudo
1616 1399 1663 1436 ut

156 1468 374 1510 mollicula
404 1468 521 1509 haud
551 1467 728 1521 perinde
762 1467 933 1521 placeat
972 1482 1100 1521 quam
1143 1466 1425 1519 singularum,
1466 1465 1547 1505 nisi
1590 1464 1664 1505 ubi

158 1537 348 1578 oratorio
388 1536 547 1578 affectu
577 1536 708 1578 verba
748 1539 1015 1590 repetentur7
1059 1535 1279 1588 aliquanto
1322 1533 1472 1575 melius
1502 1532 1664 1574 habent

157 1605 503 1647 homoeoteleuta
533 1605 576 1645 in
607 1604 802 1646 versibus
833 1604 921 1645 his:

363 1682 447 1713 ante
475 1682 511 1713 et
535 1678 726 1712 Trinacria
749 1677 943 1712 lentandus
969 1689 1090 1712 remus
1113 1678 1150 1711 in
1177 1676 1284 1711 unda.

363 1736 493 1781 effuge.
543 1739 677 1770 cuncta
701 1735 803 1769 malis
827 1735 1040 1769 habitantur
1064 1735 1209 1769 moenia
1234 1733 1339 1768 Grais

158 1813 286 1852 quam
317 1799 361 1840 in
388 1799 547 1840 talibus
560 1815 568 1840 z

363 1873 450 1917 quin
476 1873 586 1907 etiam
612 1873 755 1907 absenti
781 1875 937 1916 prosunt
966 1873 1034 1906 tihi
1061 1871 1218 1916 Cynthia
1242 1871 1352 1905 venti.

364 1933 454 1974 quot
479 1930 621 1963 eaelum
646 1929 778 1971 stellas,
805 1932 862 1962 tot
885 1929 998 1963 habet
1021 1932 1084 1962 tua
1108 1928 1228 1962 Roma
1254 1928 1403 1972 puellas.

159 1993 296 2045 magis
319 1993 448 2034 etiam
472 1996 596 2034 sonat
619 1991 910 2033 effeminatum
940 2017 989 2020 —-
1014 2006 1114 2032 nam
1136 1991 1211 2032 illa
1232 1990 1482 2032 diversitate
1503 1990 1665 2030 ictuum

160 2062 411 2114 mitigantur
442 2086 509 2111 —,
542 2060 577 2101 si
601 2060 817 2101 trochaeis
850 2060 1050 2100 exeuntia
1082 2063 1220 2100 metra
1246 2059 1405 2099 interse
1428 2058 1665 2107 concinant,

159 2133 207 2171 ut
238 2129 353 2183 apud
383 2129 617 2170 Homerum
647 2128 711 2183 [Il.
742 2129 794 2178 ΙΙ,
827 2128 951 2182 484];

366 2201 488 2237 ἔσπετε
513 2205 579 2236 νῦν
603 2215 663 2245 μοι
692 2204 840 2236 Μοῦσαι
864 2197 1045 2243 Ὀλύμπια
1073 2196 1207 2244 δώματ’
1235 2199 1377 2244 ἔχουσαι

163 2270 205 2307 et
235 2265 351 2320 apud
382 2265 618 2317 Vergilium
648 2266 758 2320 [aen.
791 2264 863 2314 IX,
897 2265 1017 2318 574}

366 2339 511 2373 Turnus
535 2338 621 2384 Ityn
651 2338 901 2381 Cloniumque,
926 2337 1156 2382 Dioxippum
1185 2336 1475 2380 Promolumque.

162 2422 297 2461 quare
321 2407 437 2448 haud
467 2408 595 2461 pauci
626 2407 707 2448 hoc
738 2421 870 2460 genus
901 2406 1235 2448 homoeoteleuti
1267 2407 1467 2446 vitavere.
1520 2418 1666 2456 quam-

162 2490 288 2529 quam
323 2476 367 2516 in
397 2475 481 2516 fine
511 2490 660 2517 versus
689 2475 920 2529 aliquando
952 2489 1036 2515 non
1066 2489 1197 2516 unum
1239 2474 1383 2522 modo,
1427 2472 1500 2513 sed
1544 2472 1670 2525 plura

161 2543 294 2585 verba
326 2543 380 2584 ad
401 2544 485 2584 vim
516 2543 755 2597 augendam
790 2543 1002 2584 dictorum
1033 2546 1300 2596 repetuntur,
1331 2545 1379 2582 ut
1410 2541 1464 2582 ab
1488 2540 1668 2581 Horatio

162 2612 212 2666 [s.
244 2612 275 2662 Ι,
308 2615 344 2662 6,
377 2615 452 2662 45;
483 2625 546 2665 ep.
578 2612 630 2657 ΙΙ,
663 2615 700 2661 2,
736 2612 855 2666 149];

368 2696 464 2718 nunc
491 2685 536 2718 ad
561 2697 619 2719 me
645 2684 756 2719 redeo
782 2685 956 2719 libertino
986 2688 1090 2729 patre
1119 2687 1255 2726 natum,

370 2753 478 2785 quem
504 2742 640 2775 rodunt
665 2753 790 2775 omnes
817 2742 990 2776 libertino
1017 2745 1121 2785 patre
1147 2744 1282 2774 natum.

369 2798 398 2831 si
422 2798 550 2831 volnus
575 2798 642 2832 tibi
670 2801 873 2832 monstrata
896 2798 1019 2832 radice
1044 2798 1101 2831 vel
1125 2798 1239 2831 herba

370 2866 441 2888 non
467 2854 573 2888 fieret
598 2854 723 2898 levius,
750 2855 896 2898 fugeres
924 2855 1046 2888 radice
1075 2855 1131 2888 vel
1155 2854 1270 2888 herba

368 2911 585 2956 proficiente
609 2911 700 2945 nihil
726 2911 898 2948 curarier.
