1898 3292
208 216 288 254 308
793 221 913 246 L1ssn1z
934 220 1125 251 QVAR'rvs.

206 326 431 379 gravioris)
477 328 595 366 certa
639 323 834 377 exempla
873 326 1047 376 praeter
1089 322 1215 363 finem
1256 321 1410 375 prioris
1453 321 1711 362 hemistichii

207 409 289 436 non
322 393 502 435 inveniri
533 392 677 434 monui
709 391 812 433 alibi
847 390 914 446 [de
946 405 980 431 v.
1017 393 1176 431 saturn.
1208 404 1274 443 pg.
1308 388 1391 445 62].

320 463 375 503 At
427 461 681 502 difficillima
730 460 897 512 longest
948 463 990 500 et
1036 458 1360 498 intricatissima
1411 458 1606 510 quaestio
1661 458 1712 499 de

205 531 327 572 hiatu
359 529 474 584 apud
507 529 737 571 scaenicos.
799 527 850 568 de
892 541 977 580 qua
1018 530 1189 579 praeter
1231 525 1336 566 alios
1378 525 1534 566 multos
1568 526 1713 567 dixere

208 598 467 640 Ritschelius
503 597 624 653 [prol.
655 597 769 637 Trin.
803 609 893 649 cap.
926 594 1064 650 xlvi,
1108 594 1358 647 Spengelius
1399 593 1458 649 [Ἰ.
1491 594 1620 635 Marc.
1654 594 1712 635 Pl.

205 682 271 722 pg.
299 671 377 708 173
401 666 521 722 sqq.],
555 665 785 706 Muellerus
823 663 890 719 [de
922 663 1127 716 prosodia
1159 662 1358 703 Plautina
1389 676 1445 716 pg
1485 666 1560 703 481
1590 662 1714 718 sqq.],

206 736 414 777 (ln-istius
449 734 585 790 [metr.
618 734 882 774 Graecorum
917 735 959 772 et
991 732 1278 772 Romanorum
1312 745 1378 784 pg.
1413 735 1465 773 38
1499 745 1603 784 sqq,
1633 731 1713 787 al]

207 808 397 845 attamen
428 803 615 844 nondum
649 816 716 842 res
747 801 868 841 finita
897 801 1008 840 inter
1046 800 1370 853 grammaticos3
1413 804 1454 841 et
1485 814 1634 840 vereor
1668 804 1716 840 ut

207 886 410 925 umquam
442 871 578 925 possit
610 869 785 911 absolvi.
848 882 925 908 nec
956 871 1099 909 tamen
1133 867 1352 908 dissimulo
1388 881 1534 908 eorum
1565 884 1587 909 a
1618 882 1713 921 par-

206 941 321 982 tibus
362 954 429 981 me
473 943 612 990 stare,
656 939 727 991 qui
767 937 968 977 licentiae
1006 936 1066 976 illi
1099 940 1305 988 quantum
1343 940 1485 989 potest
1515 936 1605 977 fieri
1640 937 1714 977 tri-

206 1009 379 1051 buerint
411 1008 643 1049 minimum.

321 1077 416 1118 Non
458 1079 601 1117 autem
641 1074 821 1116 multum
866 1073 1060 1126 quaestio
1091 1072 1165 1113 illa
1196 1072 1250 1113 ad
1282 1072 1589 1127 dactylicorum
1623 1087 1715 1126 per-

207 1146 316 1187 tinet
351 1145 506 1195 libros⁷
552 1144 710 1197 quippe
751 1143 823 1195 qui
866 1142 963 1182 inde
1005 1141 1057 1182 ab
1100 1141 1235 1181 Ennio
1269 1142 1531 1182 Graecorum
1576 1143 1716 1194 potius

207 1228 335 1268 quam
368 1214 641 1267 popularium
673 1215 956 1265 respexerunt
987 1210 1029 1250 in
1060 1210 1141 1250 hac
1172 1214 1295 1263 parte
1324 1224 1460 1260 usum,
1490 1210 1551 1250 ita
1572 1214 1715 1250 tamen

207 1287 254 1324 ut
287 1283 456 1324 diversa
489 1281 542 1322 ab
576 1295 648 1321 ore
671 1280 863 1320 Romano
886 1279 1092 1332 pleraque
1115 1292 1167 1318 ex
1190 1291 1336 1319 eorum
1359 1277 1529 1331 placitis
1551 1278 1593 1318 in
1617 1278 1715 1319 dac-

206 1351 346 1406 tylicis
385 1350 533 1391 metris
574 1348 817 1390 reciderint.
880 1351 1030 1388 contra
1073 1346 1267 1387 convenit
1307 1346 1501 1398 utrisque
1540 1347 1581 1386 in
1621 1346 1715 1393 hoc,

207 1419 321 1473 quod
364 1419 418 1461 ab
456 1418 650 1459 iambicis
692 1416 881 1458 numeris
921 1419 963 1456 et
1003 1415 1234 1455 trochaicis
1274 1415 1443 1455 omnino
1485 1419 1717 1456 arcuerunt

206 1489 384 1529 hiatum.
456 1500 686 1539 omnesque
734 1499 782 1526 co
829 1485 893 1525 usi
938 1484 1182 1538 permodice
1233 1486 1407 1536 praeter
1463 1483 1716 1523 deterrimos

208 1557 417 1610 quosdam
441 1570 463 1596 e
487 1555 745 1596 christianis.
797 1557 842 1594 at
872 1553 915 1593 in
947 1553 1100 1594 ceteris
1130 1552 1282 1592 horum
1314 1551 1581 1592 admittendo
1610 1552 1715 1605 figu-

207 1640 300 1667 ram
331 1625 449 1666 illam
480 1623 605 1664 nimis
636 1622 810 1664 fuerunt
830 1621 1032 1663 liberales
1055 1621 1121 1662 vel
1143 1634 1194 1661 ex
1216 1620 1520 1661 recentissimis
1543 1620 1715 1661 editori-

205 1694 286 1736 bus
317 1692 433 1735 haud
464 1692 602 1746 pauci.

322 1762 574 1803 Latinorum
599 1773 698 1801 vero
731 1759 1026 1800 scaenicorum
1048 1758 1334 1812 antiquissimi
1356 1757 1564 1811 temporis
1588 1771 1717 1811 quam

208 1846 292 1873 non
325 1830 516 1872 curarint
550 1828 748 1883 dactylici
790 1842 912 1869 usum
947 1827 1010 1868 vel
1053 1841 1103 1868 ex
1145 1826 1226 1868 hoc
1268 1827 1561 1880 cognoscitur,
1604 1826 1717 1880 quod

208 1901 373 1942 hiatum
416 1898 530 1953 apud
573 1911 644 1939 eos
686 1896 1081 1950 frequentissimum
1114 1899 1156 1936 et
1181 1895 1232 1937 de
1265 1910 1348 1949 quo
1380 1909 1503 1936 nemo
1536 1895 1717 1942 dubitatq

209 1983 303 2010 eum
346 1968 462 2014 dico‚
506 1980 590 2020 quo
631 1966 797 2007 solutae
836 1964 967 2006 iambi
999 1964 1064 2005 vel
1107 1964 1300 2005 trochaei
1332 1964 1440 2005 arsis
1466 1964 1586 2017 prior
1617 1978 1718 2017 pars

210 2037 395 2079 efficitur
440 2034 733 2089 monosyllabo
776 2034 901 2086 longo
948 2034 1011 2074 vel
1060 2032 1199 2073 medio
1243 2032 1389 2073 hiante
1442 2034 1485 2085 (a
1528 2031 1718 2073 Bentleio

209 2107 392 2160 primum
435 2105 471 2146 is
514 2107 688 2145 notatus
730 2103 772 2143 in
812 2102 1124 2144 schediasmate
1168 2100 1219 2142 (le
1249 2100 1398 2142 metris
1430 2100 1717 2147 Terentianis)

210 2175 380 2216 omnino
411 2187 495 2215 non
526 2171 828 2214 adhibuerunt.

324 2243 490 2284 Horum
531 2241 664 2295 igitur
707 2243 754 2281 ut
796 2242 912 2280 recte
962 2237 1270 2291 intellegantur
1315 2237 1527 2287 rationes,
1573 2237 1718 2291 paullo

210 2311 337 2353 altius
370 2309 606 2364 repetenda
636 2323 716 2350 res.

326 2380 387 2420 Ac
417 2379 601 2432 primum
633 2376 806 2430 quidem
842 2376 886 2416 in
924 2379 1046 2417 tanta
1078 2374 1320 2416 differentia
1349 2388 1452 2415 usus
1483 2373 1719 2423 elisionum,

211 2450 375 2502 quanta
406 2447 543 2488 oritur
575 2460 600 2487 a
630 2445 858 2487 verborum
890 2444 1067 2485 diversis
1096 2444 1247 2497 spatiis
1278 2443 1363 2484 sive
1394 2442 1527 2493 tonis,
1569 2445 1719 2495 sponte

212 2515 488 2568 consequitur
524 2515 592 2556 lex
622 2513 806 2567 plurimo
839 2528 918 2554 usu
948 2512 1140 2562 firmata,
1173 2515 1241 2562 ut,
1275 2525 1358 2564 quo
1391 2511 1447 2552 sit
1477 2524 1557 2552 vox
1590 2523 1719 2563 quae-

213 2599 295 2639 que
347 2584 487 2625 minus
532 2583 680 2637 pervia
723 2581 905 2637 synizesi
956 2579 1246 2630 adhibendae,
1298 2593 1347 2620 eo
1391 2579 1527 2632 magis
1572 2582 1720 2632 pateat

211 2653 390 2708 propria
432 2654 590 2693 natura
634 2650 833 2704 permissi
881 2649 1069 2703 alioquin
1114 2648 1258 2689 hiatus
1302 2647 1513 2689 licentiae.
1586 2660 1719 2699 quare

212 2736 297 2763 non
329 2721 411 2761 erit
441 2720 607 2770 mirum,
639 2722 686 2760 ut
707 2718 774 2759 his
797 2721 896 2760 utar
923 2717 1140 2771 exemplis,
1173 2716 1287 2770 quod
1319 2717 1362 2756 in
1382 2715 1493 2756 thesi
1518 2719 1721 2769 prompta

213 2789 450 2831 dihaeresis
491 2802 574 2830 non
617 2787 861 2841 spondiacis
901 2786 1044 2840 potius
1076 2785 1217 2826 verbis
1259 2798 1387 2837 quam
1418 2783 1614 2825 iambicis
1646 2786 1721 2824 aut

214 2857 382 2899 creticis
415 2857 566 2907 evenit7
600 2855 663 2897 vel
697 2855 809 2908 quod
840 2854 1109 2908 impr(,›l›atur
1130 2853 1274 2894 hiatus
1299 2853 1391 2906 pari
1418 2852 1551 2894 vocali
1579 2852 1719 2905 priore

215 2931 257 2967 et
287 2926 546 2979 posteriore,
590 2938 848 2977 quamquam
895 2924 935 2963 in
969 2926 1033 2963 tot
1064 2922 1233 2962 milibus
1265 2936 1459 2962 versuum
1494 2924 1535 2961 et
1567 2924 1720 2974 parata
