1898 3292
222 213 305 252 244
826 221 946 246 LIBER
965 220 1139 247 TERTIVS.

221 338 323 366 sura
354 325 672 377 semiquinaria.
735 328 780 365 at
821 324 898 365 tali
941 324 1214 365 distinctione
1254 337 1306 365 ne
1352 324 1489 377 possit
1519 324 1732 365 secundus

221 393 418 447 dactylus
470 393 680 434 contineri
725 392 935 434 vocabulo
989 392 1201 446 dactylico
1248 391 1344 433 ideo
1391 396 1578 443 vetatur,
1631 393 1732 446 quia

220 462 338 516 prior
371 462 432 503 sic
469 462 602 502 series
641 461 684 502 in
724 461 848 503 binas
890 460 1118 502 divelletur
1160 464 1318 514 partes.
1381 461 1536 501 etenim
1578 462 1732 503 tertiae

220 531 328 581 arsi,
376 544 472 571 cum
513 534 633 571 caret
677 543 873 580 caesura,
914 530 1052 571 minor
1081 530 1212 571 etiam
1244 543 1373 582 quam
1406 529 1532 570 aliter
1563 533 1628 570 est
1658 543 1732 583 po-

219 602 356 640 testas
388 598 443 640 ad
475 612 520 640 se
551 598 753 640 trahendi
775 612 800 639 a
822 598 952 639 verbo
977 599 1198 652 superiore
1221 598 1373 639 thesin.
1425 598 1558 651 igitur
1578 612 1733 652 parum

219 667 363 721 placet
395 666 636 721 exemplum
667 667 776 708 tale:

495 764 563 786 nec
588 752 761 786 facundia
789 756 824 786 te
851 753 993 796 linquet
1018 764 1085 787 nec
1108 752 1251 787 lucidus
1278 752 1379 786 ordo.

222 829 370 881 itaque
405 828 447 867 in
477 827 729 868 hexametro
753 828 1151 881 semiseptenariam
1173 827 1362 868 habente
1385 827 1419 867 si
1441 830 1539 880 post
1559 827 1734 867 tertiam

221 898 351 938 etiam
383 896 498 938 arsin
530 896 787 937 terminetur
817 910 919 950 pars
943 897 1162 945 orationis,
1195 899 1350 949 quarto
1375 895 1609 948 quintoque
1631 896 1734 936 item

221 965 438 1019 semipede
471 965 634 1006 servari
665 964 793 1006 debet
826 965 1018 1006 sincerus
1050 963 1264 1006 numerus
1285 964 1600 1017 anapaesticus.

335 1034 444 1075 Dein
488 1034 653 1087 species
700 1033 890 1075 secunda
936 1047 986 1074 ac
1031 1034 1162 1075 tertia
1207 1032 1589 1087 hephthemimeris
1639 1046 1732 1074 eve-

220 1116 322 1144 nere
354 1102 460 1144 hae:

495 1159 703 1204 despiciens
729 1171 828 1194 mare
854 1159 1051 1194 velivolum
1076 1162 1266 1203 terrasque
1292 1159 1466 1193 iacentes.

495 1216 683 1250 infandum
709 1217 837 1262 regina
861 1217 964 1251 iubes
990 1228 1168 1251 renovare
1196 1216 1371 1250 dolorem.

220 1287 264 1327 in
296 1285 362 1327 his
395 1299 491 1327 cum
521 1285 632 1327 alter
674 1286 857 1340 semipes
901 1290 943 1327 et
976 1286 1131 1327 tertius
1162 1285 1279 1326 haud
1311 1284 1440 1326 dubie
1472 1285 1632 1326 referre
1663 1285 1734 1326 de-

219 1354 352 1396 beant
396 1355 698 1408 anapaesticos
735 1368 957 1405 numeros,
1005 1354 1181 1409 propria
1225 1354 1353 1407 primi
1392 1354 1514 1407 pedis
1554 1353 1734 1395 libertas

219 1423 457 1476 legitimam
479 1422 631 1464 turbat
652 1423 939 1465 severitatem.
991 1436 1254 1476 quamquam
1278 1436 1362 1476 quo
1386 1423 1480 1476 quis
1502 1422 1735 1477 perfectior

219 1492 303 1533 fuit
323 1492 366 1532 in
388 1495 496 1542 arte,
528 1505 576 1533 eo
600 1492 847 1545 diligentius
869 1492 1194 1533 trithemimeris
1216 1491 1415 1545 proprios
1439 1491 1736 1533 custodierunt

219 1574 432 1602 numeros.
490 1561 638 1614 itaque
661 1560 837 1602 Ovidius
868 1562 912 1601 in
941 1561 1080 1614 primo
1113 1560 1526 1614 Metamorphosium
1558 1564 1625 1601 ter
1652 1574 1735 1601 non

221 1629 392 1683 saepius
433 1629 627 1671 versibus
673 1630 767 1671 istis
808 1629 1064 1684 dactylicam
1104 1643 1249 1670 vocem
1293 1629 1467 1670 admisit
1508 1629 1568 1670 sic
1611 1629 1734 1683 [1243

222 1702 324 1750 5413
359 1698 459 1752 722]
503 1696 668 1740 ‘obrulu
699 1706 794 1740 sunt
816 1702 1039 1749 pressique
1068 1696 1184 1750 c'uqo'
1234 1696 1364 1739 ‘ocior
1388 1706 1447 1738 est
1476 1701 1736 1748 requiemque

221 1765 365 1819 neqat’
412 1765 585 1818 ‘exeipit
615 1771 686 1808 hos
719 1771 975 1818 volucrisque
1007 1764 1147 1809 suae’.
1210 1766 1323 1808 idem
1346 1767 1464 1807 Artis
1497 1767 1735 1807 amatoriae

219 1836 360 1890 primo
410 1839 453 1876 et
502 1835 701 1877 Lucanus
747 1836 1000 1878 Pharsaliae
1053 1836 1218 1877 decimo
1264 1849 1477 1888 nusquam
1524 1835 1735 1876 admisere

220 1905 388 1947 similia..
461 1908 506 1946 at
552 1904 814 1947 Claudianus
865 1905 1054 1946 carmine
1102 1905 1154 1946 de
1200 1905 1348 1946 Manlii
1400 1904 1625 1946 consulatu
1669 1903 1736 1945 bis

219 1973 358 2027 legem
390 1973 592 2027 migravit
621 1974 684 2015 ita
726 1974 848 2028 [2683
883 1974 983 2028 279]
1028 1972 1221 2025 ‘fortibus
1252 1978 1355 2015 leaeo
1386 1987 1581 2015 concessu
1611 1969 1730 2014 vire's'

214 2041 368 2084 ‘notior
401 2049 460 2083 est
489 2045 682 2083 Helicone
715 2039 893 2084 clomus'.
959 2042 1153 2084 vitiosior
1184 2046 1328 2083 autem
1367 2042 1537 2096 longest
1577 2041 1735 2082 admis-

221 2125 293 2153 sus
325 2111 426 2152 sede
457 2111 598 2165 prima
628 2110 855 2165 spondeus,
887 2110 1070 2164 ideoque
1103 2111 1361 2162 rarissimus,
1394 2111 1511 2152 velut
1536 2110 1672 2152 habes
1693 2109 1736 2150 in

220 2179 392 2222 Horatii
424 2184 574 2222 satura
603 2180 645 2221 II
674 2179 699 2221 l.
731 2180 751 2221 I
781 2180 868 2235 [6]:

496 2248 612 2293 frigus
638 2260 708 2293 quo
735 2248 937 2293 duramque
962 2248 1096 2282 famem
1121 2248 1329 2293 propellere
1355 2249 1483 2293 possit.

223 2318 296 2372 qui
327 2322 473 2359 tamen
503 2331 652 2359 versus
682 2317 826 2359 nescio
859 2330 913 2358 an
947 2317 1003 2358 sit
1035 2317 1088 2359 ab
1120 2317 1430 2371 interpolatore
1463 2317 1647 2359 additus.

335 2386 428 2427 Iam
468 2386 725 2427 monometri
769 2386 1038 2440 anapaestici
1079 2386 1191 2437 eius,
1239 2387 1312 2440 qui
1350 2385 1583 2427 secundam
1622 2386 1735 2426 inter

222 2454 338 2496 arsin
371 2458 414 2495 et
445 2458 690 2508 quartainst
712 2454 946 2496 collocatus
980 2454 1133 2506 thesin,
1168 2458 1215 2496 ut
1246 2468 1495 2497 enarremus
1526 2454 1733 2505 modulos,

222 2537 319 2565 cum
350 2522 467 2564 haud
499 2522 627 2564 dubie
657 2522 861 2577 legitimis
894 2523 1167 2565 satisfaciant
1197 2524 1386 2565 numeris
1408 2537 1556 2565 versus
1579 2527 1622 2564 et
1642 2523 1733 2565 hic:

497 2602 705 2647 despiciens
729 2614 829 2637 mare
857 2603 1053 2638 velivolum
1078 2606 1269 2648 terrasque
1297 2604 1459 2638 iacentes

222 2664 265 2702 et
295 2660 415 2702 talis:

496 2727 688 2763 infandum
713 2729 841 2773 regina
866 2729 971 2764 iubes
996 2740 1173 2763 renovare
1201 2728 1377 2773 dolorem,

223 2796 517 2851 quaerendum
558 2797 662 2848 erit,
709 2811 785 2839 cur
826 2797 1082 2851 plerumque
1123 2797 1270 2852 generi
1312 2797 1447 2852 priori
1488 2796 1732 2851 praelatum

222 2867 278 2908 sit
313 2866 540 2920 posterius.
602 2866 717 2919 quod
759 2879 837 2919 ego
880 2867 1060 2908 eandem
1103 2866 1157 2908 ob
1201 2880 1375 2908 causam
1416 2867 1581 2907 venisse
1622 2880 1732 2916 reor,

220 2938 399 2989 propter
431 2947 559 2987 quam
592 2934 822 2977 noluerunt
849 2934 994 2976 Latini
1025 2935 1157 2989 pedes
1188 2935 1428 2977 hexametri
1466 2935 1660 2987 quintum
1691 2939 1733 2976 et
