1898 3292
715 259 831 283 LmER
854 259 1026 283 TERTIVS.
1539 251 1619 288 249

115 361 410 411 sobrietatem,
456 375 566 415 quae
610 365 656 402 ut
687 376 855 415 semper
886 361 1000 415 apud
1035 361 1230 409 Latinos,
1272 361 1333 401 ita
1367 360 1620 415 plerumque

114 430 300 484 optinuit
330 430 446 484 apud
478 430 686 481 Graecos,
720 445 813 471 cum
846 430 1030 470 maxime
1064 429 1336 483 comprobari
1370 429 1620 472 diversitate

114 498 369 550 formarum,
410 513 517 552 quas
550 499 826 540 nobilissimis
858 499 951 540 istis
981 498 1177 539 versibus
1208 502 1393 551 utraque
1424 512 1527 552 gens
1558 499 1620 540 in-

113 566 281 609 diderit.
334 581 432 608 nam
467 568 694 608 contrariis
727 567 896 620 quidem
931 568 996 608 usi
1026 566 1267 608 rationibus
1298 570 1340 608 et
1361 567 1439 608 viis
1462 581 1620 620 aequa-

111 634 270 676 bilitati
304 649 578 677 numerorum
611 640 652 677 et
679 636 878 677 varietati
910 649 993 676 nou
1024 635 1188 676 minore
1219 638 1312 676 arte
1344 649 1619 689 prospexere,

113 704 185 756 qui
216 703 475 745 molliculani
508 704 635 746 medii
666 705 792 745 metri
829 704 1079 745 incisionem
1110 704 1338 745 firmarunt
1374 704 1620 757 anapaestis

111 772 309 813 admissis
341 772 396 813 ad
436 772 652 819 ultimum.
687 786 813 826 quam
856 773 929 826 qui
958 772 1120 813 virilem
1164 772 1281 813 illam
1323 776 1620 826 temperavere

110 840 318 895 praelatis
358 841 401 882 in
443 840 525 882 fine
568 841 738 896 dactylo
783 845 824 882 et
866 841 1083 883 trochaeo.
1154 855 1288 895 quare
1331 841 1443 882 hanc
1484 841 1621 883 solam

110 908 281 950 laudem
327 923 418 951 esse
459 909 648 951 dicemus
694 910 1007 960 Romanorum,
1054 909 1169 963 quod
1214 910 1367 951 melius
1414 913 1478 951 est
1518 924 1620 951 sane

111 978 296 1031 optineri
327 978 370 1018 in
401 978 484 1019 fine
513 992 660 1019 versus
691 979 889 1032 proprios
919 979 1010 1019 eius
1041 992 1241 1019 numeros
1274 982 1405 1032 quam
1445 978 1620 1019 alienos.

111 1046 185 1087 sed
207 1046 449 1096 videndum,
483 1061 546 1097 ne,
577 1051 785 1100 quantum
815 1047 915 1087 hinc
947 1047 1115 1088 accedit
1147 1047 1291 1088 decori
1314 1047 1497 1097 illorum,
1524 1050 1620 1088 tan-

110 1119 200 1156 tum
230 1115 314 1156 iam
343 1115 528 1169 perdant
565 1129 840 1157 caesurarum
884 1116 1085 1157 uniformi
1128 1116 1252 1157 nimis
1294 1116 1618 1169 aequabilitate.

112 1184 268 1225 etenim
321 1185 431 1225 sicut
482 1185 654 1225 minime
705 1185 935 1238 negabitur
989 1184 1219 1226 divisiones
1274 1185 1619 1235 trithemimerin,

109 1252 489 1306 penthemimerin,
532 1253 921 1307 hephthemimerin
953 1267 1048 1294 cum
1083 1267 1158 1307 per
1190 1267 1234 1294 se
1267 1267 1359 1294 esse
1391 1266 1549 1306 magna
1580 1254 1620 1293 vi

110 1324 153 1362 et
182 1320 410 1372 firmitate,
450 1325 541 1362 tum
585 1322 722 1374 magis
765 1321 1070 1372 observantiis,
1112 1336 1219 1375 quas
1252 1321 1432 1363 Romani
1475 1322 1518 1362 in
1560 1322 1620 1362 eis

110 1403 302 1441 sanxere,
334 1393 382 1430 ut
403 1404 550 1431 versus
580 1390 665 1431 illis
696 1391 847 1431 muniti
879 1391 971 1444 ipso
1001 1390 1157 1432 robore
1192 1390 1307 1443 digni
1332 1404 1424 1432 esse
1446 1390 1618 1431 videau-

110 1462 181 1500 tur
211 1457 454 1511 Martigena
485 1458 641 1512 populo
684 1462 726 1500 et
767 1459 895 1500 urbe.
939 1460 1007 1500 oui
1037 1459 1261 1500 Valentiae
1300 1463 1413 1501 esset
1453 1473 1619 1509 nomen,

109 1528 171 1569 ita
201 1527 327 1568 nimis
358 1527 585 1568 imminuta
617 1531 747 1581 atque
792 1528 900 1569 adeo
943 1528 1119 1569 exclusa
1161 1542 1341 1570 caesura
1382 1528 1618 1570 trochaica.

110 1595 224 1650 quod
257 1595 459 1649 gravitati
491 1597 690 1638 carminis
714 1596 985 1648 addiderunt,
1018 1596 1300 1638 detraxerunt
1323 1596 1461 1639 eidem
1481 1597 1619 1651 lepori

110 1678 160 1705 ac
191 1664 403 1705 varietati.
465 1678 562 1705 nam
596 1669 638 1706 et
674 1665 870 1706 similiter
904 1665 1101 1707 admissis
1143 1666 1313 1707 omnino
1356 1666 1444 1707 sive
1474 1666 1620 1707 vitatis

108 1733 152 1773 in
182 1731 266 1774 fine
298 1732 539 1774 hexametri
566 1733 844 1788 polysyllabis
877 1737 975 1775 utra
1006 1734 1102 1788 plus
1124 1734 1266 1776 laudis
1290 1748 1391 1787 gens
1412 1734 1619 1775 meruerit

108 1814 193 1842 non
225 1804 456 1855 comparet.
493 1827 547 1831 ——
588 1806 719 1855 atque
750 1802 861 1843 idem
895 1802 1100 1844 iudicium
1131 1802 1354 1844 ferendum
1386 1803 1438 1845 de
1468 1806 1620 1857 penta-

109 1869 258 1911 metris
287 1874 582 1924 utrorumque.

224 1938 377 1979 Restat
406 1942 454 1980 ut
482 1939 783 1990 demonstrem,
816 1944 1029 1993 quatenus
1052 1941 1201 1994 optimi
1225 1944 1424 1982 auctores
1446 1953 1618 1982 normas

109 2006 236 2048 modo
264 2007 510 2060 propositas
540 2008 625 2049 sint
656 2009 802 2049 secuti.

223 2075 376 2128 Itaque
413 2075 600 2117 secundo
641 2076 749 2130 pede
788 2077 1025 2119 hexametri
1058 2077 1237 2119 verbum
1277 2077 1533 2131 dactylicum
1578 2080 1621 2118 ct

110 2143 344 2197 aliquando
371 2144 649 2197 spondiacum
679 2145 890 2187 admisere
911 2147 1190 2188 vetustissimi
1211 2146 1385 2196 Ennius,
1418 2145 1620 2197 Lucilius,

110 2212 352 2262 Lucretius,
385 2212 561 2254 Tullius.
623 2218 667 2254 at
708 2214 920 2265 Catullus,
964 2215 1191 2266 Horatius,
1234 2215 1362 2265 Cato,
1391 2214 1619 2268 Vergilius,

108 2281 360 2336 Propertius
401 2282 494 2323 sola
532 2296 734 2337 recepere
781 2282 1017 2338 dactylica,
1062 2284 1135 2325 sed
1183 2283 1249 2325 vel
1295 2284 1403 2324 haec
1444 2287 1619 2337 praeter

108 2349 336 2391 Horatium
378 2351 608 2392 rarissime.
679 2366 825 2393 verum
871 2352 985 2406 apud
1023 2353 1298 2405 insequentes
1342 2352 1619 2393 classicorum

109 2432 322 2471 nusquam
345 2420 587 2472 reppereris
620 2420 786 2461 similia.
838 2434 938 2461 nam
961 2421 1077 2473 quod
1099 2421 1230 2462 semel
1251 2420 1464 2461 Iuvenalis
1485 2419 1619 2461 habet

108 2486 196 2527 tale
227 2487 312 2541 [10,
345 2488 445 2541 331]
488 2487 696 2529 ‘destinat.
760 2492 930 2538 optinum
959 2493 1024 2530 hic
1055 2497 1092 2529 et
1123 2492 1442 2540 formosissimum
1474 2485 1618 2537 islem’,

108 2554 284 2596 licentia
314 2560 546 2596 excusatur
581 2557 769 2597 satirica.
822 2557 935 2610 apud
958 2557 1179 2598 Manilium
1211 2557 1325 2610 quod
1357 2556 1494 2598 fertur
1526 2556 1617 2610 [HL

111 2626 214 2675 6033
245 2624 290 2678 4]
334 2622 538 2675 ‘quaeque
579 2639 705 2675 super
749 2630 907 2676 Siynum
950 2640 1123 2667 nascens
1166 2641 1190 2667 α
1232 2630 1403 2667 cardine
1438 2628 1618 2675 primum

110 2695 232 2733 tertia
263 2697 403 2743 forma
445 2690 543 2741 θεῖ’,
584 2707 790 2746 ponemus
832 2694 899 2743 id,
941 2695 1056 2747 quod
1099 2695 1258 2748 optime
1303 2693 1500 2735 convenit
1543 2692 1615 2742 eis,

111 2773 221 2812 quae
263 2761 549 2813 praecedunt,
594 2759 745 2812 ‘forma
789 2760 904 2803 erit’.
965 2776 1064 2803 nam
1104 2776 1232 2816 saepe
1273 2764 1315 2802 in
1357 2761 1479 2802 libris
1520 2775 1616 2814 per-

109 2831 278 2868 mutata
307 2828 382 2869 illa
414 2836 493 2877 est,
526 2832 604 2869 erit
646 2829 715 2884 [cf.
738 2830 910 2871 Lachm.
935 2831 989 2871 ad
1022 2831 1191 2872 Terent.
1221 2831 1361 2884 2756}
1424 2833 1616 2871 ceterum

110 2895 175 2936 vel
202 2895 301 2936 hinc
324 2902 505 2950 apparet
527 2897 714 2939 Culicem
736 2912 819 2939 non
850 2900 1090 2951 posteriore
1113 2913 1241 2951 quam
1266 2898 1449 2951 Augusti
1469 2902 1616 2939 aetate

111 2964 340 3018 scriptum,
380 2966 423 3006 in
464 2980 547 3019 quo
587 2966 746 3019 legitur
776 2967 987 3021 principio
1016 2968 1142 3009 metri
1174 2967 1294 3023 [238]
1338 2965 1615 3018 ‘inplacabilis
