1898 3292
720 208 840 232 LIBER
860 207 1049 239 QVARTVS.
1559 200 1640 239 373

133 310 332 360 leguntur
375 311 415 351 in
458 310 920 352 Transl'ormationibus
969 310 1023 363 [L
1058 311 1262 359 1553111.
1302 312 1401 365 [ml]
1448 309 1644 352 ‘subiecto

132 382 243 420 Pelio
281 375 442 419 Ossmn’
480 379 558 432 (ita
594 382 709 420 recte
751 380 884 434 docti)
927 384 970 421 et
1013 378 1220 429 ‘dictoque
1260 383 1347 419 vale
1388 384 1476 420 vale
1515 383 1645 430 inquit

133 455 171 488 et
202 444 352 495 Eclzo',
395 462 444 488 ea
474 461 571 489 vero
603 462 690 489 -non
724 448 893 502 proprio
926 462 1028 490 auso
1057 447 1228 488 admisit
1259 447 1348 498 ille,
1389 447 1461 489 sed
1494 451 1643 500 aperta

132 515 418 556 aemulatione
447 515 622 568 Vergilii
659 521 701 557 et
742 521 791 558 ut
827 521 978 570 poetae
1011 516 1230 557 clarissimi
1261 530 1406 557 versus
1436 516 1643 557 lectorum

131 584 173 624 in
219 584 467 625 memoriam
512 589 741 626 revocaret.
815 585 886 626 sed
934 585 1044 626 enim
1096 584 1207 637 quod
1253 584 1373 625 licuit
1418 584 1644 626 admittere

132 652 350 705 aequalem
374 653 537 694 Maroni
561 658 636 694 aut
665 654 905 707 proximum
938 660 1141 706 tempore,
1174 653 1382 706 posterior
1413 657 1529 694 aetas
1560 668 1643 694 non

130 720 305 774 perinde
345 721 456 762 tulit.
524 736 655 775 quare
699 726 741 763 et
776 722 936 764 Statius
978 736 1072 763 eum
1116 721 1348 763 Claudiano
1391 725 1507 762 certa
1550 721 1643 762 imi-

131 790 293 831 tatione
335 789 563 842 Vergiliani
603 790 715 831 illius
757 789 975 841 ‘inponere
1012 793 1122 831 Pelio
1165 787 1323 831 Ossam'
1371 790 1515 831 dixere
1554 790 1643 831 sine

130 858 250 900 hiatu
281 859 341 900 ita
375 858 507 912 [theb.
542 859 657 909 VIII,
691 862 762 910 7s3
798 862 862 909 21,
901 859 994 913 12]:

383 938 465 971 faxo
491 937 588 971 haud
614 938 661 972 sit
687 939 830 972 eunetis
855 938 970 972 levior
995 942 1115 972 metus
1140 942 1219 971 atra
1244 949 1390 983 movere

383 994 536 1028 Tartara
560 995 746 1029 frondenti
775 1007 881 1039 quam
908 995 1059 1039 iungere
1086 994 1215 1028 Pelion
1242 994 1366 1029 Ossae.

383 1053 591 1096 promptius
615 1052 800 1096 imponam
826 1052 971 1096 glaciali
999 1051 1128 1086 Pelion
1155 1051 1279 1095 Ossae,

135 1136 209 1162 nee
241 1122 402 1162 minore
434 1120 520 1161 sere
551 1125 745 1162 auctores
785 1120 1002 1161 christiani
1040 1120 1149 1161 istud
1195 1134 1326 1174 genus
1368 1120 1509 1161 hiatus
1551 1135 1642 1174 per-

131 1190 261 1230 secuti
285 1194 384 1231 sunt
407 1189 516 1240 odio,
548 1189 734 1243 perbene
765 1194 813 1230 ut
844 1189 1012 1239 habeat,
1047 1189 1154 1242 quod
1184 1189 1300 1230 Beda
1334 1189 1497 1243 [23:34],
1529 1193 1642 1242 post-

133 1273 258 1312 quam
302 1258 492 1299 narravit
534 1258 576 1298 in
610 1258 800 1299 confiniis
832 1258 1056 1300 verborum
1089 1258 1271 1299 breviari
1302 1257 1531 1310 aliquando
1569 1273 1644 1311 per

130 1327 292 1368 hiatum
315 1327 484 1378 longam
509 1327 708 1376 vocalem,
742 1326 861 1368 addit
882 1327 997 1377 illud,
1029 1342 1052 1367 a
1076 1327 1300 1368 neotericis
1333 1327 1639 1379 correptionem

130 1396 258 1437 talem
308 1395 454 1436 eadem
499 1395 640 1448 potius
690 1400 812 1448 parte
859 1396 1062 1437 orationis
1108 1395 1243 1436 solere
1291 1395 1473 1435 admitti.
1541 1395 1637 1447 quid

130 1469 275 1506 autem
313 1464 468 1504 mirum
511 1463 792 1517 improbatam
840 1464 1053 1505 licentiam
1097 1464 1246 1515 istam,
1295 1478 1388 1504 cnm
1432 1463 1641 1516 plerisque

129 1533 431 1586 magistrorum
463 1531 678 1574 videretur
713 1533 970 1586 [Terentian.
1000 1536 1105 1573 1652
1128 1533 1236 1586 sqq.]
1271 1533 1312 1572 in
1338 1532 1526 1573 Maronis
1560 1532 1642 1572 illis

133 1602 241 1656 [aen.
263 1602 338 1652 ΙΙΙ,
374 1602 472 1655 211]
514 1599 694 1641 ‘insulae
724 1604 839 1641 Ionio
872 1605 911 1641 ἱη1
943 1598 1110 1652 massno’
1151 1601 1335 1654 primum
1368 1601 1519 1655 pedem
1552 1614 1642 1641 esse

130 1671 345 1720 creticum,
379 1684 501 1723 quem
534 1670 726 1710 heroicus
747 1684 891 1711 versus
922 1684 1006 1711 11011
1032 1670 1191 1723 recipit.
1250 1669 1380 1722 igitur
1406 1670 1644 1710 timuerunt

129 1740 277 1791 longas
308 1738 499 1780 breviare
531 1739 573 1779 in
604 1738 714 1780 thesi
737 1739 937 1789 Avianus,
965 1738 1175 1782 Sidonius,
1202 1739 1399 1787 Avienus,
1433 1738 1641 1789 Sedulius,

131 1810 299 1857 Arator,
330 1807 626 1858 Maximianus,
648 1807 868 1858 Luxorius,
902 1807 1117 1858 Boethius,
1152 1807 1420 1848 Prudentius.
1470 1822 1566 1847 nani
1599 1807 1642 1847 in

129 1876 254 1917 huius
282 1875 402 1917 libris
432 1891 622 1917 normam
658 1876 781 1917 modo
813 1877 1072 1929 propositam
1109 1876 1304 1928 quotiens
1327 1876 1478 1916 evertit
1502 1875 1639 1916 Obba-

130 1946 240 1996 rius,
281 1944 439 1986 totiens
479 1958 621 1986 errore
665 1944 836 1986 labitur.
906 1959 927 1986 e
972 1945 1122 1986 ceteris
1169 1944 1332 1985 diversa
1374 1944 1639 1997 potissimum

130 2013 233 2055 haec
263 2013 418 2055 notavi.

243 2083 304 2123 Ac
334 2082 518 2136 primum
549 2081 718 2134 quidem
750 2081 934 2135 Porfyrii
965 2086 1146 2122 metrum
1181 2081 1267 2123 tale
1300 2081 1386 2135 [21,
1426 2082 1520 2135 11]:

381 2161 451 2194 rite
476 2160 574 2203 velit,
600 2160 720 2194 medio
747 2161 833 2194 dum
858 2161 893 2194 111
921 2161 1065 2205 agmine
1092 2161 1238 2195 eoloeat
1263 2161 1361 2203 astri,

130 2234 178 2271 ut
218 2229 321 2271 alios
351 2230 478 2271 etiam
511 2229 702 2270 duriores
734 2234 776 2270 et
807 2245 831 2270 a
863 2233 965 2271 nota
996 2234 1087 2271 arte
1116 2230 1276 2271 alienos
1307 2229 1450 2270 hiatus
1483 2233 1640 2282 (exeni—

130 2299 200 2352 pla
243 2302 343 2339 sunt
379 2297 506 2339 haee:
547 2302 583 2348 5,
620 2301 692 2348 213
727 2303 763 2349 9,
799 2302 872 2350 243
908 2302 974 2350 11,
1008 2300 1054 2350 63
1086 2301 1151 2349 18,
1185 2301 1260 2349 12;
1297 2302 1369 2349 16;
1401 2312 1466 2351 pg.
1498 2301 1564 2347 64,
1598 2297 1641 2349 3)

130 2366 458 2420 praeteribimus
480 2371 681 2407 excusata
702 2367 1043 2420 praestigiorum,
1067 2366 1219 2419 quibus
1241 2367 1390 2418 utitur,
1416 2365 1641 2407 mirificen-

130 2436 388 2477 tissimorum
422 2434 685 2477 difficultate.
746 2439 792 2476 at
823 2450 847 2476 a
876 2435 1091 2476 Prisciano
1131 2440 1282 2488 quater
1310 2439 1482 2483 ilzszclae,
1513 2434 1642 2475 semel

137 2506 374 2555 Gymnesiae
417 2507 611 2556 correpta
650 2504 822 2557 ponitur
864 2503 1010 2544 ultima
1055 2504 1226 2557 [perieg.
1261 2507 1366 2554 4593
1402 2508 1500 2554 5203
1537 2506 1640 2552 5673

133 2575 235 2621 6103
268 2572 384 2626 464]
446 2585 573 2624 porro
605 2571 735 2613 habet
757 2572 1031 2613 Δ11130111113111
1063 2572 1327 2625 praefatione
1358 2572 1408 2612 ad
1440 2572 1639 2612 lectorem

135 2640 225 2694 [39]
268 2639 388 2681 initio
431 2653 574 2680 versus
615 2643 681 2680 hic
712 2654 785 2691 eqo
817 2643 1020 2681 Ausonias
1062 2641 1229 2694 (notum
1275 2641 1429 2693 quippe
1472 2654 1496 2680 a
1534 2639 1640 2679 chri-

132 2708 279 2748 stianis
319 2708 421 2749 illud
467 2722 553 2759 eqo,
591 2712 640 2749 ut
672 2712 763 2756 duc),
806 2722 930 2761 saepe
962 2708 1202 2749 adhibitum
1235 2722 1311 2761 pro
1342 2707 1522 2760 iambo);
1565 2722 1642 2748 nee

132 2781 276 2817 tamen
316 2777 440 2817 credo
486 2777 528 2816 in
570 2777 876 2829 epigrammate
914 2777 1002 2817 eius
1047 2777 1133 2830 [77‚
1169 2777 1209 2830 1]
1252 2781 1366 2816 recte
1408 2776 1511 2816 ferri
1554 2773 1641 2816 ‘de-

132 2848 299 2884 formem
331 2847 491 2894 quidam
525 2853 562 2884 le
595 2848 746 2892 (licant,
786 2847 942 2895 Crispa,
975 2859 1048 2895 eqo
1081 2848 1191 2885 istud
1220 2841 1394 2892 nescio',
1433 2843 1506 2884 ubi
1534 2843 1641 2884 bene

135 2911 246 2954 docti
276 2920 318 2952 at
350 2926 435 2963 eqo.
493 2912 628 2953 simile
656 2918 799 2953 autem
832 2914 1071 2966 exemplum
1104 2913 1322 2954 sedulium
1351 2912 1566 2953 admisisse
1597 2912 1641 2955 in
