1898 3292
898 828 1028 879 VII.

633 957 900 1009 LIBER
944 957 1317 1011 SEXTVS.

207 1183 279 1225 DE
313 1183 557 1224 MVTATIS
593 1183 820 1234 ALIOQVI
853 1182 1301 1233 QVANTITATIBVS
1339 1183 1715 1226 SYLLABARVM

422 1252 491 1293 ET
525 1251 600 1292 DE
633 1251 945 1293 VERBORVM
977 1251 1147 1293 TMESI
1177 1252 1248 1292 ET
1281 1252 1509 1293 ENCLISI.

319 1355 408 1395 Iam
439 1355 551 1396 sicut
579 1355 620 1395 in
650 1354 812 1395 ultimis
842 1354 996 1405 verbis,
1030 1354 1092 1395 ita
1121 1355 1163 1395 in
1195 1354 1346 1395 mediis
1369 1368 1463 1395 cum
1487 1369 1590 1396 cura
1611 1355 1716 1396 illud

205 1423 349 1464 decuit
381 1423 506 1464 vitari
540 1422 594 1464 ab
626 1422 877 1464 auctoribus
906 1423 1087 1473 Latinis,
1129 1437 1181 1464 ne
1223 1424 1382 1464 eversis
1423 1423 1605 1464 modulis
1635 1423 1716 1478 syl—

204 1491 402 1533 labarum
431 1492 563 1546 pedes
594 1495 947 1545 permutarentur
969 1505 1073 1532 neve
1097 1505 1173 1545 pro
1205 1491 1348 1532 iambo
1380 1492 1610 1533 trochaeus
1643 1496 1717 1533 aut

205 1574 283 1614 pro
331 1560 502 1615 dactylo
550 1564 784 1614 poneretur
831 1559 1178 1613 amphibrachus.
1241 1564 1283 1601 et
1322 1560 1383 1600 illi
1430 1560 1602 1613 quidem
1643 1561 1716 1601 do-

205 1629 369 1670 ctrinae
400 1628 600 1670 ubertate
638 1632 680 1670 et
708 1628 899 1682 ingenita
930 1629 1013 1669 tuti
1045 1628 1199 1670 indole.
1259 1642 1336 1669 nos
1367 1642 1467 1669 vero
1500 1628 1717 1682 plerisque

205 1701 397 1738 veterum
429 1697 717 1739 monumentis
749 1696 914 1751 pridem
954 1697 1133 1750 perditis
1167 1700 1243 1738 aut
1272 1697 1506 1738 imminutis
1538 1697 1718 1738 haerere

206 1765 439 1818 aliquando
467 1769 511 1807 et
533 1779 680 1808 errare
702 1766 744 1806 in
768 1766 1011 1819 quantitate
1034 1779 1184 1807 vocum
1207 1779 1290 1807 non
1314 1769 1378 1807 est
1400 1765 1515 1819 quod
1538 1766 1716 1806 mireris.

320 1834 462 1875 Veluti
494 1848 578 1876 non
609 1835 714 1876 satis
746 1838 944 1876 constare
975 1838 1093 1888 puto,
1125 1835 1308 1888 longane
1341 1848 1395 1875 an
1427 1834 1545 1875 brevi
1577 1835 1718 1888 prima

206 1902 337 1943 fuerit
375 1906 561 1954 yabalm,
604 1902 829 1944 deficiente
869 1903 1028 1957 quippe
1068 1904 1341 1945 auctoritate.
1403 1903 1493 1943 eius
1534 1903 1716 1956 primam

206 1971 412 2024 produxit
441 1972 678 2026 imperator
710 1971 928 2014 Macrinus
959 1986 1085 2014 versu
1116 1971 1193 2012 tali
1238 1971 1332 2026 [Iul.
1366 1970 1545 2025 Capitol.
1579 1974 1643 2022 11,
1675 1971 1718 2024 G]

220 2043 351 2090 <seculis
396 2043 565 2082 Latinus
605 2043 778 2092 {sabalus
824 2044 899 2082 isle
943 2038 1071 2092 fecit’.
1140 2039 1215 2081 sed
1254 2040 1383 2081 huius
1428 2039 1719 2081 testimonium

208 2122 303 2149 cum
345 2109 401 2150 sit
439 2109 612 2150 minime
653 2109 865 2163 amplum,
911 2109 1086 2150 maioris
1130 2108 1291 2162 poterit
1336 2108 1472 2149 videri
1516 2108 1720 2149 momenti

207 2176 333 2228 illud,
378 2177 494 2230 quod
535 2178 696 2219 saeculi
727 2192 767 2232 p.
797 2178 893 2219 Chr.
929 2193 966 2219 n.
1002 2177 1120 2219 tertii
1151 2181 1281 2231 poeta
1311 2177 1354 2218 in
1386 2176 1555 2218 nomine
1586 2179 1720 2217 Helio-

207 2248 346 2295 gmbalz'
367 2250 420 2287 >et
449 2249 587 2287 metro
623 2247 772 2299 utique
805 2246 1017 2301 dactylico
1049 2246 1174 2287 tmesi
1214 2260 1316 2287 usus
1356 2246 1420 2286 ita
1465 2244 1600 2286 ‘Hele'o
1629 2260 1718 2285 nam

207 2312 401 2364 (labala-ss
450 2314 616 2369 [Pomp.
650 2329 710 2368 gr.
742 2315 815 2356 lat.
849 2315 896 2366 V,
938 2315 1039 2369 309]
1087 2317 1236 2367 aperte
1284 2314 1494 2367 corripuit
1536 2314 1719 2367 primam

207 2382 326 2422 verbi
366 2382 490 2423 istius
532 2386 664 2435 atque
704 2385 806 2424 item
844 2383 1044 2425 Sidonius
1080 2386 1123 2424 et
1154 2383 1390 2423 venantius
1429 2383 1472 2422 in
1511 2382 1719 2422 vocabulo

210 2449 402 2491 Gallicae
430 2451 569 2504 gentis
600 2451 840 2504 cognomini
872 2452 933 2492 sic
964 2451 1223 2505 [propempt.
1253 2450 1308 2491 ad
1338 2450 1410 2491 lib.
1437 2454 1512 2501 233
1545 2450 1719 2491 miscell.

209 2518 321 2569 VIII,
353 2522 390 2570 3,
426 2519 547 2574 161]:

439 2601 518 2632 tum
542 2601 678 2632 terram
705 2598 886 2634 Gabalum
911 2599 999 2632 satis
1026 2599 1198 2633 nivosam.

437 2655 627 2690 Privatum
655 2654 827 2699 Gabalus,
854 2655 1038 2690 Iulianum
1062 2655 1252 2690 Arvernus
1277 2656 1476 2691 abundans.

212 2724 437 2766 conficitur
461 2727 606 2766 tamen
637 2737 724 2775 res,
758 2724 793 2765 si
824 2729 940 2766 recte
972 2724 1208 2775 Vahlenus,
1238 2738 1364 2778 quem
1397 2725 1533 2766 secuti
1562 2738 1720 2775 sumus,

214 2793 422 2834 Varronis
444 2793 588 2844 verba,
621 2806 732 2846 quae
764 2796 863 2834 sunt
892 2806 958 2846 ap.
981 2792 1087 2834 Non.
1111 2807 1140 2834 s,
1164 2807 1199 2834 v,
1242 2791 1465 2847 ‘gabalus'
1502 2793 1615 2848 [117‚
1642 2791 1721 2848 10],

211 2861 379 2914 redegit
409 2862 451 2902 in
483 2875 643 2903 versus.
703 2875 802 2903 nam
833 2861 952 2915 prior
984 2864 1049 2902 est
1078 2862 1196 2902 talis:

440 2953 506 2975 nos
536 2942 693 2985 barbari,
722 2941 821 2985 quod
845 2942 1061 2975 innocentes
1088 2942 1123 2974 in
1150 2941 1321 2984 gabalum
1347 2941 1560 2986 suffigimus.
