1898 3292
723 225 843 249 mnan
862 225 1071 250 SECVNDVS.
1574 217 1651 254 187

149 326 190 366 in
231 326 386 378 quibus
416 325 556 367 verbis
589 330 771 380 apparet
811 326 1001 379 ineptum
1035 340 1126 367 esse
1154 330 1274 367 vultu.
1338 327 1410 367 sed
1438 327 1502 367 vel
1531 332 1652 369 cnlln.

147 394 262 447 quod
292 407 370 448 pro
405 408 453 435 eo
484 408 667 448 posuere
698 394 904 448 plerique,
939 393 1309 435 subabsurdumst.
1360 394 1510 435 debuit
1541 395 1650 435 enin]

146 477 224 516 pro
252 463 450 504 Lacaena
482 466 596 504 certe
629 462 712 503 dici
744 462 923 504 Graeca.
974 466 1214 516 praeterea,
1245 462 1350 504 illud
1380 463 1413 503 si
1441 462 1652 516 probaris,

147 530 409 572 claudicabit
430 531 471 572 in
495 531 771 584 sequentibus
793 531 934 573 verbis
957 532 1085 572 situm
1108 531 1360 572 antitheton.
1414 545 1498 572 non
1521 531 1653 572 stabit

147 613 224 640 sua
257 598 472 653 elegantia
502 613 662 651 versus,
694 599 775 640 nisi
807 600 1053 653 scripseris:

761 702 869 736 quem
895 691 990 735 petit
1016 690 1147 725 dextra
1172 691 1289 725 virum

487 747 668 793 Lacaena,
694 749 767 783 ritu
793 748 929 782 ferrum
953 748 1223 783 Amazonidum
1246 748 1404 792 gerens?

143 827 186 867 in
220 827 374 881 quibus
406 832 675 870 Amazone'des
706 828 814 869 dixit
846 831 1018 869 secutus
1050 827 1296 881 Vergilium.
1341 853 1395 858 -—
1437 842 1568 882 porro
1609 829 1650 868 in

146 895 296 937 eadem
326 895 476 937 fabula
508 897 600 952 [59]
631 911 709 950 pro
742 897 1018 950 anapaestico
1050 897 1150 938 tali:

726 988 912 1032 dubioque
937 988 1043 1022 nimis

726 1045 871 1080 excelsa
894 1045 995 1079 locas

145 1124 437 1177 reponendum
469 1139 562 1167 esse
606 1124 826 1177 ‘dubioque
857 1130 966 1167 locas
999 1128 1116 1166 nimis
1149 1123 1352 1166 excelsos’
1397 1139 1447 1166 ea
1478 1140 1523 1166 re
1554 1140 1651 1178 pro-

144 1192 285 1243 batur,
308 1193 422 1246 quod
441 1193 686 1235 Florentino
710 1194 855 1236 codice
874 1194 1125 1248 scriptumst
1165 1193 1221 1235 Ἥ.
1241 1198 1264 1235 l.
1290 1199 1472 1235 excelsos
1494 1198 1610 1234 nimis
1625 1192 1650 1234 '.

143 1286 198 1291 —
230 1266 457 1315 praeterea
488 1263 530 1303 in
562 1262 747 1304 Hercule
779 1262 939 1304 Oetaeo
969 1262 1076 1303 haec
1105 1262 1306 1315 leguntur
1337 1263 1479 1317 [153]:

487 1354 524 1387 in
549 1353 647 1388 nudo
672 1354 814 1399 gladius
842 1365 999 1398 corpore
1026 1353 1207 1397 frangitur

487 1414 522 1446 et
548 1423 675 1445 saxum
704 1411 829 1454 resilit,
858 1410 1003 1454 fataque
1028 1411 1193 1455 neglegit

487 1472 525 1503 et
547 1472 704 1503 mortem
729 1468 909 1502 indomito
935 1479 1091 1512 corpore
1117 1471 1305 1512 provocat.

144 1551 193 1589 ut
220 1548 429 1599 omittam,
461 1563 588 1602 quam
622 1549 677 1590 sit
707 1549 922 1601 ingratum
954 1548 1128 1589 minimo
1160 1548 1386 1589 intervallo
1423 1548 1651 1601 repetitum

145 1616 401 1657 vocabulum
442 1620 628 1668 corporis
671 1617 714 1658 in
754 1620 841 1658 tam
886 1617 1099 1670 castigata
1140 1616 1327 1658 dictione
1360 1617 1566 1666 Senecae,
1607 1616 1649 1656 id

145 1682 227 1725 hoc
267 1684 361 1725 loco
403 1685 543 1739 ipsum
588 1699 728 1739 neque
768 1685 823 1726 ad
863 1699 952 1726 rem
995 1685 1100 1726 facit
1143 1699 1282 1738 neque
1324 1689 1440 1726 recte
1479 1684 1648 1725 dicitur.

147 1752 242 1805 quis
285 1753 415 1803 enim,
460 1754 637 1804 amabo,
678 1753 897 1795 hominum
939 1767 1118 1807 corpore
1156 1754 1300 1807 potius
1342 1767 1471 1807 quam
1510 1753 1652 1794 animo

146 1820 402 1874 provocabit
424 1822 731 1873 adversarium,
761 1823 843 1863 nisi
866 1823 938 1875 qui
968 1822 1096 1876 plane
1129 1822 1258 1864 corde
1290 1822 1505 1863 caruerit?
1539 1820 1653 1874 quod

145 1889 347 1942 quoniam
368 1904 452 1931 non
473 1891 534 1932 ita
556 1890 637 1932 fuit
656 1891 699 1932 in
722 1891 920 1942 Hercule,
950 1890 1223 1932 scribendum
1246 1892 1443 1932 existimo
1467 1897 1650 1942 pectore.

144 1962 371 2011 praeterea
406 1962 556 2000 extant
585 1959 628 2000 in
661 1959 811 2001 eadem
842 1959 992 2001 fabula
1022 1959 1128 2000 talia
1159 1960 1300 2015 [353]:

419 2055 548 2090 dilexit
572 2055 698 2099 Iolen;
728 2067 859 2101 nempe
887 2067 971 2091 cum
995 2059 1110 2091 staret
1134 2068 1266 2101 parens

419 2113 589 2157 regisque
615 2116 738 2147 natam
763 2116 919 2158 peteret.
967 2113 1004 2147 in
1029 2113 1185 2148 famulae
1209 2114 1331 2148 locum

418 2170 546 2214 regina
571 2170 716 2205 cecidit.
764 2170 927 2215 perdidit
952 2171 1046 2205 vires
1072 2182 1184 2214 amor,

418 2228 644 2272 multumque
671 2229 716 2263 ab
741 2228 803 2262 illo
830 2228 944 2262 traxit
967 2227 1092 2262 infelix
1118 2231 1244 2263 status.

145 2317 308 2355 multum
338 2313 463 2364 illud,
504 2313 618 2367 quod
657 2327 742 2354 non
777 2313 885 2355 bene
915 2314 1021 2355 facit
1052 2314 1107 2355 ad
1139 2314 1388 2355 elevandam
1424 2314 1653 2355 Deianirae

146 2395 305 2432 curam,
338 2396 423 2423 non
451 2386 568 2423 recte
597 2381 757 2423 habere
787 2382 887 2424 libri
915 2382 1098 2424 Medicei
1129 2383 1346 2436 scriptura
1379 2385 1581 2437 apparet,
1609 2383 1652 2422 in

146 2464 230 2504 quo
270 2449 458 2491 habetur
500 2454 744 2501 valeamque.
816 2450 1090 2492 scribendum
1135 2454 1279 2492 autem
1322 2455 1546 2502 vulnusque
1587 2450 1653 2490 vel

145 2518 289 2572 potius
317 2522 525 2569 ulcusque,
553 2522 601 2559 ut
633 2522 700 2560 illo
733 2518 788 2559 ad
810 2518 1039 2560 Herculem
1071 2520 1298 2573 pertineat.
1348 2520 1410 2560 ita
1439 2520 1569 2560 etiam
1601 2518 1653 2559 de

147 2600 292 2628 amore
337 2587 456 2640 turpi
501 2587 728 2628 Lucretius
779 2586 913 2628 ‘ulcus
957 2591 1060 2628 enim
1104 2591 1266 2629 vivescit
1312 2595 1349 2629 et
1393 2590 1655 2628 inveterascit

146 2652 334 2697 alendo'.
395 2669 534 2708 neque
580 2656 690 2696 enim
735 2670 955 2707 veremur,
1001 2670 1054 2697 ne
1100 2657 1195 2709 quis
1239 2656 1357 2697 dicat
1401 2655 1652 2697 indecorum

147 2726 297 2764 ulceris
333 2722 512 2764 verbum
545 2723 750 2775 Senecae,
791 2725 863 2778 qui
906 2724 1063 2765 dixerit
1103 2725 1251 2765 itidem
1292 2724 1548 2765 vetustiores
1587 2737 1651 2764 se-

148 2795 271 2833 cutus
315 2790 518 2842 ‘expuere
547 2790 773 2842 spirirum&
822 2818 863 2821 -
913 2792 967 2833 ab
1008 2792 1158 2833 eodem
1189 2806 1273 2833 non
1305 2792 1433 2833 credo
1465 2792 1651 2845 positum

146 2860 189 2900 in
221 2859 303 2900 hac
334 2859 483 2901 fabula
514 2859 635 2914 [520]
667 2862 798 2901 tabum
829 2865 1031 2912 fluentem,
1064 2860 1139 2901 sed
1164 2865 1370 2911 fluentum.
1430 2873 1509 2901 nec
1541 2859 1651 2903 enim

149 2931 264 2970 labus
295 2928 454 2982 legitur
484 2927 598 2970 alibi.
630 2953 684 2958 ——
712 2928 871 2971 ibidem
903 2929 1054 2985 [1005]
1085 2928 1193 2970 haec
1224 2931 1444 2983 prostant:
