1898 3292
771 226 1007 252 OPVSCVLVM
1027 227 1081 251 111.
1596 215 1671 253 571

375 330 470 363 hanc
495 341 593 362 aram
615 329 700 363 luco
726 329 864 371 statuit,
891 340 981 372 quae
1006 339 1175 360 maxuma
1201 337 1346 370 semper

376 387 520 421 dicetur
545 387 661 429 nobis,
687 390 724 420 et
750 386 820 420 erit
845 397 936 429 quae
961 396 1131 418 maxuma
1156 395 1311 428 semper.

376 456 464 478 auro
491 444 624 478 emitur
648 442 797 486 Glauce,
823 441 950 476 Danae
976 441 1225 485 corrumpitur
1248 452 1347 475 auro.

379 501 525 535 occidet
551 503 588 535 et
612 511 762 544 serpens
789 502 826 533 et
851 499 959 532 fallax
988 498 1102 532 herba
1128 498 1258 532 veneni

378 557 533 592 occidet.

994 615 1034 646 ut
1059 611 1128 646 sibi
1154 612 1270 655 quivis

377 674 501 716 speret
524 671 630 714 idem,
657 670 764 705 sudet
789 669 944 703 multum
969 669 1175 713 frustraque
1199 668 1344 703 laboret

377 740 484 762 ausus
510 728 618 761 idem.

377 786 451 819 sive
478 797 519 819 ea
547 796 655 818 eausa
682 785 811 829 gravis,
839 784 912 818 sive
939 795 981 817 ea
1007 794 1116 816 causa
1141 783 1240 816 levis.

378 841 535 886 Cynthia
561 842 678 886 prima
705 841 782 884 fuit,
810 839 967 885 Cynthia
994 839 1074 874 finis
1100 840 1180 874 erit.

377 900 406 932 si
430 898 629 943 pranderet
654 899 732 932 olus
757 898 950 942 patienter,
978 897 1126 941 regibus
1151 897 1204 930 uti

378 955 494 989 nollet
516 955 743 1000 Aristippus.
793 955 821 988 si
848 955 958 988 sciret
984 954 1131 998 regibus
1158 954 1220 995 uti,

377 1025 450 1046 non
478 1012 678 1058 pranderet
703 1012 779 1046 olus
806 1012 867 1056 qui
894 1023 950 1045 mc
976 1013 1088 1044 notat.

925 1068 1008 1110 tola,
1035 1067 1096 1111 qui
1122 1067 1233 1101 fuerit
1258 1068 1348 1111 pius=

375 1129 530 1170 rogante
556 1129 670 1170 ponat
694 1128 821 1168 matre,
850 1125 911 1169 qui
938 1137 1009 1159 non
1038 1128 1094 1158 est
1119 1124 1210 1168 pius,

376 1184 530 1228 incipiat
555 1196 575 1216 a
601 1194 669 1217 me.

377 1244 467 1284 quot
491 1240 632 1274 caelum
657 1239 789 1283 stellas,
817 1242 873 1274 tot
896 1239 1009 1273 habet
1033 1242 1096 1272 tua
1120 1237 1240 1272 Roma
1264 1238 1414 1281 puellas.

996 1296 1157 1330 carmina
1181 1298 1323 1328 tantum

376 1357 502 1388 nostra
528 1354 659 1397 valent,
685 1353 835 1398 Lycida,
865 1353 937 1387 tela
962 1353 1058 1386 inter
1082 1351 1228 1394 Martia,
1257 1355 1434 1395 quantum

377 1411 558 1445 Chaonias
585 1410 712 1444 dicunt
737 1410 857 1454 aquila
880 1410 1049 1444 veniente
1076 1409 1275 1443 columbas.

927 1466 1219 1510 Laertiadaeque
1246 1466 1418 1509 precaris,

377 1537 469 1570 quae
494 1525 638 1568 meruit,
665 1537 767 1569 quae,
795 1525 824 1558 si
849 1525 885 1558 di
911 1528 1004 1566 sunt,
1032 1535 1104 1557 non
1130 1535 1222 1556 vana
1248 1523 1420 1566 precaris.

823 1582 1012 1615 absentem
1038 1584 1079 1614 ut
1105 1583 1228 1614 cantat
1254 1580 1408 1613 amicam

377 1639 490 1673 multa
516 1639 683 1682 prolutus
707 1650 826 1683 vappa
852 1641 961 1672 nauta
986 1640 1095 1682 atque
1119 1637 1238 1671 viator

377 1696 558 1738 certatim,
586 1695 735 1729 tandem
762 1695 876 1729 fessus
904 1694 1063 1728 dormire
1091 1694 1210 1728 viator

378 1753 520 1797 incipit.

286 1834 485 1875 Ceterum
516 1833 785 1886 perspicuam
819 1831 872 1872 ob
906 1845 1079 1872 causam
1110 1831 1154 1872 in
1186 1833 1420 1871 metrorum
1442 1829 1683 1882 longiorum

171 1902 256 1943 fine
288 1901 529 1943 accidentia
567 1899 914 1942 homoeoteleuta
954 1899 1034 1940 nisi
1073 1913 1151 1953 per
1190 1898 1555 1940 enumerationem
1598 1910 1682 1937 non

175 1969 286 2011 bene
317 1969 467 2011 eadem
500 1969 695 2010 evenient
726 1968 768 2009 in
791 1967 1014 2019 sententia,
1045 1981 1145 2009 raro
1167 1971 1215 2009 ut
1235 1967 1509 2021 reperiantur
1530 1965 1686 2007 similia

173 2038 288 2080 illius
323 2037 553 2079 Horatiani
584 2038 634 2092 [s.
666 2037 696 2087 I,
733 2040 784 2078 78
815 2036 921 2091 sq.]:

1141 2092 1272 2126 horum

377 2163 523 2196 semper
549 2162 617 2195 ego
644 2150 802 2195 optarim
822 2150 1077 2195 pauperrimus
1103 2162 1181 2184 esse
1207 2150 1412 2192 bonorum;

173 2227 259 2268 sive
291 2226 480 2268 Senecae
512 2225 646 2267 mavis
679 2225 920 2278 exemplum
952 2224 1082 2279 [Med.
1116 2224 1238 2278 695]:

915 2304 1017 2338 cuius
1044 2304 1241 2338 immensos
1267 2302 1360 2336 duae

378 2362 494 2396 maior
518 2361 710 2405 minorque
735 2361 899 2395 sentiunt
923 2360 1039 2395 nodos
1065 2360 1175 2395 ferae.

172 2440 399 2491 praeterea
428 2436 473 2477 in
502 2435 682 2476 diversis
713 2435 947 2476 enuntiatis
977 2434 1032 2476 ad
1054 2448 1202 2475 versus
1223 2433 1462 2487 iungendos
1483 2433 1683 2473 homoeo-

171 2504 344 2546 teleutis
377 2504 458 2545 etsi
488 2503 740 2557 plerumque
772 2506 952 2543 utuntur
985 2506 1139 2556 poetae
1161 2502 1302 2543 verbis
1326 2504 1474 2542 mutuo
1497 2500 1684 2553 quodam

171 2572 340 2613 vinculo
380 2572 517 2628 nexis,
565 2570 725 2612 sufficit
766 2574 913 2612 tamen
958 2571 1001 2611 in
1053 2570 1169 2611 exitu
1216 2569 1440 2623 utriusque
1483 2568 1684 2609 carminis

171 2640 264 2682 fieri
307 2640 544 2681 sententiae
587 2639 887 2688 interstitium,
935 2638 1066 2680 veluti
1112 2639 1155 2679 in
1193 2638 1309 2679 hisce
1363 2638 1477 2692 [Sen.
1512 2635 1681 2694 Hippol.

173 2712 277 2760 6693
310 2708 435 2762 469]:

727 2765 830 2797 certa
856 2762 1030 2797 descendi
1056 2763 1101 2796 ad
1126 2773 1268 2806 preces

376 2821 486 2855 finem
514 2820 574 2853 hic
599 2820 718 2853 dolori
745 2820 856 2853 faciet
880 2822 943 2853 aut
966 2820 1062 2854 vitae
1090 2819 1178 2853 dies.

378 2877 534 2911 excedat
558 2876 714 2920 agedum
738 2876 848 2909 rebus
872 2875 1038 2910 humanis
1064 2875 1200 2918 Venus,

378 2945 469 2979 quae
495 2934 643 2979 supplet
671 2944 711 2967 ac
738 2934 901 2970 restituit
925 2933 1142 2968 exhaustum
1166 2944 1292 2978 genus*>
