1898 3292
719 266 837 292 LIBER
857 266 1013 291 PRIMVS.
1565 256 1611 295 :31

110 383 284 424 pressus
318 373 382 410 est
412 369 661 421 doctorum3
694 368 807 421 vulgi
841 368 1102 409 carminibus
1135 369 1235 421 quin
1258 382 1392 421 usque
1415 368 1469 409 ad
1491 368 1616 409 finem

109 439 272 480 liberae
311 438 372 479 rei
413 437 614 491 publicae
656 437 870 478 interdum
911 437 966 477 sit
1001 440 1235 490 usurpatus
1267 450 1350 478 non
1383 437 1616 478 intercedo.

224 517 402 559 Numeri
436 517 697 571 graecanici,
735 530 818 558 non
852 516 1073 567 abdicata,
1106 530 1192 569 qua
1223 516 1384 567 Livius,
1418 517 1617 568 Naevius,

109 586 288 627 Plautus
334 587 400 627 usi
444 589 569 627 erant
609 585 826 636 libertate,
868 585 943 626 sed
985 599 1079 626 cum
1120 585 1279 626 iudicio
1323 585 1467 638 aliquo
1512 589 1616 626 tem-

108 659 274 709 perata,
305 655 349 695 in
370 654 595 708 tragoedia
616 668 892 708 permansere
916 668 1051 707 usque
1080 653 1135 694 ad
1164 666 1310 695 necem
1344 654 1385 695 C.
1410 654 1617 705 Caesaris,

109 725 152 764 111
185 723 407 765 comoedia
438 724 504 765 vel
534 724 661 764 ultra.
721 723 914 776 adeoque
947 723 1141 764 senarius
1171 722 1383 764 iambicus
1415 726 1457 763 et
1479 727 1617 777 septe-

109 793 255 834 narius
278 792 523 834 trochaicus
545 792 746 846 populari
767 807 846 833 usu
869 791 1067 833 adhiberi
1088 806 1323 845 numquam
1356 795 1454 832 sunt
1480 791 1618 841 desiti,

110 875 221 915 quae
252 875 321 903 res
353 861 483 902 etiam
505 860 691 902 Phaedri
722 860 935 914 probatur
967 860 1138 911 fabulis,
1170 860 1305 901 donec
1333 861 1518 914 primum
1541 874 1618 914 per

109 930 391 971 imitationem
424 929 833 982 antiquissimorum,
868 943 978 982 quae
1000 929 1099 969 inde
1123 928 1176 969 ab
1202 929 1422 969 Hadriano
1446 928 1618 974 coaluit,

108 1012 208 1039 mox
247 1012 325 1052 per
366 997 631 1048 barbariem,
675 1011 785 1051 quae
827 1001 927 1052 post
968 997 1021 1038 M.
1056 997 1276 1038 Aurelium
1311 997 1616 1050 Philosophum

109 1067 303 1121 obrepsit
334 1067 548 1117 Romanis,
582 1067 710 1108 etiam
744 1081 769 1107 a
801 1067 937 1108 doctis
966 1080 1117 1107 rursus
1150 1069 1249 1107 sunt
1279 1066 1454 1120 recepti.

224 1137 407 1177 Versum
454 1136 626 1189 longum
675 1136 933 1190 dactylicum
981 1135 1281 1176 catalecticum
1329 1149 1403 1176 sex
1450 1135 1619 1176 arsibus

108 1205 374 1259 totidemque
405 1204 601 1246 thesibus
634 1208 917 1255 constantem,
958 1205 1001 1244 in
1042 1218 1124 1257 quo
1162 1217 1302 1257 neque
1333 1204 1442 1245 arsis
1473 1207 1618 1257 posset

110 1273 283 1315 dissolvi
315 1277 358 1314 et
387 1287 465 1327 pro
505 1273 753 1327 pyrrhichio
795 1274 935 1326 posito
979 1273 1023 1313 in
1063 1273 1174 1313 thesi
1214 1272 1372 1325 ubique
1415 1272 1618 1313 substitui

110 1342 276 1396 syllaba
317 1341 463 1396 longa,
505 1345 676 1382 servata
703 1341 851 1383 etiam
889 1341 1142 1382 incisionum
1184 1340 1389 1382 firmitate
1432 1344 1474 1382 et
1511 1341 1619 1381 finiti

111 1411 272 1452 ordinis
293 1410 468 1452 licentia
488 1435 544 1440 ——-
566 1410 677 1451 hunc
699 1410 831 1464 igitur
852 1424 1033 1461 versum,
1067 1423 1192 1463 quem
1215 1410 1406 1450 incertae
1430 1409 1619 1462 originis,

110 1494 136 1521 a
176 1480 354 1521 Graecis
401 1483 546 1521 tamen
592 1479 810 1520 inventum
855 1479 1055 1533 princeps
1101 1478 1346 1519 nobilitavit
1394 1478 1619 1529 Homerus,

112 1550 402 1590 Romanorum
432 1548 628 1602 poeticae
658 1548 925 1602 Latinaeque
961 1548 1133 1600 linguae
1164 1548 1210 1598 Q.
1244 1547 1405 1589 Ennius
1438 1547 1621 1588 Calaber

110 1618 256 1660 intulit
276 1617 402 1659 editis
425 1617 653 1659 Annalium
676 1617 798 1658 libris
831 1620 873 1658 et
895 1616 1164 1658 Saturarum.
1215 1616 1329 1657 idem
1361 1619 1403 1657 et
1435 1615 1620 1657 disticha

110 1687 274 1741 primus
306 1686 557 1740 composuit.

226 1755 370 1796 Prima
401 1758 544 1796 autem
577 1755 805 1796 Annalium
837 1754 987 1805 editio,
1033 1767 1119 1807 qua
1155 1753 1255 1794 libri
1287 1752 1621 1794 continebantur

112 1824 185 1876 VI,
216 1823 420 1865 incohata
452 1837 485 1865 c.
508 1837 544 1865 a.
568 1838 605 1865 a.
626 1838 666 1865 u.
691 1837 724 1864 c.
755 1823 907 1874 DLIX,
947 1822 1150 1864 absoluta
1180 1822 1302 1863 annis
1332 1821 1466 1863 ferme
1499 1822 1619 1875 quin-

111 1906 194 1947 que
224 1897 333 1947 post.

227 1962 276 2003 In
326 1960 587 2012 Annalibus,
642 1961 764 2015 epico
811 1960 1020 2011 carmine,
1073 1959 1256 2001 Ennium
1303 1962 1395 2000 arte
1441 1959 1622 2000 metrica

112 2033 319 2084 quantum
349 2034 496 2084 posset
523 2030 719 2084 proxime
741 2029 916 2070 Homeri
945 2032 1139 2070 secutum
1163 2027 1403 2082 exemplum
1427 2028 1621 2081 adeoque

111 2099 328 2141 interdum
359 2099 527 2153 lapsum
549 2098 747 2139 imitandi
779 2097 921 2139 studio
953 2098 1083 2139 nimio
1116 2100 1286 2138 constat
1318 2097 1430 2138 inter
1462 2111 1619 2138 omnes.

109 2168 153 2209 in
200 2167 388 2218 Saturis,
433 2167 589 2221 quibus
637 2170 783 2208 cetera
810 2167 970 2220 poesis
1013 2165 1194 2207 Latinae
1245 2179 1403 2219 genera
1448 2169 1622 2219 praeter

112 2237 312 2278 scaenica
334 2237 584 2291 auspicatus
608 2240 684 2288 est,
717 2250 772 2277 an
794 2235 1185 2277 Alexandrinorum
1213 2235 1350 2289 magis
1381 2235 1623 2288 respexerit

111 2306 284 2359 placita,
317 2319 424 2359 quos
457 2319 585 2359 saepe
616 2305 658 2346 in
690 2305 757 2346 his
789 2304 843 2346 ab
873 2318 922 2346 eo
952 2307 1122 2346 constat
1144 2303 1408 2355 observatos,
1443 2306 1622 2357 propter

112 2374 377 2428 paucitatem
409 2373 691 2427 reliquiarum
723 2374 987 2414 incertumst.

227 2443 426 2485 Ceterum
465 2442 611 2496 paullo
655 2442 783 2484 etiam
825 2442 964 2496 prius,
1009 2455 1138 2495 quam
1177 2441 1248 2482 hic
1285 2441 1348 2481 vir
1393 2454 1502 2494 quae
1535 2440 1623 2480 dixi

113 2512 262 2554 metris
305 2511 512 2553 adhibitis
555 2511 661 2552 artis
700 2511 870 2565 priscae
912 2510 1002 2551 vias
1046 2523 1097 2550 ac
1126 2510 1318 2550 rationes
1350 2522 1528 2563 prorsus
1560 2508 1622 2548 in-

112 2583 317 2632 verteret,
357 2580 527 2621 videtur
567 2583 689 2621 vetus
720 2579 826 2620 illud
857 2582 960 2620 vatis
994 2578 1269 2629 vocabulum,
1312 2591 1395 2631 quo
1428 2577 1493 2617 usi
1525 2580 1623 2617 sunt

113 2649 401 2703 antiquissimi
431 2648 486 2690 ad
506 2652 679 2702 poetam
702 2647 1042 2702 significandum,
1075 2646 1217 2688 abisse
1246 2647 1289 2686 in
1318 2648 1622 2698 contemptum.

115 2721 230 2759 certe
272 2717 460 2759 Naevius
507 2717 817 2771 epigrammate
866 2715 1096 2770 sepulcrali
1144 2718 1186 2756 et
1232 2715 1425 2755 oratione
1471 2713 1621 2766 grandi

114 2787 321 2840 gravique
352 2786 504 2827 maluit
535 2799 580 2827 se
613 2786 696 2827 dici
726 2788 924 2840 poetam:

436 2877 662 2911 immortales
688 2877 862 2911 mortales
889 2876 917 2909 si
943 2876 1040 2909 foret
1064 2875 1116 2909 fas
1144 2874 1243 2916 flere,

434 2934 567 2968 flerent
591 2935 694 2968 divae
725 2934 906 2968 Camenae
932 2933 1111 2966 Naevium
1136 2934 1294 2975 poetam,

1304 3010 1346 3043 4ss
