1898 3292
177 194 199 232 2
206 195 228 232 5
235 195 257 233 6
772 204 892 229 LIBER
911 204 1085 231 TERTIVS.

175 306 311 358 (recte
353 305 468 346 docti
509 307 694 360 misere),
745 307 1036 359 reponendum
1083 307 1281 348 existimo
1324 316 1453 349 mater
1492 322 1552 349 me
1594 313 1685 350 diva

174 376 326 415 revisit.
399 373 563 414 scilicet
609 377 708 415 ante
755 374 797 415 in
850 375 1062 429 apotheca
1109 376 1333 419 recondita
1379 380 1473 417 erat
1517 376 1683 430 lagena.

174 442 310 496 magis
352 443 482 484 etiam
525 442 657 484 dubia
700 457 767 484 res
810 445 853 484 111
899 444 1034 485 altero
1081 446 1270 486 carmine
1318 446 1389 499 [96
1432 445 1521 500 R.],
1570 445 1683 498 quod

175 510 348 564 quidem
375 512 419 551 111
455 511 672 564 plerisque
720 512 932 553 omittitur
973 512 1107 553 libris.
1171 514 1290 555 cuius
1330 513 1507 555 ultimus
1536 528 1683 555 versus

172 579 311 621 fertur
340 580 462 622 talis:

448 655 600 689 sublatis
626 658 768 699 septeni
794 656 923 699 reliqui
950 656 1017 690 tibi
1044 668 1107 690 sex
1132 658 1385 691 remanebunt.

172 717 245 759 ubi
267 717 451 759 fortasse
473 718 766 771 reponendum
799 723 947 770 reliqui
974 722 1044 760 libe·
1066 723 1243 770 quinque
1264 722 1503 768 mcmebmzl;
1535 734 1681 773 quain-

173 800 301 839 quam
334 800 483 828 sensus
514 787 703 828 nondum
736 788 839 828 satis
872 789 1109 842 expeditus

286 854 420 896 Porro
453 854 665 896 Homerus
699 855 876 897 Latinus
909 857 952 897 111
984 856 1065 897 fine
1098 857 1223 897 metri
1255 857 1387 898 habet
1418 857 1524 898 haec
1557 857 1682 912 [1683

172 924 272 977 986]
315 922 669 975 ‘Prothoenorque
697 923 978 976 Clanius-(suff,
1023 924 1196 966 ‘moveat
1226 932 1295 966 tua
1319 924 1501 966 Palem-⁷.
1554 929 1683 979 atque

169 992 231 1033 ita
269 992 553 1034 Namatianus
595 993 644 1047 [1,
678 997 777 1045 2393
813 998 914 1045 5853
946 997 1048 1045 6373
1081 994 1130 1044 II,
1166 994 1236 1048 33]
1281 991 1681 1044 Qmeplez‘clceatrum²,

179 1058 530 1112 praefecluram’,
571 1060 805 1111 ‘Oariomss',
846 1061 1188 1114 ‘.*1J.›penninum'.
1241 1063 1425 1116 denique
1450 1076 1683 1116 pepercere

172 1129 341 1170 omnino
372 1130 509 1182 quinti
541 1131 703 1171 sextive
746 1131 868 1185 pedis
908 1131 1074 1185 legibus
1108 1131 1370 1172 invertendis
1401 1131 1682 1173 Nemesianus

169 1198 213 1239 111
244 1198 528 1253 Cynegeticis,
561 1198 798 1250 Palladius,
830 1200 1130 1244 Merobaudes.
1166 1200 1381 1251 Boethius,
1415 1201 1486 1253 qui
1520 1200 1681 1241 Nucem

171 1267 383 1320 scripsere
427 1270 469 1307 et
506 1266 691 1321 Priapea
734 1272 776 1309 et
819 1269 968 1310 laudes
1012 1269 1210 1310 Herculis
1252 1272 1381 1321 atque
1427 1269 1586 1322 elegias
1631 1269 1682 1310 (le

171 1335 423 1376 Maecenate
453 1348 504 1376 ac
535 1336 715 1377 Maevio.
757 1362 810 1366 ——
853 1341 898 1378 at
930 1337 1153 1379 christiani
1186 1340 1384 1378 auctores
1417 1337 1521 1378 satis
1553 1338 1682 1378 variis

169 1408 268 1445 sunt
299 1405 364 1446 usi
396 1405 438 1445 in
471 1418 517 1445 re
550 1404 701 1445 eadem
744 1405 925 1447 iudiciis.
987 1420 1085 1447 nani
1127 1406 1302 1459 quidam
1344 1419 1509 1457 eorum,
1554 1407 1682 1448 versi-

168 1473 370 1514 ficatores
402 1472 740 1527 haudquaquam
773 1474 1023 1528 spernendi,
1067 1479 1210 1516 tamen
1254 1489 1304 1516 ex
1346 1474 1428 1516 hac
1459 1478 1584 1528 parte
1617 1488 1682 1515 re-

170 1542 325 1583 misere
374 1545 532 1593 artem,
589 1556 726 1595 paene
773 1544 921 1584 eadem
975 1557 1060 1597 qua
1106 1544 1331 1585 Lucretius
1382 1544 1584 1585 libertate
1635 1547 1683 1584 ut

171 1613 414 1661 uterentur,
456 1610 639 1652 exclusis
681 1625 783 1652 sane
824 1613 1076 1666 plerumque
1122 1612 1175 1653 ab
1209 1612 1360 1653 ultima
1391 1612 1503 1653 thesi
1535 1626 1680 1653 mono-

169 1679 357 1734 syllabis,
389 1692 572 1732 quorum
603 1680 646 1720 in
668 1694 845 1722 numero
868 1680 986 1721 fuere
1009 1681 1279 1731 Prudentius,
1314 1681 1539 1732 Ausonius,
1572 1681 1681 1722 Pau-

166 1748 290 1789 linus.
352 1747 467 1802 quod
499 1752 650 1790 contra
681 1750 933 1801 Venantius,
966 1749 1199 1791 Prudentio
1240 1750 1364 1802 longe
1397 1749 1587 1802 alioquin
1619 1750 1681 1790 in-

168 1816 320 1868 ferior,
366 1816 500 1858 multo
546 1818 757 1859 acriorest
810 1833 911 1860 usus
958 1819 1167 1860 cautione.
1236 1832 1365 1872 porro
1410 1819 1595 1859 Avienus
1639 1821 1682 1860 et

169 1885 368 1927 Sidonius
400 1899 451 1926 ac
473 1885 720 1928 Priscianus
752 1901 836 1928 non
871 1887 1067 1928 dissimili
1097 1886 1268 1928 illorum
1299 1901 1393 1928 cum
1416 1901 1505 1928 rein
1528 1890 1682 1940 gerant

168 1955 355 2005 ratione,
387 1957 432 1995 at
464 1954 742 1996 classicorum
773 1955 949 1997 hercule
980 1956 1377 2010 praestantissimos
1410 1955 1682 1996 aemulantur

167 2022 379 2064 modestia
425 2022 642 2074 Sedulius,
685 2026 857 2077 Arator,
899 2024 1160 2075 Martianus,
1202 2024 1488 2078 Reposianus,
1529 2027 1681 2065 auctor

166 2091 403 2133 Phoenicis.
473 2106 494 2133 e
537 2092 693 2145 quibus
736 2093 867 2134 semel
907 2095 1066 2135 Arator
1106 2094 1233 2135 laesit
1271 2093 1409 2146 legem
1454 2093 1497 2133 in
1538 2092 1680 2134 verbis

168 2159 306 2201 Paulli
349 2160 534 2214 apostoli
577 2161 638 2202 sic
683 2159 818 2203 ‘video
851 2166 1030 2203 clamans
1064 2175 1162 2203 caro
1201 2165 1323 2203 menti
1335 2159 1362 2211 ⁹,
1405 2161 1537 2203 semel
1577 2161 1679 2202 scri-

166 2232 265 2282 ptor
294 2228 520 2270 Phoenicis
564 2227 761 2280 ‘qeme'nos
791 2228 1072 2283 hyacinthos-2
1106 2234 1260 2283 quater
1290 2230 1531 2271 Martianus
1567 2228 1679 2271 ‘Cal-

166 2294 339 2348 liopea'‚
378 2296 473 2338 ‘das
496 2296 826 2347 tetrachordon',
867 2298 1006 2340 ‘sacer
1028 2296 1173 2349 vocg’,
1210 2296 1573 2350 ‘fontiyenarum',
1607 2298 1679 2339 Se-

167 2364 309 2406 (lulius
356 2365 555 2418 equidem
602 2365 774 2408 deciens
820 2368 1006 2419 sexiens,
1053 2367 1128 2408 sed
1168 2370 1335 2409 tantum
1383 2381 1466 2408 non
1512 2380 1680 2421 semper

166 2434 210 2474 in
241 2433 484 2475 nominibus
523 2435 710 2488 propriis
744 2439 819 2477 aut
850 2437 1043 2477 oratione
1072 2435 1315 2477 bibliorum.
1377 2436 1547 2477 omnino
1581 2435 1678 2477 abs-

165 2503 341 2544 tinuere⁴
372 2502 547 2544 licentia
587 2503 672 2544 ista
703 2504 913 2555 Avianus,
943 2504 1172 2556 Luxorius,
1205 2504 1509 2556 Maximianus,
1539 2505 1678 2559 Euge-

166 2573 274 2623 nius,
308 2570 581 2622 Octavianus,
614 2571 798 2626 denique
830 2573 903 2627 qui
936 2573 1165 2627 epistulam
1189 2573 1324 2615 Didus
1346 2573 1519 2627 scripsit
1540 2577 1678 2615 metro

165 2640 350 2682 heroico.

280 2709 433 2750 Restat
477 2711 524 2750 ut
565 2708 616 2750 de
662 2709 992 2763 spondiacorum
1033 2724 1232 2752 versuum
1274 2714 1367 2752 arte
1410 2724 1549 2764 pauca
1593 2710 1677 2752 dis-

167 2781 377 2829 serantur,
411 2791 518 2831 quos
551 2777 778 2818 claudendi
811 2777 953 2820 verbis
984 2779 1277 2834 tetrasyllabis
1300 2783 1347 2820 ut
1370 2779 1675 2833 vulgatissima,

166 2847 228 2887 ita
257 2845 487 2888 utilissima
517 2846 687 2900 longest
716 2847 851 2898 ratio,
894 2847 1052 2901 quippe
1094 2861 1204 2901 quae
1239 2851 1281 2889 et
1312 2847 1569 2901 gravitatem
1601 2848 1675 2889 ha-

165 2914 298 2956 beant
344 2914 563 2968 duplicato
613 2914 802 2968 spondeo
850 2918 892 2955 et
937 2915 1158 2956 mollitiem
1206 2916 1487 2970 amplitudine
1534 2916 1674 2969 spatii.
