1898 3292
146 201 228 240 280
734 208 851 232 LIBER
872 207 1058 237 QVARTVS.

262 312 395 363 Igitur
420 311 573 361 Graeci
606 325 683 363 pro
717 310 877 350 relicua
911 309 1117 350 sermonis
1150 309 1358 349 facilitate
1382 309 1489 349 utin
1514 308 1654 349 media

146 394 249 421 voce
280 380 437 420 factam
471 379 731 419 collisionem
764 378 998 431 patientius
1030 378 1167 418 tulere
1195 378 1465 430 plerumque,
1506 377 1568 417 ita
1611 376 1653 416 in

146 448 266 489 finito
308 448 539 489 admissam
572 447 701 488 verbo
742 460 820 499 pro
864 446 1106 499 quantitate
1143 445 1299 499 prieris
1338 445 1497 486 vocalis
1538 445 1654 485 varie

147 516 351 557 habuere.
414 517 588 557 exclusa
629 519 773 556 tamen
802 513 950 555 hiandi
979 514 1154 555 licentia
1185 528 1210 554 a
1242 514 1429 554 numeris
1459 513 1654 553 iambicis

148 588 190 625 et
231 583 484 631 trochaicis,
526 587 574 624 ut
619 583 774 636 quibus
816 582 1005 623 solvendi
1048 582 1165 622 arsin
1213 586 1255 622 et
1284 596 1362 636 pre
1393 581 1513 623 brevi
1545 581 1655 621 thesi

148 651 383 706 reponendi
422 652 595 704 longam
636 651 843 705 permissa
875 651 1000 691 venia
1033 650 1261 691 sufficeret.
1321 664 1450 704 porro
1482 650 1524 690 in
1556 649 1655 690 dac-

147 721 275 774 tylico
317 724 454 761 metro
493 719 607 773 apud
646 719 989 772 antiquissimum
1032 722 1251 759 auctorem
1284 719 1390 759 artis
1422 719 1655 759 Homerum

148 790 314 830 ineerta
345 789 503 839 multa,
547 788 648 841 quia
690 788 877 828 nondum
917 787 970 828 ab
1014 787 1126 828 omni
1168 791 1292 840 parte
1335 790 1654 840 compertumst,

149 859 362 910 digamma
401 857 609 898 aeolicum
652 860 864 909 quatenus
906 856 960 897 ab
1004 870 1053 896 eo
1097 870 1175 896 usu
1222 855 1277 896 sit
1319 855 1651 908 frequentatum.

150 940 226 967 nos
270 930 413 966 tamen
458 925 527 966 hic
567 928 614 966 ut
657 925 758 965 alibi
797 938 890 965 eam
924 924 1140 964 Homerici
1173 923 1373 964 carminis
1406 923 1656 977 respicimus

149 993 346 1044 formam,
389 1008 517 1046 quam
546 993 715 1042 habuit,
754 992 878 1033 simul
910 996 1040 1045 atque
1073 1006 1182 1033 saec.
1217 1006 1252 1032 a.
1286 992 1380 1033 Chr.
1416 992 1469 1031 VI
1500 991 1656 1031 litteris

149 1066 214 1103 est
245 1062 553 1115 consignatum.

266 1132 319 1171 At
350 1130 546 1179 Romani,
588 1144 639 1170 ne
678 1129 720 1170 in
752 1129 963 1170 vocalium
1004 1129 1174 1182 (1111110111
1215 1143 1423 1169 concursu
1457 1129 1658 1182 propriae

152 1199 272 1240 obliti
313 1199 487 1248 indolis,
529 1198 677 1238 vitium
716 1198 831 1238 haud
873 1198 1001 1239 dubie
1034 1198 1224 1239 deforme
1257 1197 1503 1238 durioribus
1536 1211 1658 1237 (1111·11-

151 1282 248 1308 vere
277 1267 487 1317 remediis,
520 1281 630 1320 quae
660 1281 736 1307 nos
767 1266 968 1320 deinceps
999 1266 1297 1320 persequendo
1328 1267 1415 1306 iam
1439 1265 1490 1306 de
1513 1265 1656 1305 hiatus

151 1351 234 1377 uno
267 1336 397 1377 verbo
431 1336 667 1377 constantis
697 1335 864 1387 legibus
899 1335 1100 1376 dicemus.

266 1405 350 1446 Sed
381 1404 549 1455 singula
572 1407 801 1456 antequam
824 1408 1097 1456 pertractem,
1130 1404 1387 1444 monendum
1420 1403 1471 1443 de
1495 1417 1540 1443 re
1563 1416 1657 1455 gra-

152 1474 335 1524 vissima,
369 1487 497 1526 quam
530 1471 674 1512 multis
704 1472 825 1512 annis
847 1476 945 1525 post
973 1472 1203 1513 editionem
1237 1473 1422 1525 priorem
1456 1470 1658 1519 intellexi,

153 1557 248 1583 011111
288 1542 343 1583 ad
384 1542 508 1582 Ennii
550 1541 740 1582 rationes
786 1541 988 1581 metricas
1032 1540 1319 1581 enucleandas
1359 1540 1660 1593 antiquissima

151 1611 293 1664 poesis
325 1610 504 1651 Latinae
530 1613 805 1650 monumenta
836 1609 1109 1661 revolverem.

269 1679 436 1719 Etenim
466 1682 514 1719 ut
543 1682 660 1719 certo
692 1681 862 1718 constat
894 1677 1097 1718 Romanis
1127 1677 1226 1717 011111
1264 1676 1441 1718 infuisse
1475 1676 1659 1717 vividum

155 1748 323 1788 0111111110
357 1761 407 1788 ac
438 1749 633 1799 vegetum
666 1747 890 1799 utriusque
925 1746 1092 1799 generis
1123 1745 1267 1786 hiatus
1303 1759 1485 1793 sensum,
1517 1748 1660 1785 tamen

154 1820 196 1856 et
236 1816 278 1856 in
322 1815 499 1870 synizesi
544 1818 586 1855 et
621 1815 663 1855 in
696 1814 871 1856 elisione
902 1814 1148 1855 adhibenda
1177 1828 1254 1867 pro
1287 1814 1536 1855 diversitate
1568 1828 1658 1854 car—

153 1884 313 1925 minum
355 1898 426 1924 eos
457 1884 576 1924 varie
609 1886 801 1924 versatos
842 1882 968 1923 modo
1015 1883 1312 1924 demonstrant
1352 1896 1549 1923 versuum
1594 1895 1659 1923 sa-

154 1953 394 1993 turniorum
437 1952 658 2005 reliquiae.
723 1965 832 2003 quae
864 1966 959 1992 cum
991 1951 1143 1992 altiore
1174 1951 1263 1993 fere
1292 1954 1488 1992 constent
1520 1951 1660 1992 elocu-

154 2022 269 2062 tione
308 2024 351 2062 et
389 2019 650 2073 legentibus,
693 2034 776 2060 non
809 2020 1082 2061 audientibus
1116 2020 1200 2060 sint
1230 2019 1488 2070 destinatae,
1527 2020 1660 2061 multo

153 2089 315 2130 habent
358 2089 498 2129 rarius
540 2088 709 2129 vocales
749 2088 919 2129 collisas
960 2088 1027 2129 vel
1067 2089 1106 2129 in
1148 2088 1298 2129 mediis
1339 2088 1479 2129 verbis
1510 2089 1574 2129 vel
1618 2089 1661 2128 in

155 2157 347 2198 confiniis
389 2156 616 2198 verborum
660 2170 787 2209 quam
823 2157 964 2197 Plauti
1006 2170 1056 2197 ac
1093 2157 1281 2197 Terentii
1324 2160 1366 2197 et
1403 2157 1660 2198 relicuorum

154 2226 253 2267 libri
286 2226 597 2275 scaenicorum,
640 2225 730 2278 qui,
772 2225 871 2265 dum
912 2225 1177 2265 audientium
1214 2225 1256 2264 in
1287 2239 1410 2266 usum
1443 2239 1520 2265 sua
1549 2240 1661 2266 com-

154 2298 330 2347 ponunt,
362 2293 561 2346 vulgares
592 2294 633 2333 in
666 2293 855 2334 tollenda
888 2293 1120 2334 offensione
1142 2293 1216 2333 illa
1237 2292 1432 2334 modulos
1455 2293 1661 2334 adhibere

153 2376 237 2403 11011
269 2365 368 2403 511111
398 2362 533 2402 veriti.

268 2430 358 2470 Nec
399 2430 507 2469 enim
553 2444 655 2471 casu
696 2430 838 2483 potuit
877 2429 1005 2479 effici,
1052 2433 1100 2470 ut
1139 2430 1181 2470 in
1223 2429 1416 2471 versibus
1457 2431 1661 2471 saturniis

155 2498 322 2548 XLVII,
356 2512 462 2551 quos
495 2499 741 2539 enumeravi
771 2499 813 2538 in
843 2498 931 2538 vita
962 2498 1087 2538 Ennii
1117 2512 1186 2551 pg.
1210 2501 1292 2539 230
1314 2512 1374 2550 sq.
1408 2499 1464 2552 (ei
1496 2513 1579 2539 non
1610 2513 1661 2539 ex

154 2566 263 2606 Livii
294 2566 530 2619 Naeviique
561 2567 686 2619 petiti
717 2567 928 2619 seriptis),
970 2570 1136 2607 tantum
1177 2567 1309 2607 octies
1340 2566 1491 2607 breves
1523 2566 1589 2607 vel
1618 2567 1661 2607 in

155 2649 190 2675 m
222 2638 427 2676 exeuntes
471 2634 733 2675 eliderentur
764 2634 952 2684 vocales,
995 2635 1148 2687 longae
1188 2648 1271 2675 non
1317 2635 1489 2688 saepius
1533 2649 1660 2687 quam

157 2703 306 2753 sexies,
344 2717 439 2743 cum
470 2703 512 2742 in
542 2703 691 2756 primis
723 2703 1013 2755 quadraginta
1043 2717 1126 2743 uno
1149 2702 1343 2743 versibus
1365 2702 1513 2743 Militis
1536 2703 1660 2743 Plau—

155 2772 271 2811 tinae
304 2775 346 2811 et
376 2771 555 2811 tetidem
579 2771 765 2811 Andriae
797 2771 1080 2811 Terentianae
1112 2771 1211 2812 illae
1243 2771 1388 2812 tricies
1422 2774 1574 2823 quater
1596 2771 1661 2811 vel

156 2839 416 2892 quadragies
449 2839 592 2889 semel,
621 2839 702 2880 hae
733 2839 935 2880 undecies
961 2839 1027 2879 vel
1058 2840 1186 2880 vicies
1217 2840 1536 2880 imminuantur.

269 2908 407 2960 Igitur
437 2908 599 2949 Ennius
641 2907 756 2962 quod
798 2911 840 2948 et
875 2908 967 2962 ipse
1006 2907 1138 2949 habet
1176 2908 1416 2949 collisiones
1449 2907 1660 2950 vocalium
