1898 3292
734 207 854 233 LIBER
871 207 1027 233 PRmvs.
1584 199 1635 237 95

133 309 289 351 ceteris
338 313 387 351 ut
433 310 614 362 quisque
659 309 785 363 plura
831 310 997 350 minuta
1046 309 1236 350 carmina
1283 309 1539 362 composuit,
1588 322 1637 349 eo

126 378 305 431 propius
349 377 405 419 ad
447 378 598 418 horum
646 379 999 419 numerositatem
1045 377 1228 429 accedit,
1271 380 1378 431 puta
1424 377 1635 428 Sidonius,

126 446 357 499 Eugenius.
431 446 667 487 notandum
720 450 864 488 autem
918 445 1046 487 etiam
1099 445 1336 488 Graeculos
1389 446 1636 487 ultimorum

125 518 369 568 temporum
411 515 680 569 potissimum
724 514 900 556 minutis
942 518 984 555 et
1026 513 1236 556 abstrusis
1277 514 1513 556 delectatos
1546 529 1637 556 ver-

126 572 283 625 siculis.

237 651 386 705 Neque
430 650 571 693 habeo
618 665 728 705 quae
775 651 933 693 addam
978 651 1060 693 nisi
1107 664 1247 705 pauca
1293 651 1345 693 de
1382 651 1550 706 hymnis
1594 655 1636 692 et

124 720 303 774 psalmis
355 720 613 762 christianis.
684 721 721 762 ei
769 720 1002 762 secundum
1054 733 1216 761 morem
1267 720 1540 761 orientalium
1588 724 1634 761 ut

126 792 383 830 canerentur
414 788 469 830 ab
502 789 730 831 Ambrosio
761 789 947 843 primum
981 802 1074 830 esse
1105 788 1351 830 institutum
1386 792 1538 830 auctor
1571 792 1635 829 est

124 858 388 911 Augustinus
435 857 707 912 [confession.
738 857 812 899 lib.
846 857 924 908 IX,
959 857 1013 911 7].
1085 857 1200 910 quod
1247 857 1310 898 ita
1348 860 1465 898 recte
1504 858 1634 898 inter-

124 925 406 980 pretabimur,
437 930 486 967 ut
508 925 700 967 dicamus
721 925 842 967 illum
864 926 1084 967 hominum
1106 925 1346 967 liberaliter
1368 925 1633 968 eruditorum

122 995 166 1036 in
206 1009 331 1036 usum
373 995 508 1055 magis
550 995 775 1048 magisque
816 994 1071 1048 pervulgato
1117 994 1235 1035 cultu
1277 994 1512 1036 christiano
1554 1008 1633 1048 pro

124 1063 384 1105 carminibus
415 1064 654 1118 rythmicis,
699 1077 809 1117 quae
839 1063 966 1117 vulgo
997 1066 1088 1104 tum
1130 1063 1393 1117 optinerent,
1439 1064 1632 1104 sanxisse

122 1132 240 1184 talia,
264 1145 374 1186 quae
394 1133 685 1186 quantitatum
705 1132 900 1185 legitima
922 1131 1198 1173 observantia
1220 1135 1363 1173 essent
1385 1132 1634 1186 composita.

123 1201 238 1255 quod
269 1215 353 1255 quo
386 1201 556 1243 facilius
587 1204 735 1255 posset
765 1200 971 1242 custodiri
1002 1203 1300 1254 praeceptum,
1334 1201 1424 1254 ipse
1456 1200 1634 1255 hymnos

123 1270 331 1323 quosdam
364 1270 625 1324 composuit,
668 1269 740 1323 qui
780 1283 859 1323 pro
904 1272 1028 1310 tanta
1072 1268 1199 1310 huius
1251 1269 1331 1309 viri
1375 1269 1634 1310 auctoritate

123 1338 321 1380 celeriter
362 1339 651 1393 optinuerunt.
713 1337 788 1379 sed
829 1337 982 1379 horum
1026 1336 1130 1390 quid
1172 1336 1226 1378 ad
1271 1350 1348 1378 nos
1379 1337 1635 1391 pervenerit,

121 1407 165 1447 in
202 1420 375 1465 magna¹
399 1407 550 1448 talium
591 1406 828 1448 carminum
858 1405 1132 1447 multitudine
1163 1408 1372 1459 tantaque
1406 1405 1513 1447 artis
1546 1405 1633 1446 dic·

121 1475 373 1529 tionumque
392 1479 435 1517 et
452 1479 805 1529 argumentorum
822 1474 1101 1516 similitudine
1119 1474 1393 1516 admodumst
1409 1474 1632 1516 incertum.

116 1544 269 1597 itaque
300 1544 571 1586 Benedictini
608 1558 704 1586 cum
746 1543 972 1586 duodecim
1012 1546 1061 1585 ut
1102 1543 1302 1597 proprios
1333 1543 1424 1584 eius
1458 1543 1631 1584 relicuis

124 1612 326 1667 operibus
366 1612 606 1655 iunxissent
647 1612 847 1667 hymnos,
896 1616 1064 1654 sextum
1109 1616 1255 1653 tamen
1294 1624 1379 1652 non
1418 1611 1633 1652 immerito

124 1685 426 1736 suspectavere
468 1682 563 1736 ipsi.
631 1695 710 1723 nec
747 1682 885 1735 magis
932 1684 1031 1723 sunt
1078 1680 1185 1722 certi
1231 1682 1438 1734 quattuor
1481 1679 1632 1721 ultimi.

124 1750 200 1792 sed
220 1749 303 1798 fuit
322 1750 473 1804 utique
495 1749 796 1792 efficacissima
820 1749 996 1791 claritas
1018 1749 1145 1791 huius
1167 1749 1248 1790 viri
1270 1748 1326 1790 ad
1341 1747 1634 1802 promovenda

120 1819 205 1861 ista
243 1819 398 1861 studia.
458 1832 558 1860 nam
601 1822 644 1860 et
675 1818 937 1861 Prudentius
979 1832 1075 1861 eum
1117 1821 1289 1859 secutus
1321 1820 1365 1858 et
1395 1816 1631 1858 Venantius

121 1890 164 1929 et
195 1887 287 1939 alii,
320 1888 393 1942 qui
423 1887 602 1943 hymnos
633 1891 676 1929 et
708 1887 900 1941 psalmos
931 1886 1214 1929 usitatissimo
1247 1899 1418 1940 quoque
1451 1899 1529 1939 per
1558 1885 1633 1926 illa

120 1959 318 2010 tempora
364 1969 561 2007 numero,
611 1956 693 1998 hoc
744 1960 810 1998 est
851 1956 1049 1997 iambicis
1099 1954 1294 1997 dimetris
1338 1954 1632 2007 trimetrisque

120 2024 374 2078 plerumque
425 2028 468 2066 et
515 2024 748 2066 trochaicis
799 2024 1064 2066 tetrametris
1118 2026 1472 2078 composuerunt,
1525 2035 1631 2076 quos

120 2093 237 2147 ipsos
268 2093 443 2147 quidam
474 2093 668 2136 dimetris
700 2093 1030 2148 dispescuerunt
1063 2092 1201 2148 [Beda
1233 2095 1364 2144 23793
1397 2092 1480 2146 80].

235 2162 320 2204 Sed
349 2162 458 2205 haec
485 2162 706 2204 hactenus.
769 2165 967 2216 superest
994 2165 1043 2203 ut
1073 2161 1230 2203 addam
1261 2161 1390 2213 illud,
1427 2174 1518 2212 eos,
1559 2160 1632 2213 qui

119 2243 197 2284 per
237 2230 426 2273 medium
464 2245 615 2273 aevum
658 2245 806 2273 versus
841 2243 1032 2285 panxere
1074 2230 1271 2281 Latinos,
1314 2229 1449 2271 multo
1491 2229 1631 2270 minus

119 2299 297 2353 Vergilii
330 2300 586 2354 Horatiique
620 2313 750 2354 quam
781 2299 1004 2341 Prudentii
1035 2298 1293 2353 Boethiique
1324 2301 1368 2340 et
1402 2297 1629 2339 Fortunati

120 2381 212 2410 sese
245 2368 300 2410 ad
333 2368 530 2422 exempla
559 2368 922 2426 accommodasse.

232 2436 324 2478 Iam
357 2437 507 2490 quales
536 2437 580 2478 in
612 2436 874 2479 stabilienda
905 2435 1189 2490 augendaque
1219 2439 1312 2477 arte
1335 2448 1533 2477 versuum
1555 2448 1633 2489 per

121 2504 271 2546 eadem
292 2508 490 2560 tempora
512 2506 777 2560 optinuerint
797 2505 987 2547 rationes
1011 2503 1321 2559 exponendum.
1374 2517 1425 2545 ac
1446 2503 1631 2557 primum

121 2573 294 2627 quidem
323 2574 601 2625 monendum,
641 2587 752 2628 quae
795 2573 922 2616 modo
964 2573 1016 2616 de
1058 2576 1294 2615 metrorum
1338 2571 1630 2625 eligendorum

120 2641 331 2684 varietate
377 2641 720 2693 observavimus,
766 2642 917 2684 eadem
959 2642 1086 2697 plane
1131 2641 1349 2696 pertinere
1394 2639 1449 2681 ad
1493 2642 1630 2681 artem

119 2722 331 2752 versuum.
391 2710 556 2752 scilicet
596 2711 726 2752 etiam
764 2710 836 2752 hic
875 2711 1082 2752 maiorem
1123 2723 1271 2752 curam
1309 2709 1353 2750 in
1395 2707 1630 2749 retinendis

125 2781 168 2819 et
195 2778 457 2820 exornandis
489 2779 561 2829 eis,
596 2791 706 2832 quae
739 2782 862 2820 erant
891 2783 1031 2833 parta,
1063 2792 1193 2832 quam
1224 2790 1335 2819 nova
1356 2780 1405 2817 ut
1425 2779 1632 2830 pararent

123 2845 404 2898 collocavere,
448 2859 586 2900 neque
625 2847 896 2901 quisquamst
926 2861 1056 2889 ausus
1085 2846 1202 2901 leges
1234 2845 1436 2887 carminis
1467 2858 1492 2886 a
1523 2844 1628 2886 Ver-

123 2914 223 2967 gilio
266 2914 502 2968 Ovidioque
550 2918 592 2956 et
634 2914 816 2957 Horatio
872 2916 1128 2958 constitutas
1179 2914 1367 2969 propriis
1417 2913 1630 2955 invertere
