1898 3292
198 226 280 265 432
807 231 927 257 Lrssmz
945 230 1102 257 SEXTVS.

198 340 263 378 est
294 339 437 377 autem
469 334 742 377 scribendum
757 350 765 375 :

472 415 696 459 longumque
721 413 987 457 diutinumque.

198 485 241 525 in
283 497 367 538 quo
409 486 714 538 praeterquam
756 481 871 535 quod
913 481 1113 521 Plautum
1149 480 1252 522 vitio
1295 480 1474 521 metrico
1515 479 1708 524 liberavi,

198 553 242 594 id
273 553 412 606 ipsum
452 550 660 606 placebit,
701 550 815 604 quod
854 549 1064 603 geminavi
1106 548 1359 589 encliticam.
1421 561 1519 588 nam
1562 551 1605 588 et
1645 551 1710 588 est

201 620 577 662 Plautinissimum.
648 620 710 661 ita
750 619 861 661 enim
907 617 1016 658 dixit
1059 617 1172 658 idem
1216 617 1260 658 in
1298 617 1545 657 Trinummo
1592 615 1706 672 [825]

195 689 306 731 ‘nam
350 696 387 730 le
428 702 562 730 omnes
601 701 840 738 saevomqu&
889 700 1153 737 severumque
1199 692 1320 736 alque
1363 689 1493 726 avidis
1541 688 1710 726 mariba·

201 755 528 799 conmzemorant'
573 761 616 798 et
654 756 813 797 ibidem
857 754 971 811 [876]
1018 754 1103 795 ‘cm'
1143 768 1217 806 (ξω)
1259 757 1488 804 liberosque
1528 756 1712 804 bonaque

200 829 486 875 commendavi,
525 822 764 867 Calliclem’.
797 849 852 855 —-
893 823 1020 864 aliter
1053 827 1196 865 autem
1228 823 1373 876 paullo
1405 822 1537 863 habet
1570 836 1638 863 res
1669 822 1711 862 iu

200 895 319 937 verbi
352 894 467 948 quod
499 897 563 935 est
598 896 732 934 statim
770 892 932 947 priore,
976 905 1104 945 quam
1145 892 1218 944 qui
1259 891 1514 945 produxisse
1543 890 1713 931 videtur

203 964 387 1006 Avienus
416 963 499 1005 hoc
527 976 653 1004 versu
685 960 855 1017 [phaen.
889 959 1009 1017 398]:

476 1046 554 1077 tum
580 1042 724 1076 succisa
750 1041 861 1076 Ceres
887 1041 1010 1075 statim
1037 1051 1119 1074 cum
1146 1040 1301 1084 mergite
1328 1040 1448 1082 culmi,

202 1118 589 1161 vetustissimorum
621 1117 817 1171 sequitur
849 1115 1090 1170 exemplum
1126 1114 1194 1171 [cf.
1228 1128 1376 1156 comm.
1405 1115 1448 1156 in
1478 1115 1584 1156 Nou.
1619 1118 1713 1162 393,

204 1187 256 1244 η,
288 1187 400 1229 sicut
422 1190 464 1228 et
494 1193 623 1228 (eratus
656 1199 733 1239 pro
764 1191 925 1226 stalmvz
956 1184 1142 1238 positum
1164 1198 1242 1238 per
1263 1183 1513 1225 trochaeum
1539 1183 1716 1224 effertur

203 1270 229 1297 a
260 1255 423 1297 Lucilio
459 1254 669 1311 [XXVIIL
701 1254 782 1310 39].
844 1252 895 1294 de
929 1266 1014 1306 qua
1045 1266 1091 1293 re
1125 1252 1233 1294 dixit
1264 1252 1523 1294 Ritschelius
1555 1252 1714 1307 [opusc.

206 1325 277 1376 IV,
316 1328 391 1366 271
430 1324 554 1379 sqq.].
627 1336 889 1376 quamquam
933 1321 1047 1376 apud
1087 1321 1295 1363 Avienum
1336 1321 1379 1361 in
1425 1320 1549 1362 bonis
1594 1320 1716 1361 libris

204 1397 269 1435 est
303 1395 403 1434 Cere
433 1396 553 1433 slate‘o
584 1396 767 1444 met-qim,
810 1405 887 1432 nec
918 1390 1185 1444 ineleganter
1217 1389 1440 1431 Heinsius:
1478 1392 1599 1430 strate·
1629 1402 1715 1430 cum

204 1465 385 1514 mer-qne.
433 1460 537 1502 alibi
569 1475 595 1502 a
625 1460 850 1514 dactylicis
881 1473 1050 1513 semper
1078 1458 1311 1512 corripitur
1343 1472 1378 1499 (ι.
1429 1471 1526 1498 nam
1550 1457 1717 1498 Venan-

204 1531 330 1582 tium‚
375 1529 449 1584 qui
491 1533 534 1571 et
563 1532 697 1570 statim
727 1532 769 1570 et
798 1536 945 1569 statum
975 1527 1103 1581 longa
1136 1527 1244 1568 dixit
1274 1527 1418 1581 priore
1461 1526 1531 1581 [cf.
1563 1525 1718 1567 Leonis

206 1600 269 1641 ed.
300 1612 369 1654 pg.
401 1599 526 1653 426]‚
569 1611 654 1640 non
684 1610 840 1639 moror.
903 1596 1018 1650 quod
1054 1610 1149 1637 cum
1180 1596 1243 1637 ita
1274 1596 1348 1647 sit,
1380 1595 1495 1648 apud
1526 1594 1604 1636 hos
1634 1608 1717 1635 nou

205 1667 332 1709 facile
374 1667 588 1709 invenitur
624 1666 700 1708 illa
728 1679 809 1708 vox
840 1669 964 1707 extra
993 1664 1180 1706 iambica
1211 1668 1350 1706 metra
1382 1668 1423 1705 et
1454 1663 1717 1717 logaoedica.

205 1737 314 1778 haec
354 1735 567 1789 quomodo
613 1734 805 1789 potuerit
849 1733 952 1776 oriri
999 1733 1261 1786 ambiguitas
1305 1731 1535 1786 principali
1580 1732 1720 1772 forma

207 1805 366 1859 supini,
410 1804 525 1858 quod
565 1807 631 1846 est
671 1810 836 1852 statum,
877 1802 1074 1844 adhibita
1112 1801 1420 1844 demonstravit
1457 1800 1718 1842 Ritschelius

207 1875 251 1930 [l.
286 1889 338 1916 m.
371 1874 485 1928 273}
552 1876 682 1927 atque
722 1872 849 1926 parili
889 1871 1055 1913 ratione
1096 1870 1277 1921 factum,
1320 1870 1432 1923 quod
1468 1873 1582 1918 itum,
1623 1883 1718 1910 cum

209 1944 417 1997 corripiat
447 1942 631 1996 primam
662 1942 852 1983 litteram
875 1940 1047 1994 vulgato
1080 1954 1172 1992 usu‚
1204 1939 1402 1993 producit
1431 1938 1609 1980 eandem
1644 1938 1719 1978 ali-

209 2011 382 2066 quando
405 2011 521 2065 apud
543 2010 814 2061 christianos,
837 2009 968 2051 veluti
990 2008 1071 2050 hoc
1093 2011 1230 2050 metro
1253 2007 1423 2049 Boethii
1455 2007 1542 2062 [IV‚
1565 2010 1603 2049 6.
1625 2007 1720 2060 4o]·.

483 2102 567 2125 nam
592 2091 661 2125 nisi
686 2093 809 2125 rectos
834 2100 1010 2125 revocans
1036 2089 1108 2123 itus

210 2164 252 2203 et
284 2161 481 2203 Aratoris
514 2161 569 2215 [a.
600 2173 668 2215 ap.
700 2159 731 2211 I,
763 2159 886 2213 836];

371 2278 375 2282 ,
487 2251 695 2285 corpusque
720 2239 816 2274 itura
840 2250 907 2284 per
932 2250 1050 2281 omne,

211 2324 286 2353 seu
322 2309 484 2352 Sedulii
515 2309 649 2351 mavis
689 2308 847 2364 [hymn.
883 2312 917 2359 1,
951 2308 1047 2361 21]:

487 2389 651 2434 reppulit
676 2388 736 2422 ille
764 2387 898 2422 famem
922 2388 1066 2422 venitus
1088 2387 1240 2421 crimine
1267 2386 1430 2420 fratrum.

326 2465 374 2506 In
407 2477 491 2519 quo
524 2463 719 2517 exemplo
751 2462 903 2516 nequis
939 2461 1045 2504 illud
1087 2461 1248 2515 culpet,
1289 2460 1404 2514 quod
1445 2459 1722 2514 participium

214 2533 440 2588 praeteriti
473 2546 499 2574 a
529 2531 660 2574 verbo
691 2532 830 2573 activo
863 2534 906 2573 et
935 2530 1208 2573 intransitivo
1240 2528 1471 2571 deductum
1502 2541 1586 2570 non
1609 2527 1722 2569 vide-

214 2606 314 2645 atur
343 2615 470 2656 posse
501 2604 630 2652 stare,
665 2600 878 2642 communi
909 2614 990 2641 usu
1019 2601 1247 2654 poetarum
1279 2598 1530 2640 Latinorum
1559 2596 1724 2651 pariter

214 2671 612 2725 antiquissimorum
645 2673 688 2711 et
719 2669 1111 2710 recentissimorum
1142 2666 1365 2709 refellitur.
1417 2667 1480 2707 ita
1508 2665 1619 2706 enim
1642 2664 1722 2705 Lu-

215 2740 338 2782 cilius
384 2739 460 2795 [II‚
495 2739 565 2793 19]
608 2736 710 2779 ‘sole
750 2750 893 2779 occaso
926 2740 1176 2788 obclucloque
1209 2732 1407 2776 tenebris’
1450 2748 1500 2776 ac
1540 2733 1724 2775 Laevius

209 2807 418 2860 ‘cupidius
446 2811 636 2849 miser-ulo
677 2804 823 2855 obilo';
863 2819 961 2848 mox
998 2805 1202 2847 Paulinus
1244 2806 1328 2859 [19,
1364 2804 1460 2857 160]
1505 2801 1577 2843 ‘ea’
1609 2804 1724 2843 obitis

214 2874 489 2926 mortalibus-2
528 2879 570 2917 et
605 2875 708 2917 alibi
743 2873 826 2932 [27,
850 2873 946 2930 568]
995 2873 1114 2925 ‘et-90
1139 2876 1320 2925 ⁴probem!
1343 2875 1449 2921 obiti,
1484 2875 1591 2922 quod
1615 2874 1722 2911 dam-

217 2960 367 2988 navere
407 2942 636 2996 maye‘stri’.
710 2947 897 2986 ceterum
948 2942 1075 2984 simili
1122 2942 1302 2983 audacia
1349 2941 1413 2982 usi
1459 2939 1724 2992 antiquiores
