1898 3292
778 210 897 235 LtBER
916 209 1090 236 TERTIVS.
1601 203 1622 240 2
1631 203 1681 241 39

176 312 417 354 communia
439 311 616 353 diducat
638 315 680 353 et
702 311 916 353 disturbet
946 313 1103 362 munia,
1133 313 1196 353 ita
1225 313 1361 366 probo
1393 317 1548 366 poetae
1579 312 1684 353 illud

176 381 299 422 unice
321 380 440 422 cordi
462 381 517 421 sit
539 384 720 434 oportet,
753 394 806 421 ne
828 380 1027 421 versiculi
1050 380 1237 421 existant
1258 381 1301 421 in
1324 395 1461 427 versu,
1488 384 1682 434 praeter-

175 462 303 502 quam
336 449 408 503 qui
440 461 620 490 caesura
649 447 768 489 fiunt.
835 448 910 489 sed
943 462 1021 502 age
1052 462 1142 489 rem
1175 449 1377 490 disertius
1407 449 1683 490 illustremus.

288 517 426 571 Igitur
469 516 707 570 principale
759 530 855 557 cum
910 521 1190 570 praeceptum
1245 518 1301 559 sit
1353 531 1500 558 versus
1541 517 1684 558 Latini

175 610 228 616 —
270 585 322 627 de
354 598 440 638 qua
469 598 516 626 re
546 585 632 625 iam
662 585 688 625 l.
719 585 759 625 II
791 585 935 626 monui
975 610 1052 636 —‚
1092 589 1140 626 ut
1180 584 1274 626 finis
1315 586 1477 626 ordinis
1518 585 1685 626 metrici

173 654 370 708 proprios
403 653 468 695 sui
497 667 696 694 numeros
729 653 892 694 referat
922 654 1111 694 sinceros
1141 657 1272 707 atque
1305 654 1497 706 integros
1532 658 1574 695 et
1601 668 1685 694 non

174 722 393 772 turbatos,
430 723 517 762 iam
559 721 642 762 erit
683 721 996 775 anquirendum
1037 721 1162 773 illud,
1207 736 1391 775 quanam
1431 722 1475 762 id
1517 723 1684 762 ratione

173 791 381 844 placitum
411 803 487 831 seu
519 790 682 831 servari
715 790 919 831 credatur
950 790 1036 831 sive
1066 790 1252 844 infringi.

289 860 350 899 Ac
381 858 567 912 primum
601 858 773 911 quidem
808 858 875 899 vix
906 859 1156 899 memoriast
1186 859 1357 911 dignum
1397 858 1531 912 probe
1575 858 1687 899 effici

174 927 389 982 rythmum
431 926 668 979 legitimum
715 926 924 968 vocabulo
968 927 1012 967 in
1060 941 1302 968 mensuram
1349 928 1440 983 eius
1486 931 1682 968 exeunte.

175 995 279 1050 quid
316 995 444 1046 enim,
486 998 535 1036 ut
573 995 654 1036 hoc
693 995 887 1048 exemplo
930 1000 1045 1045 utar,
1092 996 1311 1037 meliorem
1354 996 1677 1049 anapaesticum

174 1064 415 1120 praestabit
445 1078 670 1106 numerum
703 1078 831 1118 quam
855 1064 1031 1105 verbum
1064 1069 1346 1118 anapaestum
1371 1065 1576 1118 explens?
1610 1068 1684 1105 aut

175 1133 278 1187 quid
300 1133 437 1186 magis
469 1132 728 1187 dactylicum
762 1146 863 1174 voce
895 1132 1138 1187 dactylica?

289 1201 373 1243 Sed
403 1215 489 1243 non
520 1201 660 1242 minus
692 1205 809 1242 recte
846 1201 1069 1242 habebunt
1107 1202 1150 1242 in
1190 1202 1274 1243 fine
1315 1202 1476 1243 ordinis
1515 1202 1682 1255 positae

175 1283 323 1321 voces,
361 1283 493 1323 quae,
542 1283 636 1311 cum
684 1270 824 1323 spatio
868 1270 953 1310 sint
994 1269 1208 1323 longiore,
1257 1274 1412 1311 exeant
1452 1274 1597 1311 tamen
1642 1270 1684 1310 in

174 1339 365 1392 rythmos
409 1341 501 1380 arte
542 1338 741 1380 sancitos.
804 1339 960 1379 etenim
1003 1353 1098 1379 cum
1140 1339 1225 1379 sint
1269 1340 1427 1380 severis
1466 1338 1684 1379 clausulae

176 1406 387 1448 obnoxiae
425 1407 593 1460 legibus
636 1420 878 1460 magnaque
914 1407 954 1448 vi
996 1407 1217 1460 praeditos
1249 1407 1441 1448 habeant
1473 1420 1684 1457 numeros,

175 1475 230 1517 ab
269 1475 374 1529 ipsis
414 1475 576 1517 attrahi
615 1489 696 1529 par
737 1479 802 1517 est
843 1475 1020 1517 liberius
1065 1475 1292 1528 laxiusque
1330 1476 1559 1529 agitantiaa
1601 1489 1684 1516 non

174 1544 366 1586 invicem.

288 1612 453 1654 Deinde
484 1625 585 1654 vero
616 1612 718 1653 licet
747 1613 960 1654 sincerum
982 1626 1205 1654 numerum
1229 1612 1552 1666 anapaesticum
1575 1611 1687 1653 effici

176 1680 384 1723 vocabulo
421 1680 606 1722 iambico
650 1684 890 1735 assumpta,
933 1694 1044 1734 quae
1074 1681 1315 1735 praecedit,
1360 1681 1479 1722 brevi
1521 1680 1687 1734 syllaba

175 1763 314 1803 neque
345 1749 472 1791 aliter
501 1749 758 1804 dactylicum
791 1749 1012 1791 trochaico
1055 1763 1184 1803 super
1227 1749 1394 1800 addita,
1435 1762 1545 1802 quae
1587 1748 1686 1790 sub-

177 1819 382 1872 sequitur.
443 1818 597 1871 arripit
635 1818 747 1859 enim
788 1821 831 1859 et
871 1818 995 1871 quasi
1036 1818 1182 1859 avellit
1220 1818 1399 1872 propria
1440 1818 1479 1858 vi
1520 1817 1686 1858 locatus

175 1888 219 1928 in
265 1886 459 1929 clausula
497 1887 624 1927 metri
662 1886 834 1927 iambus
874 1890 950 1927 aut
989 1886 1221 1928 trochaeus
1263 1886 1472 1941 syllabam
1516 1885 1571 1926 ad
1617 1899 1687 1925 ex-

176 1955 380 2010 plendum
411 1954 627 2009 rythmum
659 1955 967 2005 necessariam,
1010 1958 1057 1995 ut
1088 1955 1292 2008 spatium,
1338 1954 1453 2008 quod
1494 1954 1685 2003 interest,

176 2024 448 2066 imminutum
476 2036 613 2077 paene
646 2022 880 2064 auferatur.
932 2022 1056 2073 unde⁷
1088 2027 1137 2064 ut
1168 2023 1250 2064 hoc
1281 2027 1380 2064 utar
1405 2022 1612 2075 exemplQ
1643 2022 1687 2062 in

176 2092 248 2133 illo
293 2090 428 2133 ‘arma
457 2095 666 2142 virumque
697 2088 821 2132 cano’
857 2091 982 2145 longe
1014 2092 1151 2133 minor
1181 2091 1256 2133 fiet
1285 2105 1423 2146 pausa
1445 2091 1559 2132 vocis
1590 2093 1688 2144 post

176 2164 385 2212 virumque
419 2174 546 2214 quam
578 2163 678 2214 post
709 2174 836 2202 arma.

292 2229 426 2270 Porro
457 2228 650 2282 legitima
678 2232 871 2270 noi-mast
900 2229 1158 2279 institutum,
1191 2228 1247 2269 ad
1279 2231 1558 2281 anapaestum
1589 2227 1688 2268 dac-

177 2297 366 2353 tylumve
397 2297 611 2339 sincerum
644 2295 915 2338 efficiendum
947 2300 1048 2351 apte
1079 2301 1128 2338 ut
1156 2296 1389 2338 credantur
1433 2296 1547 2337 coire
1589 2310 1687 2350 pyr-

178 2366 414 2407 richiacum
455 2365 632 2406 verbum
671 2368 714 2406 et
753 2364 928 2418 longum
969 2365 1310 2420 monosyllabum
1353 2364 1420 2406 vel
1466 2364 1548 2405 hoc
1593 2378 1688 2404 cum

178 2434 270 2485 illo,
303 2434 364 2476 sic
391 2433 576 2487 quidem,
607 2437 656 2474 ut
685 2434 852 2486 possint
881 2434 1031 2488 reponi
1063 2447 1141 2487 pro
1172 2433 1390 2488 pyrrichio
1423 2432 1533 2474 duae
1565 2445 1690 2473 voces

179 2502 357 2556 singulis
396 2501 598 2543 brevibus
641 2505 888 2543 constantes
935 2502 1133 2557 syllabis,
1175 2505 1310 2555 utque
1350 2501 1480 2542 liceat
1520 2504 1688 2554 partem

179 2570 386 2626 pyrrichii
427 2584 543 2620 eam,
590 2583 700 2623 quae
741 2583 826 2610 non
871 2570 926 2611 sit
965 2571 1168 2624 contigua
1208 2569 1525 2623 monosyllabo,
1570 2568 1690 2609 verbi

181 2652 273 2680 esse
318 2638 414 2692 plus
455 2651 584 2691 quam
631 2637 926 2692 monosyllabi.
986 2638 1094 2679 illud
1132 2642 1275 2679 autem
1314 2652 1389 2679 cur
1428 2637 1491 2678 ita
1532 2637 1587 2677 sit
1627 2637 1689 2676 in-

181 2707 395 2757 stitutum,
436 2720 515 2747 nec
558 2706 700 2759 ipsum
742 2706 823 2747 erit
861 2706 1104 2748 obscurum.
1165 2720 1264 2747 nam
1298 2706 1384 2747 arsi
1417 2719 1512 2746 cum
1554 2705 1691 2746 maior

122 2788 126 2792 ⁴
179 2775 303 2828 longe
334 2766 436 2815 insit
466 2774 528 2816 vis
559 2788 688 2828 quam
721 2774 852 2825 thesi⁷
892 2775 994 2816 licet
1024 2774 1087 2815 illi
1122 2774 1239 2816 haud
1271 2773 1399 2814 dubie
1430 2773 1603 2814 trahere
1636 2772 1691 2814 ad

181 2856 226 2884 se
263 2842 448 2884 relicuas
488 2842 611 2896 pedis
650 2846 817 2896 partes,
863 2843 898 2884 si
940 2843 1066 2884 modo
1109 2856 1193 2883 non
1235 2846 1464 2883 teneantur
1503 2841 1691 2882 firmiore

182 2910 368 2964 quodam
400 2911 569 2952 vinculo
601 2910 751 2952 alieno.
813 2910 940 2964 quale
972 2924 1054 2952 non
1086 2914 1230 2963 potest
1261 2910 1431 2961 adesse,
1473 2910 1547 2951 ubi
1589 2923 1688 2964 pro-
