1898 3292
259 200 340 237 528
870 209 1103 235 OPVSCVLVM
1122 211 1145 235 1.

256 309 521 363 graecanicis
550 309 760 351 instituta.
821 311 1005 352 videnda
1041 327 1151 365 quae
1183 313 1404 366 adscripta
1435 317 1533 355 sunt
1562 314 1616 355 ad
1641 315 1764 355 Nonii

255 378 457 419 lemmata
497 376 682 429 ‘actum,
725 378 991 432 adpulsum'3
1033 379 1229 434 ‘capel-e,
1272 379 1504 435 conplecti'
1541 383 1653 436 [243,
1688 386 1763 433 283

259 450 351 498 254,
387 445 583 502 15—17].
645 446 805 488 dictum
829 448 880 489 de
911 462 962 489 ea
993 462 1039 489 re
1070 449 1155 490 iam
1183 450 1224 490 in
1255 449 1279 490 l.
1312 450 1341 490 I.
1376 475 1428 479 —
1460 464 1597 503 neque
1630 452 1765 504 magis

256 514 448 555 adducor
490 518 538 555 ut
579 515 749 557 credam
794 516 1007 570 dactylica
1048 521 1186 558 metra
1227 518 1280 559 ab
1333 531 1382 559 eo
1425 519 1629 572 copulata
1670 533 1764 560 cum

255 583 471 634 iambicis,
513 587 561 624 ut
596 587 805 637 putarunt
837 585 1012 638 quidam
1043 586 1085 626 in
1116 586 1426 628 Eumenidibus
1459 586 1618 628 fact-um
1654 587 1763 643 [42]:

507 668 656 698 aurorat
682 665 860 698 ostrinum
885 665 943 698 1110
970 665 1118 699 indutus
1143 678 1354 710 supparum,

508 733 681 756 coronam
708 733 752 755 ex
778 734 865 756 auro
893 725 930 756 et
956 724 1108 767 gemmis
1137 722 1339 767 fulgentem
1363 724 1469 767 gerit,

505 779 587 812 11100
611 779 735 812 10011111
761 779 934 813 afficiens.

254 847 328 889 11111
368 847 543 889 tertium
584 861 752 888 versum
796 847 896 889 licet
932 849 994 889 ita
1034 849 1205 890 scandi:
1258 850 1347 890 luce'
1387 853 1514 890 locum
1565 853 1763 901 αχγὶσῖεηε,

254 916 379 970 plane
411 920 459 957 ut
491 919 555 957 est.
585 917 724 970 prima
758 917 865 957 arsis
897 917 1039 958 soluta
1071 918 1186 972 apud
1209 918 1417 959 Lucilium
1440 919 1466 959 l.
1489 918 1632 959 XXIX
1657 917 1763 975 [43]:

505 994 583 1024 tum
610 990 700 1024 illud
726 988 919 1034 ἐπιφωνεῖ,
947 991 1047 1035 quod
1077 992 1276 1026 etiamnum
1300 985 1472 1027 nobilest.

252 1074 513 1114 quamquam
546 1064 688 1113 potest
719 1074 814 1101 cum
848 1060 1084 1102 Ribbeckio
1118 1061 1248 1102 scribi
1276 1065 1391 1102 lucei.
1454 1061 1567 1114 quod
1600 1062 1635 1102 si
1666 1076 1765 1116 pro-

250 1129 391 1180 baris,
434 1129 500 1170 vel
530 1132 629 1183 post
660 1133 786 1170 locum
820 1129 1034 1182 quaedam
1066 1130 1316 1171 exciderunt
1349 1131 1392 1170 in
1423 1130 1592 1171 senario
1624 1131 1764 1171 medio

250 1198 316 1239 vel
347 1201 446 1239 ante
478 1201 604 1246 lucei,
645 1197 756 1238 sicut
788 1198 922 1239 visum
955 1198 1029 1248 illi,
1060 1198 1315 1252 principium
1351 1199 1526 1247 senarii,
1567 1199 1639 1252 qui
1672 1199 1764 1239 fini-

249 1269 369 1307 retur
400 1266 531 1308 verbo
563 1270 703 1307 locum.

364 1335 454 1376 Iam
485 1338 533 1375 ut
563 1334 741 1388 podicas
772 1334 888 1388 leges
922 1335 1213 1389 expediamus,
1256 1335 1523 1389 intellegitur
1553 1335 1764 1389 spondeos

251 1403 316 1445 vel
363 1407 623 1458 anapaestos
670 1403 736 1445 vel
784 1403 977 1458 dactylos
1022 1404 1066 1445 in
1114 1404 1271 1446 italicis
1322 1405 1470 1446 metris
1522 1405 1764 1457 promiscue

250 1486 374 1527 posse
404 1473 506 1526 poni
536 1486 615 1526 pro
646 1472 801 1514 iambis
837 1486 912 1514 seu
943 1473 1171 1514 trochaeis.
1223 1476 1414 1514 attamen
1451 1487 1527 1527 per
1557 1474 1764 1526 temporis

250 1541 479 1583 decursum
505 1541 570 1582 ita
594 1545 893 1595 temperarunt
925 1545 1074 1592 artem,
1106 1555 1158 1583 ne
1190 1542 1319 1583 nimio
1353 1555 1500 1583 eorum
1533 1555 1763 1595 gravaren-

248 1613 320 1651 tur
351 1623 480 1651 onere
511 1610 690 1651 numeri.
750 1610 956 1664 adeoque,
991 1624 1075 1664 quo
1108 1611 1203 1664 quis
1246 1610 1485 1664 elegantior
1522 1614 1672 1664 poeta,
1713 1624 1762 1652 eo

249 1679 421 1732 saepius
452 1679 495 1719 in
526 1679 736 1720 trimetris
768 1678 965 1720 iambicis
1005 1682 1047 1720 et
1077 1679 1311 1720 trochaicis
1343 1679 1599 1732 septenariis
1629 1678 1763 1720 Grae-

249 1761 396 1789 corum
429 1748 639 1802 expressit
667 1747 862 1799 formam,
894 1747 938 1789 id
970 1748 1085 1802 quod
1114 1748 1298 1789 maxime
1333 1762 1383 1789 ex
1414 1747 1508 1802 Syri
1539 1748 1763 1789 sententiis

249 1820 292 1857 et
322 1816 510 1858 Phaedri
541 1816 700 1858 fabulis
733 1820 964 1870 comparet.
1027 1817 1129 1871 quid
1160 1817 1274 1870 quod
1305 1817 1485 1867 Ennius,
1515 1816 1761 1869 antiquissi-

248 1899 342 1926 mus
384 1888 536 1926 auctor
580 1886 707 1937 artis,
754 1886 849 1927 loco
892 1885 1098 1939 quodam,
1147 1889 1189 1926 et
1231 1885 1405 1939 quidem
1456 1885 1499 1926 in
1539 1885 1762 1938 tragoedia

246 1954 410 2007 posito,
465 1954 730 1996 continuavit
778 1955 967 2007 quinque
1021 1954 1240 1996 trimetros
1291 1954 1464 1995 excluso
1512 1967 1537 1995 a
1576 1953 1761 2008 pedibus

246 2022 471 2076 inparibus
503 2022 693 2077 spondeo
725 2022 829 2077 [fab.
862 2026 944 2065 330
966 2021 1090 2079 sqq.].
1151 2022 1224 2064 ubi
1263 2036 1365 2064 sane
1397 2023 1439 2063 in
1471 2023 1615 2075 quarti
1646 2022 1761 2075 prin-

247 2091 357 2145 cipio
390 2091 659 2133 detrahenda
686 2091 849 2132 finalis:

612 2165 753 2210 ignotu'
778 2166 951 2200 iuvenum
976 2168 1103 2200 coetus
1129 2166 1270 2200 alterna
1296 2166 1385 2200 vice.

246 2249 352 2277 nam.
377 2235 439 2276 ita
475 2235 648 2288 saepius
679 2234 829 2276 eadem
861 2226 1053 2276 tollenda
1093 2235 1136 2275 in
1168 2234 1361 2276 versibus
1392 2237 1618 2288 poetarum
1651 2234 1760 2274 anti-

246 2304 444 2357 quiorum
481 2303 536 2344 ad
567 2303 842 2344 minuendum
876 2303 1162 2357 spondeorum
1192 2317 1428 2344 numerum.
1468 2328 1524 2332 —
1562 2302 1758 2343 similiter

245 2372 360 2426 apud
393 2372 591 2413 Porcium
622 2372 838 2422 Licinum,
874 2371 991 2412 Accii
1022 2372 1270 2425 aequalem,
1314 2371 1410 2424 qui,
1452 2374 1501 2411 ut
1532 2371 1760 2412 Volcacius

247 2440 486 2494 Sedigitus,
526 2440 716 2482 eiusdem
759 2440 849 2482 fere
881 2441 1088 2494 temporis
1120 2440 1269 2491 homo,
1313 2440 1486 2493 scripsit
1516 2439 1672 2480 librum
1707 2439 1758 2479 de

245 2509 397 2562 poetis,
429 2509 536 2550 duos
568 2509 703 2551 habes
735 2512 1015 2550 tetrametros
1048 2509 1292 2550 trochaicos
1323 2508 1619 2562 graecanicos:

520 2589 682 2624 Poenico
709 2589 806 2623 bello
834 2589 994 2623 secundo
1020 2588 1127 2623 Musa
1152 2589 1304 2633 pinnato
1331 2588 1446 2633 gradu

520 2647 645 2681 intulit
670 2658 707 2681 se
734 2647 949 2681 bellicosam
975 2647 1010 2679 in
1038 2645 1187 2680 Romuli
1213 2649 1363 2690 gentem
1388 2646 1511 2679 feram.

360 2717 478 2767 Quae
509 2730 604 2757 cum
636 2716 698 2757 ita
720 2715 816 2766 sint,
848 2715 1064 2757 interdum
1087 2715 1318 2765 dubiumst,
1353 2714 1557 2756 Varronis
1589 2713 1756 2754 Saturis

246 2789 388 2826 utrum
422 2798 555 2838 genus
596 2784 812 2826 habeatur
855 2785 1122 2826 senariorum
1165 2783 1447 2825 iambicorum
1490 2786 1531 2823 et
1568 2781 1756 2823 trochai—

245 2867 395 2894 corum
429 2854 783 2906 septenariorum.
827 2878 879 2883 —-
922 2857 1151 2906 praeterea
1192 2852 1309 2892 haud
1343 2865 1442 2892 raro
1476 2851 1614 2892 oritur
1646 2849 1756 2891 diffi-

248 2921 386 2963 cultas
418 2922 602 2963 iambica
637 2935 688 2962 ac
720 2921 942 2962 trochaica
965 2920 1256 2975 distinguendi
1287 2934 1313 2961 a
1342 2920 1628 2974 pedestribus,
1660 2932 1755 2959 cum
