1898 3292
275 229 356 268 500
859 238 979 263 LIBER
997 238 1198 263 SEPTIMVS.

270 343 434 393 postea.
496 339 686 381 eiusdem
715 340 758 380 in
795 339 910 389 loco,
952 340 1023 393 qui
1062 354 1114 381 ex
1154 340 1179 381 l.
1215 340 1293 381 VII
1332 340 1585 395 adsumptus
1621 341 1779 394 legitur

271 408 385 461 apud
420 408 524 448 Non.
558 422 586 448 s.
622 423 654 448 v.
697 406 866 449 ‘collus'
906 407 1015 463 [20Q
1054 408 1138 463 18],
1171 409 1230 449 sic
1261 414 1364 461 puto
1398 409 1691 450 scribendum:

1196 488 1300 522 calda
1324 488 1469 522 simeitu

452 556 494 578 ac
520 545 613 579 bene
640 544 747 588 plena
773 545 806 578 ei
830 556 914 578 vasa
941 545 1124 579 olei-orum
1151 548 1261 588 atque
1287 544 1417 579 anseri’
1445 545 1580 588 collus3

270 616 318 653 ut
359 613 562 654 omissum
605 613 659 654 sit
694 613 809 654 velut
849 617 1126 663 adponuntur.
1188 613 1261 654 ubi
1304 613 1411 654 illud
1451 628 1549 654 vasa
1578 618 1777 655 olerorum

270 681 486 722 inventurn
520 695 545 722 a
575 681 751 722 Kochio.
812 682 854 722 in
888 681 1107 723 codicibus
1137 686 1202 723 est
1232 681 1321 722 fere
1353 685 1603 731 caldissiitzffi
1636 686 1780 732 plena?

271 753 500 791 iasolorzcm.
535 775 589 780 —
621 754 847 804 praeterea
879 763 956 803 pro
989 764 1081 798 non,
1113 750 1227 803 quod
1256 750 1355 791 olim
1388 750 1468 791 fuit
1499 765 1667 792 noenum
1696 751 1721 792 i.
1744 765 1778 794 e.

271 831 321 857 tte
352 831 506 866 oenum,
549 819 659 859 sicut
701 823 850 870 layona
882 818 1040 859 dicitur
1072 832 1149 872 pro
1181 823 1368 869 layoena,
1400 823 1565 870 lamma,
1598 834 1779 873 posuere

270 900 402 926 noenu
426 886 614 927 Lucilius
637 890 679 927 et
704 887 928 928 Lucretius
963 886 1113 942 [XXX⁷
1137 890 1211 939 203
1243 887 1312 937 IVss
1337 886 1448 943 710].
1493 888 1777 941 antiquiorem

270 953 463 1005 formam,
496 968 606 1007 quae
639 954 753 1008 apud
778 955 1011 996 Varronem
1043 956 1257 996 invenitur
1288 959 1330 996 et
1352 955 1612 1007 Ciceronem,
1644 957 1778 997 Lach-

271 1036 451 1063 mannus
484 1022 617 1064 voluit
646 1023 768 1064 reddi
801 1023 925 1064 Ennii
958 1023 1151 1065 versibus
1183 1023 1248 1065 his
1283 1023 1380 1079 [28ss
1413 1022 1515 1079 sq.]:

476 1114 567 1136 unus
593 1101 702 1137 homo
732 1103 837 1137 nobis
864 1103 1071 1137 cunctando
1098 1103 1260 1138 restituit
1286 1114 1373 1137 rem.

476 1171 635 1194 noenum
661 1172 825 1195 rumores
849 1161 1012 1205 ponebat
1036 1164 1119 1194 ante
1146 1161 1317 1203 salutem3

271 1228 345 1269 ubi
388 1228 557 1270 codices
590 1228 808 1271 Ciceronis
847 1229 913 1270 bis
954 1244 1032 1270 non
1072 1233 1172 1270 enlm
1208 1243 1403 1270 rumores.
1468 1229 1541 1270 sed
1583 1229 1780 1282 displicet

272 1296 522 1351 asyndeton.
593 1297 740 1351 itaque
788 1298 932 1339 nescio
982 1312 1035 1338 an
1088 1298 1142 1339 ab
1193 1297 1328 1339 Ennio
1376 1297 1539 1338 venerit
1588 1311 1665 1338 non
1715 1301 1780 1337 eni

269 1379 466 1407 rumores.
528 1379 627 1407 nam
661 1379 736 1407 cur
768 1369 883 1415 enim,
915 1366 1068 1407 vocula
1098 1366 1381 1407 usitatissima
1411 1365 1646 1418 eademque
1682 1380 1779 1420 pyr-

270 1433 472 1484 richiaca,
504 1447 587 1475 non
615 1434 794 1488 perinde
816 1435 1006 1488 potuerit
1026 1435 1219 1476 truncari
1242 1448 1292 1475 ac
1324 1447 1507 1482 noenum,
1539 1447 1623 1474 non
1646 1434 1779 1475 video.

271 1528 324 1532 —-
356 1516 486 1556 porro
518 1506 618 1544 indu
649 1504 736 1544 sive
767 1507 870 1544 endo
903 1503 1299 1556 antiquissimorum
1332 1517 1411 1544 usu
1444 1516 1538 1544 cum
1562 1502 1779 1555 viguisset,

271 1574 368 1624 post
401 1571 646 1612 Lucretium
682 1571 878 1613 adhiberi
910 1571 1152 1622 desitumst,
1195 1575 1374 1625 excepto
1419 1571 1533 1624 quod
1565 1571 1778 1612 Iuvenalis

272 1639 327 1693 [4‚
360 1642 436 1691 293
475 1643 538 1690 10,
576 1638 692 1696 13S],
736 1639 994 1693 Optatia-nus
1031 1638 1113 1696 μῦ,
1147 1641 1207 1694 5],
1252 1639 1510 1681 Prudentius
1542 1640 1592 1694 [c.
1625 1639 1779 1693 Symm.

269 1707 306 1758 I,
339 1708 457 1762 147],
499 1707 698 1749 Sidonius
738 1709 852 1762 [pan.
882 1709 989 1749 Avit.
1023 1706 1120 1764 314]
1164 1708 1310 1749 dixere
1342 1708 1600 1749 necessitate
1632 1722 1779 1749 versus

270 1779 617 1826 induperatorem.
679 1777 741 1817 ita
773 1777 824 1827 ei,
867 1777 940 1830 qui
972 1790 1119 1818 versus
1161 1776 1213 1818 de
1254 1776 1402 1830 figuris
1437 1777 1643 1817 orationis
1683 1790 1779 1817 con-

269 1844 453 1897 scripsit,
485 1844 648 1898 placuit
675 1844 780 1886 illud
812 1848 1072 1896 indupetrave‘
1105 1844 1208 1900 [66].
1235 1870 1289 1875 —
1320 1845 1420 1886 huic
1451 1846 1565 1898 parti
1598 1845 1780 1886 adiciam

270 1912 465 1954 voculam
506 1917 621 1962 salae,
665 1927 760 1954 cum
803 1913 930 1954 aliter
971 1917 1164 1967 apertam
1208 1913 1369 1954 habeat
1411 1913 1779 1966 significationem,

268 1981 449 2022 inveniri
479 1995 557 2034 pro
590 1985 797 2032 aliquanto
829 1981 1087 2023 Sammonici
1120 1985 1163 2023 et
1185 1982 1366 2023 Orientii
1394 1981 1599 2034 exemplis
1620 1981 1780 2022 talibus

272 2048 393 2104 [5333
427 2062 632 2091 common.
660 2049 713 2100 Π,
747 2049 867 2106 396]:

475 2129 647 2173 quodque
673 2130 760 2163 satis
786 2129 915 2164 melius
941 2130 1062 2164 verbis
1088 2129 1251 2164 dicemus
1279 2129 1424 2164 Horati.

474 2189 512 2220 et
538 2186 626 2221 satis
655 2190 711 2221 est
736 2187 850 2221 levius
876 2186 1018 2221 discere
1049 2198 1157 2231 quam
1183 2187 1314 2221 facere.

353 2273 356 2276 ⁴
382 2253 616 2296 Praeterea
638 2256 824 2297 Avienus
857 2256 1024 2297 soloece
1059 2255 1167 2297 dixit
1211 2253 1347 2297 ‘tenus
1380 2258 1468 2296 alvo
1501 2258 1676 2306 eriqz'mr
1698 2269 1777 2295 me-

269 2320 359 2364 dia'
397 2322 564 2378 [phaen.
598 2323 712 2378 486}

382 2391 471 2432 Iam
513 2390 565 2432 de
606 2391 979 2433 coniunctionibus
1019 2391 1202 2433 maxime
1233 2405 1310 2432 nos
1348 2391 1573 2432 advertent
1604 2397 1680 2439 ass,
1715 2404 1777 2438 ac,

269 2472 358 2507 nec,
389 2459 442 2500 de
475 2458 631 2512 quibus
662 2459 825 2501 indicta
847 2473 920 2501 ore
943 2459 1027 2501 alio
1049 2473 1128 2501 nec
1148 2459 1381 2501 iniucunda
1403 2459 1610 2500 memoria
1631 2458 1777 2499 videor

268 2540 393 2580 posse
426 2540 677 2568 memorare.

382 2595 519 2648 Igitur
550 2595 736 2649 primum
766 2595 870 2637 satis
903 2599 1073 2637 constat
1104 2603 1168 2637 asc
1197 2596 1310 2637 idem
1343 2609 1435 2636 esse
1469 2595 1582 2648 quod
1614 2602 1667 2643 al,
1702 2594 1777 2635 sed

268 2667 315 2704 ut
347 2663 422 2704 illa
456 2663 594 2704 forma
627 2663 682 2705 sit
714 2664 935 2705 vetustior.
988 2664 1106 2717 origo
1140 2664 1326 2705 nondum
1360 2663 1573 2717 expedita.
1632 2667 1776 2703 tamen

268 2730 437 2772 videtur
474 2731 573 2772 olim
616 2731 748 2773 fuisse
791 2739 901 2780 asle;
943 2746 994 2773 ex
1035 2745 1119 2785 quo
1161 2739 1224 2773 ast
1264 2732 1438 2782 factum,
1478 2735 1526 2772 ut
1566 2745 1618 2772 ex
1656 2738 1776 2781 poste

265 2806 368 2850 post.
432 2803 475 2840 et
504 2804 552 2840 ut
582 2799 664 2841 hoc
695 2800 956 2841 rusticorum
988 2800 1206 2841 hominum
1244 2814 1317 2842 ore
1359 2800 1401 2840 in
1438 2814 1529 2850 pos,
1568 2800 1630 2841 ita
1669 2799 1774 2840 illud

267 2867 310 2907 in
348 2882 393 2907 as
434 2871 647 2910 mutatum
687 2867 756 2922 [cf.
789 2867 1105 2921 dittographias
1140 2868 1348 2910 librorum
1381 2869 1423 2909 in
1457 2882 1546 2909 aen.
1581 2868 1629 2918 X,
1662 2868 1773 2921 743}

268 2935 343 2976 sed
375 2937 588 2977 communi
620 2937 807 2977 omnium
830 2950 909 2977 usu
931 2937 1171 2989 praelatum
1204 2945 1256 2978 at.
1311 2937 1417 2977 haec
1439 2936 1653 2989 particula
1680 2949 1774 2976 cum
