1898 3292
660 283 780 307 mmm
800 280 987 312 QvARTvs.
1492 271 1571 309 ‘297

71 385 198 435 thius,
230 385 428 435 Avienus,
462 385 680 435 Iuvencus,
714 383 971 425 Prudentius
1003 385 1127 423 extra
1159 381 1338 431 iambos,
1370 380 1574 422 Paulinus

73 453 274 505 Nolanus,
310 453 562 506 Martianus,
605 452 816 503 Sedulius,
851 451 1073 501 Luxorius,
1107 450 1318 501 Sidonius,
1350 449 1574 491 Maximia-

70 537 162 574 nus,
196 522 364 572 Arator,
398 521 654 571 Priscianus,
686 521 908 575 Corippus,
947 520 1177 571 Orientius,
1216 518 1446 572 Eugenius,
1489 517 1573 558 alii.

72 593 260 632 ceterum
293 590 366 643 qui
395 589 591 630 breviore
622 589 760 630 forma
791 592 982 639 utuntur,
1009 591 1177 629 tantum
1208 601 1293 628 non
1323 600 1469 627 omnes
1500 586 1574 626 ad-

70 658 220 700 hibent
256 658 477 699 rarissime
519 671 597 699 nec
636 661 812 711 praeter
849 657 974 698 metri
1013 656 1334 706 necessitatem,
1374 654 1441 696 bis
1472 655 1575 695 Ver-

71 727 197 780 gilius
229 725 335 783 [aen.
369 726 436 776 VI,
473 729 576 778 1043
611 725 729 782 123],
768 729 835 767 ter
867 725 1041 767 Ovidius
1074 724 1187 781 [met.
1218 723 1290 774 IX,
1327 726 1429 775 1913
1461 723 1575 772 XIII,

72 799 174 847 5033
206 795 295 845 XV,
319 793 431 850 600],
462 794 593 835 semel
614 794 785 836 Persius
820 794 873 851 [1,
898 794 949 851 2],
983 793 1113 835 semel
1134 792 1348 834 Iuvenalis
1383 791 1465 848 [10,
1489 790 1574 846 82].

71 877 204 917 quare
233 863 417 917 pessime
449 862 594 913 habet,
627 863 741 916 quod
772 863 907 905 voluit
927 862 1220 915 Perlcampius
1252 860 1383 903 scribi
1414 860 1456 901 in
1486 860 1574 900 Ho-

70 932 171 973 ratii
202 945 327 972 versu
359 930 630 985 asclepiadeo
671 931 720 988 [c.
748 932 819 982 III,
855 935 919 981 16,
952 931 1019 987 38]
1062 929 1157 972 ‘nec
1187 933 1239 970 mi
1262 934 1392 980 plura
1422 925 1574 969 velefm’.

72 1004 262 1041 ceterum
297 999 431 1040 falsus
475 1003 540 1040 est
570 1000 742 1041 Servius
786 1000 966 1041 dicendo
1011 999 1082 1056 [ad
1112 1012 1203 1040 aen.
1237 997 1306 1048 VI,
1340 996 1435 1053 104]
1478 1010 1576 1050 pro-

71 1083 224 1110 nomen
255 1071 351 1109 mihi
382 1082 465 1109 non
495 1068 639 1109 venire
670 1069 713 1109 in
746 1068 1023 1123 synhaeresin
1055 1081 1149 1108 eam
1187 1066 1240 1107 ob
1285 1079 1482 1115 causam,
1526 1078 1577 1105 ne

71 1137 250 1191 incipiat
281 1150 373 1177 esse
404 1136 665 1178 blandientis
696 1136 967 1187 adverbium,
1004 1150 1099 1177 cum
1123 1135 1267 1189 potius
1300 1134 1397 1176 odio
1429 1147 1575 1174 mono-

71 1196 332 1260 syllaborum
365 1208 440 1246 aut
469 1205 681 1258 patientia
712 1205 921 1246 hiantium
951 1205 994 1246 in
1026 1204 1166 1245 medio
1199 1203 1329 1245 verbo
1351 1202 1575 1253 vocalium,

71 1273 226 1326 quibus
255 1273 543 1314 intercederet
574 1278 620 1323 h,
656 1273 880 1314 videantur
910 1273 1172 1314 recentiores
1206 1272 1363 1313 vitasse
1394 1270 1576 1312 formam

71 1342 322 1383 breviorem.
372 1345 611 1395 praeterea,
644 1346 692 1383 ut
722 1342 946 1383 omittatur
978 1345 1019 1382 de·
1049 1341 1115 1382 vel
1149 1344 1228 1390 (lis,
1257 1340 1472 1382 invenitur
1503 1343 1575 1380 mis

70 1424 149 1464 pro
180 1413 277 1451 meis
303 1410 346 1450 in
379 1410 598 1464 epitaphio
630 1410 701 1451 Cn.
734 1410 963 1464 Scipionis:

345 1490 499 1524 virtutes
524 1490 669 1535 generis
692 1490 760 1524 mis
788 1490 950 1525 moribus
975 1489 1202 1523 accumulavi

72 1562 115 1600 et
144 1559 188 1599 in
218 1558 399 1599 Troasin
430 1548 618 1600 Senecae
649 1557 787 1615 [191]:

343 1638 404 1681 ite,
430 1638 481 1672 ite
506 1638 653 1673 inertes.
702 1639 867 1673 manibus
892 1638 959 1672 mis
984 1638 1130 1672 debitos

345 1695 484 1729 auferte
510 1695 679 1729 honores.

71 1778 200 1818 porro
233 1763 407 1816 dignum
437 1763 644 1804 memoria
673 1763 941 1814 Lucretium,
980 1778 1074 1805 cum
1107 1764 1145 1806 ei
1177 1778 1261 1805 non
1292 1763 1442 1804 liceret
1471 1762 1577 1803 illud

72 1835 218 1873 aranei
248 1832 387 1873 tribus
419 1831 595 1885 syllabis
618 1831 783 1883 efferre,
816 1832 869 1873 ab
894 1846 942 1874 eo
966 1832 1081 1886 quod
1104 1836 1168 1873 est
1198 1835 1371 1873 manius
1402 1830 1578 1872 ductum

71 1899 229 1941 dixisse
256 1903 379 1941 arani
412 1899 501 1956 [III,
535 1899 643 1956 383}
705 1900 887 1954 denique
918 1904 931 1941 i
962 1904 1004 1942 et
1035 1905 1068 1942 is
1100 1916 1178 1954 pro
1209 1901 1306 1951 illis,
1339 1913 1449 1953 quae
1479 1901 1579 1940 sunt

71 1971 132 2017 εἰ,
175 1971 254 2018 eis,
295 1968 368 2021 qui
410 1968 568 2009 dixerit
609 1968 918 2023 dactylicorum
957 1983 1042 2011 non
1083 1969 1264 2011 invenio.
1324 1982 1424 2009 nam
1464 1966 1578 2021 quod

71 2036 289 2078 Vahlenus
319 2036 437 2078 dedit
467 2050 636 2078 versum
667 2037 793 2078 Ennii
823 2037 953 2079 talem
984 2037 1123 2094 [320]:

345 2111 375 2145 is
401 2122 533 2155 pernas
561 2111 721 2145 succidit
744 2112 869 2156 iniqua
896 2112 1069 2156 superbia
1094 2111 1221 2155 Poeni,

73 2188 148 2215 0111·
189 2173 400 2227 spreverit
445 2173 560 2227 quod
604 2173 792 2216 habetur
833 2174 948 2228 apud
990 2174 1169 2216 Paulum
1212 2177 1275 2215 his
1317 2187 1402 2215 11011
1442 2171 1577 2214 video.

73 2255 335 2295 quamquam
366 2255 419 2283 ne
451 2242 622 2296 optimis
659 2243 830 2296 quidem
871 2243 1055 2284 testibus
1087 2243 1191 2284 satis
1224 2245 1394 2284 constat
1423 2241 1578 2282 harum

71 2323 215 2351 rerum
259 2310 391 2362 fides,
439 2324 534 2352 cum
579 2314 790 2365 perpetuo
838 2311 1154 2353 confundantur
1197 2311 1358 2352 interse
1400 2312 1442 2351 et
1481 2323 1578 2363 per-

71 2381 292 2420 mutentur
323 2382 374 2429 ii,
407 2383 456 2420 iis
491 2382 534 2421 et
569 2383 630 2429 hi,
662 2383 736 2420 his.
797 2380 860 2421 ita
889 2380 1073 2421 Iuvenco
1105 2379 1414 2421 reddendumst
1452 2377 1511 2432 [h.
1543 2391 1577 2418 e.

71 2447 103 2498 I,
127 2450 230 2499 5003
255 2448 355 2502 503]
400 2446 585 2489 ‘visibilis
618 2453 717 2489 deus
749 2446 833 2489 his'
871 2451 912 2489 et
955 2447 1037 2489 ‘his
1067 2462 1159 2489 mox
1190 2451 1309 2499 reqia
1339 2443 1463 2488 caeli'
1501 2459 1578 2499 pro

72 2515 246 2568 vulgato
289 2519 352 2556 iis.
423 2516 518 2569 quis
564 2516 675 2557 enim
719 2516 865 2558 credet
905 2520 1056 2570 poetas
1101 2515 1335 2570 dactylicos
1377 2515 1438 2556 ibi
1480 2527 1579 2555 usos

74 2583 417 2625 contractionum
448 2584 695 2635 insolentia,
739 2584 813 2626 ubi
852 2585 1002 2626 liceret
1033 2585 1092 2626 eis
1123 2585 1186 2626 uti
1217 2582 1482 2638 pronominis
1513 2584 1579 2622 11ἱο

72 2651 237 2705 paratis
278 2651 427 2693 formis
466 2653 689 2705 magisque
720 2653 902 2694 vividis?
949 2656 1139 2694 ceterum
1179 2667 1275 2694 cum
1307 2655 1320 2693 ι’
1357 2655 1399 2693 et
1428 2655 1463 2692 is
1493 2662 1578 2690 non

72 2719 299 2761 videantur
325 2720 506 2762 inveniri
539 2723 663 2761 extra
693 2721 989 2762 scaenicorum
1018 2721 1165 2772 libros,
1197 2735 1281 2762 non
1311 2725 1456 2761 tamen
1486 2717 1577 2772 pla-

75 2800 200 2828 cuere
231 2791 268 2829 ei
299 2791 342 2829 et
372 2792 430 2829 eis
462 2788 684 2842 disyllaba.
736 2792 781 2830 at
810 2790 854 2829 in
885 2790 1120 2843 composito
1142 2789 1331 2842 legitime
1354 2788 1579 2841 optinuere

74 2858 178 2896 idem
223 2859 266 2896 et
311 2859 454 2905 isdem,
502 2855 808 2897 miraculosum
854 2870 997 2910 paene
1045 2860 1093 2898 ut
1143 2857 1199 2898 sit
1242 2856 1324 2897 hoc
1364 2855 1577 2896 Iuvenalis

74 2923 159 2977 [14,
192 2923 285 2977 30]:

302 2991 432 3037 implet
457 2995 494 3026 et
518 2991 563 3025 ad
588 2992 782 3026 moechum
807 2992 870 3028 dat
895 2993 1032 3030 eisdem
1057 2994 1152 3027 ferre
1179 2991 1349 3031 cinaedis„
