1898 3292
258 171 339 209 548
881 177 1116 204 OPVSGVLVM
1135 177 1158 203 1.

258 281 422 322 ultimo.
500 280 661 334 alioqui
702 279 864 321 maiore
916 279 1099 321 elidendi
1148 279 1321 319 licentia
1363 277 1584 319 Phaedrus
1634 279 1770 319 utitur

257 349 372 390 circa
411 349 536 390 initia
574 362 771 389 versuum
815 348 1042 400 thesinque
1083 348 1147 388 vel
1189 347 1304 387 arsin
1349 347 1563 399 quintam,
1609 347 1768 388 maiore

262 417 459 458 cautione
492 417 607 458 circa
639 430 852 458 caesuras.

373 487 429 526 At
469 499 552 526 non
593 485 741 526 eadem
782 485 822 525 in
868 483 1119 538 copulandis
1164 482 1384 524 vocalibus
1427 483 1492 523 usi
1530 483 1769 536 suptilitate

259 554 534 607 antiquiores.

373 624 434 663 Ac
472 622 658 676 primum
704 620 876 674 quidem
920 634 942 661 a
989 620 1181 661 Varrone
1227 619 1332 661 illud
1375 632 1479 670 quae
1528 619 1676 660 elisum
1728 620 1770 660 in

258 691 376 732 brevi
410 689 602 745 [Eumen.
634 689 726 745 39]:

465 782 557 814 quae
584 773 684 804 casta
708 769 842 803 vestis?
870 772 969 803 aetas
996 778 1088 812 quae
1113 767 1427 801 adulescentium?

259 840 359 880 item
394 853 418 879 a
447 839 608 880 Licinio
643 842 710 889 qui
742 837 932 894 [Sueten.
966 837 1029 878 ed.
1065 836 1184 877 Reiff.
1218 836 1312 892 28]:

465 922 540 952 tres
565 930 631 962 per
658 917 693 951 id
722 921 866 962 tempus
893 917 957 961 qui
982 917 1173 961 agitabant
1198 916 1338 950 nobiles
1365 916 1558 950 facillume.

260 1002 338 1029 nec
367 987 556 1029 Lucilius
589 991 654 1028 est
683 988 843 1028 veritus
874 1000 920 1027 re
951 986 1127 1038 iungere
1160 999 1253 1027 cum
1289 974 1407 1026 brevi
1445 985 1657 1039 [XXVIIL
1678 986 1772 1039 37]:

465 1068 500 1101 in
527 1076 565 1102 ‘re
590 1067 732 1111 agenda
756 1067 836 1111 ipsa
861 1066 1012 1100 ridicula
1040 1066 1154 1099 iactat
1179 1069 1288 1109 atque
1315 1066 1384 1098 alia
1410 1066 1556 1099 adserit.

260 1137 361 1190 quid
415 1136 529 1190 quod
572 1136 684 1177 idem
736 1134 964 1176 iambicam
1016 1148 1160 1176 vocem
1210 1136 1355 1188 posuit
1402 1138 1607 1187 sequente
1653 1134 1773 1174 brevi

261 1204 432 1260 [XXIX,
466 1205 559 1259 3ss]:

467 1284 602 1318 coicito
629 1288 665 1317 te
694 1283 789 1317 intro
817 1294 858 1317 ac
886 1282 977 1316 bono
1003 1283 1123 1316 animo
1151 1294 1198 1317 es.

260 1366 310 1392 eo
346 1354 484 1394 minus
515 1353 558 1393 id
590 1352 875 1394 recusandum
908 1352 950 1392 in
982 1352 1143 1392 cretica
1172 1350 1339 1407 [XXVL
1373 1350 1462 1406 75]:

466 1436 566 1466 tuam
592 1433 784 1477 probatam
810 1432 859 1465 mi
886 1434 923 1465 et
947 1434 1153 1476 spectatam
1180 1440 1346 1464 maamme
1372 1430 1669 1464 adulescentiam.

374 1513 511 1566 Igitur
542 1526 620 1554 nec
653 1513 735 1554 hoc
766 1511 1082 1562 admirandum,
1115 1511 1230 1564 quod
1261 1510 1446 1551 iambica
1483 1510 1700 1551 eliduntur
1731 1511 1774 1550 in

262 1585 402 1623 acuta.

375 1650 442 1691 Ita.
474 1650 634 1691 Ennius
668 1650 716 1705 [1,
749 1650 817 1704 4];

467 1730 562 1764 malo
589 1730 712 1764 hercle
737 1740 871 1773 magno
897 1740 962 1762 suo
990 1728 1159 1762 convivat
1184 1729 1261 1761 sine
1288 1728 1407 1761 niodo.

378 1798 568 1840 Lucilius
597 1798 773 1853 [XXIX‚
806 1802 881 1850 253
915 1796 978 1854 3]:

472 1879 565 1912 malo
590 1878 715 1913 hercle
741 1881 864 1912 vostro
892 1878 1124 1911 confectores
1151 1876 1364 1919 cai-(linum3

468 1935 539 1969 hoc
564 1939 641 1970 tum
665 1935 725 1969 ille
751 1935 912 1969 habebat
938 1938 975 1969 et
1002 1935 1076 1977 fere
1102 1945 1247 1968 omnem
1271 1933 1456 1977 Apuliam.

381 2005 607 2046 Volcacius
641 2002 752 2060 [12]:

468 2095 565 2117 nono
591 2084 665 2118 loco
692 2095 771 2118 esse
798 2084 904 2118 facile
932 2083 1025 2117 facio
1052 2082 1239 2116 Luscium.

380 2154 516 2195 Varro
554 2154 597 2194 in
638 2166 816 2194 numero
857 2152 1091 2194 bacchiaco
1138 2150 1361 2207 [Hercules
1400 2155 1519 2191 tuam
1550 2149 1677 2190 fidem
1710 2150 1776 2203 2jz

263 2235 376 2277 meae
409 2235 558 2273 aures3
588 2220 701 2262 idem
731 2221 774 2261 in
804 2221 999 2262 sotadico
1034 2218 1222 2275 [Aborig.
1260 2219 1319 2272 111:

468 2300 586 2344 mugit
611 2300 724 2342 bovis,
753 2300 821 2334 ovi'
848 2300 957 2342 balat,
984 2299 1067 2342 equi
1092 2299 1271 2342 hinniunt,
1298 2298 1441 2341 gallina.

379 2369 485 2410 Item
531 2369 574 2409 in
619 2369 832 2422 principio
879 2368 1005 2408 metri
1053 2367 1173 2408 elisio
1219 2367 1288 2414 fit,
1340 2372 1387 2407 ut
1433 2366 1547 2419 apud
1596 2365 1777 2406 Ennium

268 2436 356 2493 [HL
392 2438 484 2491 10]:

472 2526 557 2550 nam
583 2516 613 2549 is
638 2526 709 2549 non
736 2517 806 2550 ben
833 2516 909 2549 volt
935 2515 1012 2558 tibi,
1041 2515 1101 2559 qui
1128 2525 1185 2548 me
1212 2514 1301 2548 falso
1328 2513 1519 2555 criminat:

265 2595 380 2649 apud
412 2595 621 2636 Lucilium
655 2595 848 2650 [XXVIL
884 2599 931 2647 93
966 2595 1159 2645 XXVIII,
1193 2595 1288 2648 24]:

470 2684 507 2708 re
534 2675 568 2708 in
595 2675 757 2708 secunda
782 2675 912 2708 tollere
939 2675 1088 2718 animos,
1114 2675 1150 2707 in
1176 2674 1271 2707 mala,
1298 2674 1515 2714 demittere3

470 2741 514 2765 ne
538 2732 608 2765 hoc
635 2731 746 2765 faciat
771 2734 880 2774 atque
908 2742 952 2765 ex
980 2731 1046 2764 hac
1074 2731 1103 2764 is
1129 2743 1302 2765 aerumna
1329 2733 1457 2764 exeat:

265 2811 378 2865 apud
403 2811 636 2852 Varronem
670 2810 860 2867 [Eumen.
900 2816 971 2862 153
1003 2811 1194 2852 trihoslit.
1229 2814 1274 2861 33
1308 2810 1358 2850 cf.
1393 2813 1434 2850 et
1467 2809 1679 2849 Prometh.
1704 2808 1775 2849 lib.

265 2880 385 2933 frgm.
421 2880 471 2931 ΙΙ,
506 2894 571 2933 ap.
606 2880 711 2920 Non.
749 2883 840 2930 199,
876 2878 965 2936 27]:
