<?xml version="1.0" encoding="UTF-8"?>
<!DOCTYPE html PUBLIC "-//W3C//DTD XHTML 1.0 Transitional//EN"
    "http://www.w3.org/TR/xhtml1/DTD/xhtml1-transitional.dtd">
<html xmlns="http://www.w3.org/1999/xhtml" xml:lang="en" lang="en">
 <head>
  <title>
</title>
<meta http-equiv="Content-Type" content="text/html;charset=utf-8" />
  <meta name='ocr-system' content='tesseract 3.04.00' />
  <meta name='ocr-capabilities' content='ocr_page ocr_carea ocr_par ocr_line ocrx_word'/>
</head>
<body>
  <div class='ocr_page' id='page_1' title='image "./deremetricapoeta00mluoft_0653.png"; bbox 0 0 1898 3292; ppageno 0'>
   <div class='ocr_carea' id='block_1_1' title="bbox 807 182 1647 219">
    <p class='ocr_par' dir='ltr' id='par_1_1' title="bbox 807 182 1647 219">
     <span class='ocr_line' id='line_1_1' title="bbox 807 182 1647 219; baseline 0.002 -3"><span class='ocrx_word' id='word_1_1' title='bbox 807 191 931 216; x_wconf 69' lang='lat' dir='ltr'>mom&lt;</span> <span class='ocrx_word' id='word_1_2' title='bbox 951 191 990 216; x_wconf 85' lang='lat'>11.</span> <span class='ocrx_word' id='word_1_3' title='bbox 1569 182 1647 219; x_wconf 67' lang='lat'>(327</span> 
     </span>
    </p>
   </div>
   <div class='ocr_carea' id='block_1_2' title="bbox 140 295 1650 1646">
    <p class='ocr_par' dir='ltr' id='par_1_2' title="bbox 258 295 789 348">
     <span class='ocr_line' id='line_1_2' title="bbox 258 295 789 348; baseline -0.004 -11"><span class='ocrx_word' id='word_1_4' title='bbox 258 295 467 348; x_wconf 83' lang='lat' dir='ltr'>Georgius</span> <span class='ocrx_word' id='word_1_5' title='bbox 499 295 663 336; x_wconf 85' lang='lat' dir='ltr'>Pisides</span> <span class='ocrx_word' id='word_1_6' title='bbox 697 298 789 336; x_wconf 85' lang='lat'>556.</span> 
     </span>
    </p>

    <p class='ocr_par' dir='ltr' id='par_1_3' title="bbox 259 363 940 416">
     <span class='ocr_line' id='line_1_3' title="bbox 259 363 940 416; baseline -0.003 -12"><span class='ocrx_word' id='word_1_7' title='bbox 259 363 552 404; x_wconf 89' lang='lat' dir='ltr'>Germanicus.</span> <span class='ocrx_word' id='word_1_8' title='bbox 583 377 660 404; x_wconf 90' lang='lat' dir='ltr'>em.</span> <span class='ocrx_word' id='word_1_9' title='bbox 695 363 814 416; x_wconf 88' lang='lat'>(405)</span> <span class='ocrx_word' id='word_1_10' title='bbox 847 365 940 403; x_wconf 85' lang='grc'><strong>387.</strong></span> 
     </span>
    </p>

    <p class='ocr_par' dir='ltr' id='par_1_4' title="bbox 258 431 430 484">
     <span class='ocr_line' id='line_1_4' title="bbox 258 431 430 484; baseline 0.006 -12"><span class='ocrx_word' id='word_1_11' title='bbox 258 431 300 484; x_wconf 91' lang='lat' dir='ltr'>gl</span> <span class='ocrx_word' id='word_1_12' title='bbox 336 434 430 473; x_wconf 90' lang='lat'>385.</span> 
     </span>
    </p>

    <p class='ocr_par' dir='ltr' id='par_1_5' title="bbox 257 499 536 553">
     <span class='ocr_line' id='line_1_5' title="bbox 257 499 536 553; baseline 0 -13"><span class='ocrx_word' id='word_1_13' title='bbox 257 499 412 553; x_wconf 80' lang='lat' dir='ltr'>glaeba</span> <span class='ocrx_word' id='word_1_14' title='bbox 444 502 536 541; x_wconf 85' lang='lat'>593.</span> 
     </span>
    </p>

    <p class='ocr_par' dir='ltr' id='par_1_6' title="bbox 256 568 549 622">
     <span class='ocr_line' id='line_1_6' title="bbox 256 568 549 622; baseline -0.003 -13"><span class='ocrx_word' id='word_1_15' title='bbox 256 568 423 622; x_wconf 81' lang='lat' dir='ltr'>glomus</span> <span class='ocrx_word' id='word_1_16' title='bbox 454 570 549 609; x_wconf 87' lang='lat'>438.</span> 
     </span>
    </p>

    <p class='ocr_par' dir='ltr' id='par_1_7' title="bbox 258 639 423 690">
     <span class='ocr_line' id='line_1_7' title="bbox 258 639 423 690; baseline -0.006 -12"><span class='ocrx_word' id='word_1_17' title='bbox 258 651 324 690; x_wconf 92' lang='lat' dir='ltr'>gm</span> <span class='ocrx_word' id='word_1_18' title='bbox 359 639 423 677; x_wconf 91' lang='lat'>55.</span> 
     </span>
    </p>

    <p class='ocr_par' dir='ltr' id='par_1_8' title="bbox 256 703 714 758">
     <span class='ocr_line' id='line_1_8' title="bbox 256 703 714 758; baseline -0.002 -12"><span class='ocrx_word' id='word_1_19' title='bbox 256 719 308 758; x_wconf 89' lang='lat' dir='ltr'>gn</span> <span class='ocrx_word' id='word_1_20' title='bbox 343 708 407 746; x_wconf 90' lang='lat'>55.</span> <span class='ocrx_word' id='word_1_21' title='bbox 442 708 534 745; x_wconf 85' lang='lat'>385.</span> <span class='ocrx_word' id='word_1_22' title='bbox 568 703 617 745; x_wconf 88' lang='lat' dir='ltr'>cf.</span> <span class='ocrx_word' id='word_1_23' title='bbox 652 718 714 745; x_wconf 89' lang='lat' dir='ltr'>cn.</span> 
     </span>
    </p>

    <p class='ocr_par' dir='ltr' id='par_1_9' title="bbox 258 772 881 827">
     <span class='ocr_line' id='line_1_9' title="bbox 258 772 881 827; baseline -0.002 -13"><span class='ocrx_word' id='word_1_24' title='bbox 258 787 416 827; x_wconf 90' lang='lat' dir='ltr'>gnarus</span> <span class='ocrx_word' id='word_1_25' title='bbox 450 776 542 814; x_wconf 90' lang='lat'>517.</span> <span class='ocrx_word' id='word_1_26' title='bbox 577 772 628 813; x_wconf 87' lang='lat' dir='ltr'>cf.</span> <span class='ocrx_word' id='word_1_27' title='bbox 661 776 754 813; x_wconf 86' lang='lat'>385.</span> <span class='ocrx_word' id='word_1_28' title='bbox 789 776 881 814; x_wconf 86' lang='lat'>593.</span> 
     </span>
    </p>

    <p class='ocr_par' dir='ltr' id='par_1_10' title="bbox 256 840 752 895">
     <span class='ocr_line' id='line_1_10' title="bbox 256 840 752 895; baseline -0.002 -13"><span class='ocrx_word' id='word_1_29' title='bbox 256 845 411 895; x_wconf 87' lang='lat' dir='ltr'>gnatus</span> <span class='ocrx_word' id='word_1_30' title='bbox 449 845 542 883; x_wconf 89' lang='grc'><strong>517.</strong></span> <span class='ocrx_word' id='word_1_31' title='bbox 575 840 625 881; x_wconf 87' lang='lat' dir='ltr'>cf.</span> <span class='ocrx_word' id='word_1_32' title='bbox 660 843 752 882; x_wconf 89' lang='grc'><strong>385.</strong></span> 
     </span>
    </p>

    <p class='ocr_par' dir='ltr' id='par_1_11' title="bbox 257 909 755 963">
     <span class='ocr_line' id='line_1_11' title="bbox 257 909 755 963; baseline 0 -13"><span class='ocrx_word' id='word_1_33' title='bbox 257 923 419 963; x_wconf 83' lang='lat' dir='ltr'>gnavus</span> <span class='ocrx_word' id='word_1_34' title='bbox 451 913 543 950; x_wconf 87' lang='lat'>517.</span> <span class='ocrx_word' id='word_1_35' title='bbox 578 909 628 950; x_wconf 89' lang='lat' dir='ltr'>cf.</span> <span class='ocrx_word' id='word_1_36' title='bbox 662 912 755 950; x_wconf 87' lang='lat'>385.</span> 
     </span>
    </p>

    <p class='ocr_par' dir='ltr' id='par_1_12' title="bbox 258 977 1138 1019">
     <span class='ocr_line' id='line_1_12' title="bbox 258 977 1138 1019; baseline -0.002 0"><span class='ocrx_word' id='word_1_37' title='bbox 258 978 426 1019; x_wconf 90' lang='lat' dir='ltr'>Graeca</span> <span class='ocrx_word' id='word_1_38' title='bbox 460 978 622 1018; x_wconf 88' lang='lat' dir='ltr'>Latinis</span> <span class='ocrx_word' id='word_1_39' title='bbox 654 977 810 1019; x_wconf 87' lang='lat' dir='ltr'>litteris</span> <span class='ocrx_word' id='word_1_40' title='bbox 843 977 1012 1018; x_wconf 81' lang='lat' dir='ltr'>reddita</span> <span class='ocrx_word' id='word_1_41' title='bbox 1043 981 1138 1019; x_wconf 88' lang='lat'>488.</span> 
     </span>
    </p>

    <p class='ocr_par' dir='ltr' id='par_1_13' title="bbox 142 1045 1649 1167">
     <span class='ocr_line' id='line_1_13' title="bbox 258 1045 1649 1099; baseline -0.001 -12"><span class='ocrx_word' id='word_1_42' title='bbox 258 1046 451 1087; x_wconf 81' lang='lat' dir='ltr'>Graecae</span> <span class='ocrx_word' id='word_1_43' title='bbox 481 1046 653 1087; x_wconf 77' lang='lat' dir='ltr'>litterae</span> <span class='ocrx_word' id='word_1_44' title='bbox 696 1046 909 1099; x_wconf 87' lang='lat' dir='ltr'>quomodo</span> <span class='ocrx_word' id='word_1_45' title='bbox 953 1046 1037 1087; x_wconf 88' lang='lat' dir='ltr'>sint</span> <span class='ocrx_word' id='word_1_46' title='bbox 1079 1045 1274 1086; x_wconf 77' lang='lat' dir='ltr'>redditae</span> <span class='ocrx_word' id='word_1_47' title='bbox 1311 1046 1352 1086; x_wconf 92' lang='lat' dir='ltr'>in</span> <span class='ocrx_word' id='word_1_48' title='bbox 1396 1047 1649 1087; x_wconf 73' lang='lat' dir='ltr'>acrostichis</span> 
     </span>
     <span class='ocr_line' id='line_1_14' title="bbox 142 1115 510 1167; baseline -0.003 -11"><span class='ocrx_word' id='word_1_49' title='bbox 142 1115 306 1156; x_wconf 90' lang='lat' dir='ltr'>Latinis</span> <span class='ocrx_word' id='word_1_50' title='bbox 337 1118 418 1156; x_wconf 89' lang='grc'><strong>578</strong></span> <span class='ocrx_word' id='word_1_51' title='bbox 449 1128 510 1167; x_wconf 92' lang='lat' dir='ltr'>sq.</span> 
     </span>
    </p>

    <p class='ocr_par' dir='ltr' id='par_1_14' title="bbox 140 1182 1646 1305">
     <span class='ocr_line' id='line_1_15' title="bbox 258 1182 1646 1236; baseline -0.001 -12"><span class='ocrx_word' id='word_1_52' title='bbox 258 1183 427 1224; x_wconf 83' lang='lat' dir='ltr'>Graeca</span> <span class='ocrx_word' id='word_1_53' title='bbox 467 1183 632 1236; x_wconf 84' lang='lat' dir='ltr'>pariter</span> <span class='ocrx_word' id='word_1_54' title='bbox 674 1182 836 1236; x_wconf 85' lang='lat' dir='ltr'>scripta</span> <span class='ocrx_word' id='word_1_55' title='bbox 874 1182 1030 1223; x_wconf 87' lang='lat' dir='ltr'>litteris</span> <span class='ocrx_word' id='word_1_56' title='bbox 1062 1182 1127 1223; x_wconf 89' lang='lat' dir='ltr'>vel</span> <span class='ocrx_word' id='word_1_57' title='bbox 1160 1196 1185 1222; x_wconf 89' lang='lat' dir='ltr'>a</span> <span class='ocrx_word' id='word_1_58' title='bbox 1221 1182 1388 1223; x_wconf 85' lang='lat' dir='ltr'>Graeco</span> <span class='ocrx_word' id='word_1_59' title='bbox 1421 1183 1484 1223; x_wconf 85' lang='lat' dir='ltr'>vel</span> <span class='ocrx_word' id='word_1_60' title='bbox 1513 1197 1538 1223; x_wconf 84' lang='lat' dir='ltr'>a</span> <span class='ocrx_word' id='word_1_61' title='bbox 1570 1183 1646 1223; x_wconf 84' lang='lat' dir='ltr'>La-</span> 
     </span>
     <span class='ocr_line' id='line_1_16' title="bbox 140 1249 1200 1305; baseline -0.002 -13"><span class='ocrx_word' id='word_1_62' title='bbox 140 1252 229 1292; x_wconf 91' lang='lat' dir='ltr'>tino</span> <span class='ocrx_word' id='word_1_63' title='bbox 263 1250 495 1305; x_wconf 88' lang='lat' dir='ltr'>alphabeto</span> <span class='ocrx_word' id='word_1_64' title='bbox 527 1250 690 1301; x_wconf 83' lang='lat' dir='ltr'>alienis,</span> <span class='ocrx_word' id='word_1_65' title='bbox 724 1254 771 1291; x_wconf 86' lang='lat' dir='ltr'>ut</span> <span class='ocrx_word' id='word_1_66' title='bbox 813 1249 1068 1304; x_wconf 84' lang='lat' dir='ltr'>‘Porfyrius&#39;</span> <span class='ocrx_word' id='word_1_67' title='bbox 1108 1254 1200 1292; x_wconf 82' lang='grc'><strong>593.</strong></span> 
     </span>
    </p>

    <p class='ocr_par' dir='ltr' id='par_1_15' title="bbox 142 1318 1650 1505">
     <span class='ocr_line' id='line_1_17' title="bbox 255 1318 1650 1373; baseline -0.001 -13"><span class='ocrx_word' id='word_1_68' title='bbox 255 1320 633 1373; x_wconf 87' lang='lat' dir='ltr'>grammaticorum</span> <span class='ocrx_word' id='word_1_69' title='bbox 656 1319 843 1373; x_wconf 80' lang='lat' dir='ltr'>ineptiae</span> <span class='ocrx_word' id='word_1_70' title='bbox 872 1332 999 1372; x_wconf 87' lang='lat' dir='ltr'>saepe</span> <span class='ocrx_word' id='word_1_71' title='bbox 1022 1322 1210 1369; x_wconf 83' lang='lat' dir='ltr'>notatae,</span> <span class='ocrx_word' id='word_1_72' title='bbox 1233 1318 1347 1359; x_wconf 86' lang='lat' dir='ltr'>velut</span> <span class='ocrx_word' id='word_1_73' title='bbox 1369 1319 1410 1359; x_wconf 93' lang='lat' dir='ltr'>in</span> <span class='ocrx_word' id='word_1_74' title='bbox 1434 1319 1650 1372; x_wconf 83' lang='lat' dir='ltr'>epiploces</span> 
     </span>
     <span class='ocr_line' id='line_1_18' title="bbox 142 1386 1650 1441; baseline -0.001 -13"><span class='ocrx_word' id='word_1_75' title='bbox 142 1388 337 1429; x_wconf 87' lang='lat' dir='ltr'>doctrina</span> <span class='ocrx_word' id='word_1_76' title='bbox 373 1391 436 1438; x_wconf 85' lang='lat'>13,</span> <span class='ocrx_word' id='word_1_77' title='bbox 468 1388 509 1428; x_wconf 91' lang='lat' dir='ltr'>in</span> <span class='ocrx_word' id='word_1_78' title='bbox 543 1388 826 1428; x_wconf 87' lang='lat' dir='ltr'>communium</span> <span class='ocrx_word' id='word_1_79' title='bbox 861 1386 1122 1441; x_wconf 83' lang='lat' dir='ltr'>syllabarum</span> <span class='ocrx_word' id='word_1_80' title='bbox 1157 1390 1206 1427; x_wconf 85' lang='lat'>13</span> <span class='ocrx_word' id='word_1_81' title='bbox 1238 1401 1341 1440; x_wconf 71' lang='lat' dir='ltr'>sqq.⁷</span> <span class='ocrx_word' id='word_1_82' title='bbox 1374 1388 1413 1427; x_wconf 92' lang='lat' dir='ltr'>in</span> <span class='ocrx_word' id='word_1_83' title='bbox 1447 1392 1650 1428; x_wconf 78' lang='lat' dir='ltr'>accentus</span> 
     </span>
     <span class='ocr_line' id='line_1_19' title="bbox 142 1455 918 1505; baseline -0.003 -8"><span class='ocrx_word' id='word_1_84' title='bbox 142 1460 236 1505; x_wconf 80' lang='lat'>442,</span> <span class='ocrx_word' id='word_1_85' title='bbox 270 1459 305 1497; x_wconf 85' lang='lat'>3.</span> <span class='ocrx_word' id='word_1_86' title='bbox 338 1458 432 1497; x_wconf 78' lang='lat'>468.</span> <span class='ocrx_word' id='word_1_87' title='bbox 467 1456 516 1496; x_wconf 84' lang='lat' dir='ltr'>cf.</span> <span class='ocrx_word' id='word_1_88' title='bbox 550 1459 593 1497; x_wconf 84' lang='lat' dir='ltr'>et</span> <span class='ocrx_word' id='word_1_89' title='bbox 625 1459 833 1497; x_wconf 76' lang='lat'>381—83.</span> <span class='ocrx_word' id='word_1_90' title='bbox 867 1455 918 1495; x_wconf 87' lang='lat' dir='ltr'>al.</span> 
     </span>
    </p>

    <p class='ocr_par' dir='ltr' id='par_1_16' title="bbox 256 1524 838 1578">
     <span class='ocr_line' id='line_1_20' title="bbox 256 1524 838 1578; baseline -0.003 -12"><span class='ocrx_word' id='word_1_91' title='bbox 256 1524 453 1566; x_wconf 84' lang='lat' dir='ltr'>Grattius</span> <span class='ocrx_word' id='word_1_92' title='bbox 485 1537 562 1565; x_wconf 89' lang='lat' dir='ltr'>em.</span> <span class='ocrx_word' id='word_1_93' title='bbox 596 1524 714 1578; x_wconf 90' lang='lat'>(481)</span> <span class='ocrx_word' id='word_1_94' title='bbox 746 1527 838 1565; x_wconf 89' lang='grc'><strong>225.</strong></span> 
     </span>
    </p>

    <p class='ocr_par' dir='ltr' id='par_1_17' title="bbox 258 1592 618 1646">
     <span class='ocr_line' id='line_1_21' title="bbox 258 1592 618 1646; baseline -0.003 -12"><span class='ocrx_word' id='word_1_95' title='bbox 258 1592 496 1646; x_wconf 87' lang='lat' dir='ltr'>gubernum</span> <span class='ocrx_word' id='word_1_96' title='bbox 526 1596 618 1634; x_wconf 90' lang='lat'>517.</span> 
     </span>
    </p>
   </div>
   <div class='ocr_carea' id='block_1_3' title="bbox 861 1718 923 1762">
    <p class='ocr_par' dir='ltr' id='par_1_18' title="bbox 861 1718 923 1762">
     <span class='ocr_line' id='line_1_22' title="bbox 861 1718 923 1762; baseline 0 0"><span class='ocrx_word' id='word_1_97' title='bbox 861 1718 923 1762; x_wconf 91' lang='lat' dir='ltr'>H.</span> 
     </span>
    </p>
   </div>
   <div class='ocr_carea' id='block_1_4' title="bbox 135 1797 1651 2873">
    <p class='ocr_par' dir='ltr' id='par_1_19' title="bbox 135 1797 1648 1919">
     <span class='ocr_line' id='line_1_23' title="bbox 255 1797 1647 1852; baseline 0 -13"><span class='ocrx_word' id='word_1_98' title='bbox 255 1798 283 1839; x_wconf 92' lang='lat' dir='ltr'><strong>h</strong></span> <span class='ocrx_word' id='word_1_99' title='bbox 324 1798 366 1839; x_wconf 91' lang='lat' dir='ltr'>in</span> <span class='ocrx_word' id='word_1_100' title='bbox 409 1797 548 1839; x_wconf 88' lang='lat' dir='ltr'>medio</span> <span class='ocrx_word' id='word_1_101' title='bbox 589 1797 718 1839; x_wconf 88' lang='lat' dir='ltr'>verbo</span> <span class='ocrx_word' id='word_1_102' title='bbox 762 1798 874 1839; x_wconf 85' lang='lat' dir='ltr'>inter</span> <span class='ocrx_word' id='word_1_103' title='bbox 914 1798 1083 1838; x_wconf 87' lang='lat' dir='ltr'>vocales</span> <span class='ocrx_word' id='word_1_104' title='bbox 1127 1801 1220 1848; x_wconf 86' lang='lat'>313,</span> <span class='ocrx_word' id='word_1_105' title='bbox 1262 1802 1298 1838; x_wconf 87' lang='lat'>4.</span> <span class='ocrx_word' id='word_1_106' title='bbox 1360 1797 1647 1852; x_wconf 83' lang='lat' dir='ltr'>praecedente</span> 
     </span>
     <span class='ocr_line' id='line_1_24' title="bbox 135 1865 1648 1919; baseline -0.001 -12"><span class='ocrx_word' id='word_1_107' title='bbox 135 1865 279 1908; x_wconf 80' lang='lat' dir='ltr'>‘senii&#39;</span> <span class='ocrx_word' id='word_1_108' title='bbox 317 1870 409 1908; x_wconf 88' lang='lat'>304.</span> <span class='ocrx_word' id='word_1_109' title='bbox 471 1866 497 1907; x_wconf 93' lang='lat' dir='ltr'>h</span> <span class='ocrx_word' id='word_1_110' title='bbox 539 1880 615 1919; x_wconf 84' lang='lat' dir='ltr'>pro</span> <span class='ocrx_word' id='word_1_111' title='bbox 655 1880 840 1908; x_wconf 83' lang='lat' dir='ltr'>consona</span> <span class='ocrx_word' id='word_1_112' title='bbox 879 1866 1027 1907; x_wconf 76' lang='lat' dir='ltr'>habita</span> <span class='ocrx_word' id='word_1_113' title='bbox 1073 1871 1133 1907; x_wconf 84' lang='lat'>14.</span> <span class='ocrx_word' id='word_1_114' title='bbox 1166 1869 1259 1907; x_wconf 84' lang='grc'><strong>289.</strong></span> <span class='ocrx_word' id='word_1_115' title='bbox 1301 1870 1393 1906; x_wconf 84' lang='lat'>370.</span> <span class='ocrx_word' id='word_1_116' title='bbox 1428 1870 1520 1907; x_wconf 72' lang='grc'><strong>382.</strong></span> <span class='ocrx_word' id='word_1_117' title='bbox 1556 1870 1648 1906; x_wconf 76' lang='grc'><strong>391.</strong></span> 
     </span>
    </p>

    <p class='ocr_par' dir='ltr' id='par_1_20' title="bbox 259 1934 871 1987">
     <span class='ocr_line' id='line_1_25' title="bbox 259 1934 871 1987; baseline 0 -12"><span class='ocrx_word' id='word_1_118' title='bbox 259 1935 505 1975; x_wconf 85' lang='lat' dir='ltr'>Hadrianus</span> <span class='ocrx_word' id='word_1_119' title='bbox 536 1934 694 1976; x_wconf 87' lang='lat' dir='ltr'>Caesar</span> <span class='ocrx_word' id='word_1_120' title='bbox 727 1938 774 1976; x_wconf 89' lang='grc'>91</span> <span class='ocrx_word' id='word_1_121' title='bbox 812 1949 871 1987; x_wconf 87' lang='lat' dir='ltr'>sq.</span> 
     </span>
    </p>

    <p class='ocr_par' dir='ltr' id='par_1_21' title="bbox 256 2002 905 2044">
     <span class='ocr_line' id='line_1_26' title="bbox 256 2002 905 2044; baseline 0 -1"><span class='ocrx_word' id='word_1_122' title='bbox 256 2002 485 2044; x_wconf 89' lang='lat' dir='ltr'>Hannibal.</span> <span class='ocrx_word' id='word_1_123' title='bbox 525 2002 779 2044; x_wconf 76' lang='lat' dir='ltr'>Hannibalis</span> <span class='ocrx_word' id='word_1_124' title='bbox 812 2007 905 2044; x_wconf 89' lang='lat'>455.</span> 
     </span>
    </p>

    <p class='ocr_par' dir='ltr' id='par_1_22' title="bbox 143 2070 1650 2182">
     <span class='ocr_line' id='line_1_27' title="bbox 260 2070 1650 2122; baseline -0.001 -10"><span class='ocrx_word' id='word_1_125' title='bbox 260 2071 744 2112; x_wconf 85' lang='lat' dir='ltr'>Hautontimorumenos</span> <span class='ocrx_word' id='word_1_126' title='bbox 776 2071 976 2122; x_wconf 76' lang='lat' dir='ltr'>Terentii,</span> <span class='ocrx_word' id='word_1_127' title='bbox 1006 2084 1109 2112; x_wconf 90' lang='lat' dir='ltr'>non:</span> <span class='ocrx_word' id='word_1_128' title='bbox 1143 2070 1650 2112; x_wconf 81' lang='lat' dir='ltr'>Heautontimorunienos</span> 
     </span>
     <span class='ocr_line' id='line_1_28' title="bbox 143 2143 237 2182; baseline 0 -1"><span class='ocrx_word' id='word_1_129' title='bbox 143 2143 237 2182; x_wconf 78' lang='lat'>327.</span> 
     </span>
    </p>

    <p class='ocr_par' dir='ltr' id='par_1_23' title="bbox 257 2206 912 2250">
     <span class='ocr_line' id='line_1_29' title="bbox 257 2206 912 2250; baseline -0.002 -2"><span class='ocrx_word' id='word_1_130' title='bbox 257 2207 428 2248; x_wconf 88' lang='lat' dir='ltr'>Hector.</span> <span class='ocrx_word' id='word_1_131' title='bbox 461 2206 660 2248; x_wconf 79' lang='lat' dir='ltr'>Hectoris</span> <span class='ocrx_word' id='word_1_132' title='bbox 693 2212 787 2249; x_wconf 89' lang='lat'>455.</span> <span class='ocrx_word' id='word_1_133' title='bbox 820 2211 912 2250; x_wconf 85' lang='lat'>495.</span> 
     </span>
    </p>

    <p class='ocr_par' dir='ltr' id='par_1_24' title="bbox 255 2274 560 2317">
     <span class='ocr_line' id='line_1_30' title="bbox 255 2274 560 2317; baseline -0.003 0"><span class='ocrx_word' id='word_1_134' title='bbox 255 2275 365 2317; x_wconf 89' lang='lat' dir='ltr'>heia.</span> <span class='ocrx_word' id='word_1_135' title='bbox 399 2274 451 2316; x_wconf 90' lang='lat' dir='ltr'>cf.</span> <span class='ocrx_word' id='word_1_136' title='bbox 482 2276 560 2316; x_wconf 91' lang='lat' dir='ltr'>eia.</span> 
     </span>
    </p>

    <p class='ocr_par' dir='ltr' id='par_1_25' title="bbox 257 2342 953 2397">
     <span class='ocr_line' id='line_1_31' title="bbox 257 2342 953 2397; baseline 0.001 -13"><span class='ocrx_word' id='word_1_137' title='bbox 257 2342 516 2385; x_wconf 91' lang='lat' dir='ltr'>Heliodorus</span> <span class='ocrx_word' id='word_1_138' title='bbox 549 2345 856 2397; x_wconf 87' lang='lat' dir='ltr'>grammaticus</span> <span class='ocrx_word' id='word_1_139' title='bbox 890 2348 953 2385; x_wconf 92' lang='lat'>74.</span> 
     </span>
    </p>

    <p class='ocr_par' dir='ltr' id='par_1_26' title="bbox 255 2411 619 2454">
     <span class='ocr_line' id='line_1_32' title="bbox 255 2411 619 2454; baseline 0 -2"><span class='ocrx_word' id='word_1_140' title='bbox 255 2411 371 2453; x_wconf 86' lang='lat' dir='ltr'>here.</span> <span class='ocrx_word' id='word_1_141' title='bbox 402 2411 495 2452; x_wconf 88' lang='lat' dir='ltr'>heri</span> <span class='ocrx_word' id='word_1_142' title='bbox 525 2415 619 2454; x_wconf 84' lang='lat'>409.</span> 
     </span>
    </p>

    <p class='ocr_par' dir='ltr' id='par_1_27' title="bbox 256 2479 650 2533">
     <span class='ocr_line' id='line_1_33' title="bbox 256 2479 650 2533; baseline 0 -13"><span class='ocrx_word' id='word_1_143' title='bbox 256 2479 527 2533; x_wconf 88' lang='lat' dir='ltr'>heptameres</span> <span class='ocrx_word' id='word_1_144' title='bbox 557 2483 650 2521; x_wconf 90' lang='grc'><strong>381.</strong></span> 
     </span>
    </p>

    <p class='ocr_par' dir='ltr' id='par_1_28' title="bbox 144 2547 1651 2669">
     <span class='ocr_line' id='line_1_34' title="bbox 257 2547 1651 2602; baseline 0.001 -14"><span class='ocrx_word' id='word_1_145' title='bbox 257 2547 341 2588; x_wconf 87' lang='lat' dir='ltr'>heu</span> <span class='ocrx_word' id='word_1_146' title='bbox 370 2560 453 2588; x_wconf 92' lang='lat' dir='ltr'>non</span> <span class='ocrx_word' id='word_1_147' title='bbox 485 2547 659 2600; x_wconf 88' lang='lat' dir='ltr'>ponitur</span> <span class='ocrx_word' id='word_1_148' title='bbox 701 2551 800 2589; x_wconf 85' lang='lat' dir='ltr'>ante</span> <span class='ocrx_word' id='word_1_149' title='bbox 832 2548 1034 2589; x_wconf 88' lang='lat' dir='ltr'>vocalem.</span> <span class='ocrx_word' id='word_1_150' title='bbox 1096 2562 1174 2602; x_wconf 90' lang='lat' dir='ltr'>pro</span> <span class='ocrx_word' id='word_1_151' title='bbox 1218 2547 1321 2590; x_wconf 76' lang='lat' dir='ltr'>‘heu</span> <span class='ocrx_word' id='word_1_152' title='bbox 1352 2547 1454 2590; x_wconf 89' lang='lat' dir='ltr'>heu&#39;</span> <span class='ocrx_word' id='word_1_153' title='bbox 1492 2549 1651 2602; x_wconf 74' lang='lat' dir='ltr'>ubique</span> 
     </span>
     <span class='ocr_line' id='line_1_35' title="bbox 144 2613 758 2669; baseline 0 -12"><span class='ocrx_word' id='word_1_154' title='bbox 144 2615 435 2669; x_wconf 86' lang='lat' dir='ltr'>reponendum</span> <span class='ocrx_word' id='word_1_155' title='bbox 486 2613 627 2656; x_wconf 76' lang='lat' dir='ltr'>‘eheu’</span> <span class='ocrx_word' id='word_1_156' title='bbox 665 2618 758 2657; x_wconf 87' lang='grc'><strong>369.</strong></span> 
     </span>
    </p>

    <p class='ocr_par' dir='ltr' id='par_1_29' title="bbox 259 2683 1223 2738">
     <span class='ocr_line' id='line_1_36' title="bbox 259 2683 1223 2738; baseline 0.001 -14"><span class='ocrx_word' id='word_1_157' title='bbox 259 2683 364 2724; x_wconf 89' lang='lat' dir='ltr'>heus</span> <span class='ocrx_word' id='word_1_158' title='bbox 396 2696 524 2737; x_wconf 87' lang='lat' dir='ltr'>saepe</span> <span class='ocrx_word' id='word_1_159' title='bbox 556 2684 869 2725; x_wconf 87' lang='lat' dir='ltr'>restituendum</span> <span class='ocrx_word' id='word_1_160' title='bbox 903 2698 981 2738; x_wconf 89' lang='lat' dir='ltr'>pro</span> <span class='ocrx_word' id='word_1_161' title='bbox 1012 2685 1096 2725; x_wconf 86' lang='lat' dir='ltr'>heu</span> <span class='ocrx_word' id='word_1_162' title='bbox 1130 2687 1223 2726; x_wconf 81' lang='grc'><strong>369.</strong></span> 
     </span>
    </p>

    <p class='ocr_par' dir='ltr' id='par_1_30' title="bbox 257 2751 610 2794">
     <span class='ocr_line' id='line_1_37' title="bbox 257 2751 610 2794; baseline 0 -2"><span class='ocrx_word' id='word_1_163' title='bbox 257 2751 484 2793; x_wconf 89' lang='lat' dir='ltr'>heuvantis</span> <span class='ocrx_word' id='word_1_164' title='bbox 518 2755 610 2794; x_wconf 89' lang='grc'><strong>593.</strong></span> 
     </span>
    </p>

    <p class='ocr_par' dir='ltr' id='par_1_31' title="bbox 258 2819 924 2873">
     <span class='ocr_line' id='line_1_38' title="bbox 258 2819 924 2873; baseline 0.003 -13"><span class='ocrx_word' id='word_1_165' title='bbox 258 2819 402 2860; x_wconf 89' lang='lat' dir='ltr'>hiatus</span> <span class='ocrx_word' id='word_1_166' title='bbox 434 2819 549 2873; x_wconf 87' lang='lat' dir='ltr'>apud</span> <span class='ocrx_word' id='word_1_167' title='bbox 581 2820 799 2861; x_wconf 86' lang='lat' dir='ltr'>scaenicos</span> <span class='ocrx_word' id='word_1_168' title='bbox 831 2824 924 2862; x_wconf 85' lang='grc'><strong>368.</strong></span> 
     </span>
    </p>
   </div>
   <div class='ocr_carea' id='block_1_5' title="bbox 258 2887 1652 2989">
    <p class='ocr_par' dir='ltr' id='par_1_32' title="bbox 258 2887 1652 2989">
     <span class='ocr_line' id='line_1_39' title="bbox 258 2887 1652 2941; baseline 0.001 -14"><span class='ocrx_word' id='word_1_169' title='bbox 258 2887 338 2935; x_wconf 77' lang='lat' dir='ltr'>hic.</span> <span class='ocrx_word' id='word_1_170' title='bbox 380 2887 499 2937; x_wconf 74' lang='lat' dir='ltr'>baec,</span> <span class='ocrx_word' id='word_1_171' title='bbox 538 2888 619 2928; x_wconf 80' lang='lat' dir='ltr'>boc</span> <span class='ocrx_word' id='word_1_172' title='bbox 661 2888 873 2941; x_wconf 80' lang='lat' dir='ltr'>quomodo</span> <span class='ocrx_word' id='word_1_173' title='bbox 918 2888 1185 2930; x_wconf 75' lang='lat' dir='ltr'>declinentur</span> <span class='ocrx_word' id='word_1_174' title='bbox 1226 2894 1320 2938; x_wconf 69' lang='grc'><strong>485,</strong></span> <span class='ocrx_word' id='word_1_175' title='bbox 1355 2893 1389 2929; x_wconf 69' lang='grc' dir='ltr'><strong>(ἶ.</strong></span> <span class='ocrx_word' id='word_1_176' title='bbox 1451 2889 1530 2933; x_wconf 81' lang='grc'><strong>1110,</strong></span> <span class='ocrx_word' id='word_1_177' title='bbox 1572 2889 1652 2929; x_wconf 85' lang='lat' dir='ltr'>hoc</span> 
     </span>
     <span class='ocr_line' id='line_1_40' title="bbox 1309 2956 1378 2989; baseline 0 0"><span class='ocrx_word' id='word_1_178' title='bbox 1309 2956 1378 2989; x_wconf 82' lang='lat'>40*</span> 
     </span>
    </p>
   </div>
  </div>
 </body>
</html>
