1898 3292
771 227 887 253 LIBER
908 227 1097 259 QVARTVS.
1606 221 1628 258 3
1636 220 1683 259 51

183 330 457 372 classicorum
480 334 705 384 poetarum
728 329 849 370 libris
870 330 978 371 haec
999 333 1164 370 tantum
1189 330 1462 371 inveniuntur
1479 332 1685 384 exempla.

182 399 316 440 habes
356 400 397 439 in
429 399 643 440 Bucolicis
676 399 864 439 Maronis
904 399 960 453 [3,
993 398 1066 452 48]
1113 396 1166 437 ‘si
1210 403 1266 439 acl
1307 402 1468 439 z’ilulam
1510 409 1685 450 specul-5.

182 471 284 508 nilze'l
323 474 382 508 est
425 471 534 517 quod
570 470 717 516 poeula
759 464 923 507 laudes'
979 470 1021 507 et
1065 467 1106 506 in
1154 466 1340 507 eiusdem
1390 466 1537 508 libello
1577 467 1686 511 κατὰ

181 535 343 578 λεπτόν
384 536 440 589 [1,
471 536 515 589 4]
565 534 618 575 ‘se'
658 538 868 582 occulitur,
911 540 1065 585 longsest
1109 540 1280 585 tempsere
1323 539 1431 585 quod
1468 535 1685 586 nequeas'.

180 616 309 656 porro
352 603 395 643 in
425 603 510 644 Ciri
547 603 668 657 [295]
712 602 769 643 ‘le
801 609 964 652 erepta,
999 617 1019 643 ο
1054 605 1305 648 Britomarti,
1341 617 1453 644 meae
1481 618 1574 654 spes
1605 619 1687 645 una

181 668 408 719 senectaess
453 671 605 712 deinde
645 671 710 712 bis
750 671 864 724 apud
896 671 1088 712 Persium
1131 670 1223 711 iure
1269 670 1443 711 satirico
1482 672 1590 712 haec
1630 673 1685 726 [5,

185 743 285 790 127;
313 739 409 794 159]
455 738 508 779 ‘se'
537 736 781 789 increpetis:
825 738 934 780 ‘nam
959 747 995 779 et
1027 736 1218 780 lucrata&
1270 743 1359 779 tum
1393 740 1506 792 apud
1530 739 1686 780 Teren-

180 808 345 848 tianum
376 808 529 862 [10903
566 808 692 861 1974]
736 806 851 858 ‘qula
880 815 917 848 et
946 805 1114 853 varias-2·
1157 805 1269 847 ‘nam
1292 814 1329 847 et
1350 806 1528 849 melius-⁷.
1574 808 1684 849 idem

180 876 449 929 paucissimis
481 875 685 928 exemplis
719 876 931 917 admisere
965 875 1226 916 carminibus
1257 876 1471 916 Ausonius
1502 877 1685 931 [parent.

181 948 218 994 S,
255 944 342 998 18],
376 943 579 985 Paulinus
611 945 698 998 [2],
732 948 834 995 608,
867 947 931 991 27,
968 944 1083 998 137],
1118 943 1357 984 Martianus
1392 944 1482 998 [HL
1517 948 1610 986 262.
1641 950 1686 996 4;

180 1013 256 1063 ΙΧ,
291 1017 391 1063 888,
429 1017 499 1063 19;
533 1016 627 1061 907,
662 1016 708 1063 9;
743 1016 842 1061 908,
876 1012 968 1065 26],
1019 1012 1230 1053 Luxorius
1278 1013 1396 1066 [372,
1430 1012 1492 1066 4],
1535 1017 1580 1053 at
1620 1027 1687 1054 ar-

181 1085 360 1122 cuerunt
394 1081 598 1130 Avienus,
632 1080 906 1130 Prudentius,
940 1080 1155 1129 Sedulius,
1189 1081 1388 1130 Avianus,
1422 1082 1592 1132 Arator,
1624 1082 1685 1122 Si-

181 1150 351 1200 donius,
390 1149 652 1199 Priscianus,
691 1148 995 1198 Maximianus,
1028 1148 1252 1199 Boethius,
1291 1148 1375 1189 alii.
1438 1163 1547 1202 quae
1590 1164 1685 1191 cum

180 1218 241 1259 ita
271 1218 367 1268 sint,
399 1231 481 1258 non
515 1217 597 1258 erit
627 1218 731 1258 satis
755 1217 926 1269 dignum
951 1217 1125 1267 Aviano,
1156 1217 1271 1270 quod
1293 1217 1445 1258 tribuit
1466 1218 1526 1258 illi
1549 1218 1684 1259 Lach—

180 1300 359 1327 mannus
402 1286 492 1341 [28,
518 1286 587 1340 12]
633 1285 770 1336 ‘quam
802 1289 842 1325 in
877 1289 1025 1326 domini
1054 1300 1160 1326 ama
1193 1290 1339 1336 ferens
1378 1300 1451 1326 ora
1482 1291 1686 1337 sewensis

180 1352 298 1406 (φατ’
346 1354 420 1395 sed
452 1354 588 1407 magis
622 1354 703 1395 hoc
747 1353 884 1404 ‘quam
915 1359 1038 1404 ferus
1080 1357 1119 1394 ἱη
1159 1357 1309 1394 domini
1340 1368 1515 1405 corpora
1546 1363 1686 1396 vemas

180 1420 315 1474 aqat’.
378 1426 442 1463 est
482 1426 626 1464 autem
664 1422 707 1462 in
750 1422 968 1463 codicibus
1015 1421 1148 1472 ‘quam
1180 1426 1303 1473 serm
1345 1426 1382 1462 ἱη
1425 1426 1575 1463 domini
1613 1438 1687 1464 ora

179 1494 384 1541 sequentis
435 1488 576 1542 (φατ’.
652 1504 751 1532 nam
802 1505 880 1531 nec
927 1491 1136 1544 Corippus
1185 1491 1228 1530 in
1284 1490 1485 1531 laudibus
1536 1492 1687 1533 Iustini

180 1559 353 1612 scripsit
385 1559 432 1614 [L
456 1559 527 1613 46]
562 1558 620 1599 ‘te
642 1566 865 1610 exspectat,
897 1562 1065 1607 Ius-tine,
1100 1562 1199 1607 dies,
1232 1566 1271 1599 τῑι
1287 1562 1505 1609 proximus
1527 1559 1687 1606 heres-⁷,

181 1628 353 1681 scripsit
395 1625 453 1667 ‘te
473 1625 669 1677 speclat',
702 1628 813 1668 sicut
835 1627 1102 1680 Reposianus
1123 1627 1166 1667 in
1189 1626 1376 1668 carmine
1400 1627 1451 1668 de
1473 1628 1686 1670 adulterio

181 1696 358 1736 Veneris
381 1696 499 1751 [154]
542 1695 598 1736 ‘le
619 1703 775 1746 spectat
797 1699 1028 1744 lacrimans,
1063 1698 1132 1736 ribi
1154 1702 1305 1736 castum
1328 1703 1466 1736 servat
1486 1711 1658 1738 amorem
1673 1697 1681 1710 ⁷

182 1764 250 1819 [cf.
283 1767 326 1805 et
358 1764 525 1818 Coripp.
557 1763 671 1805 laud.
704 1764 804 1805 lust.
835 1764 870 1814 Ι,
904 1764 1018 1818 351]
1070 1789 1115 1792 ⁷—
1168 1767 1213 1804 at
1254 1762 1449 1805 iambicis
1489 1769 1531 1806 et
1568 1765 1684 1818 loga-

181 1832 340 1874 oedicis
383 1833 530 1874 metris
575 1847 671 1874 cum
701 1832 894 1874 Catullus
936 1833 1064 1873 etiam
1106 1832 1350 1873 admisisset
1380 1832 1612 1885 aliquando
1643 1835 1685 1875 in

179 1903 319 1954 prima
350 1900 517 1955 syllaba
549 1900 825 1954 synhaeresin
855 1900 974 1941 illam
1007 1902 1072 1955 [ut
1105 1903 1169 1951 37,
1203 1904 1246 1952 83
1281 1905 1344 1951 55,
1380 1904 1428 1951 43
1462 1902 1516 1955 5],
1548 1902 1686 1944 Hora-

180 1970 266 2010 tius
308 1983 403 2010 cum
444 1982 548 2009 cura
579 1969 756 2010 evitavit
785 1972 1093 2022 praeterquam
1123 1968 1197 2009 ubi
1227 1968 1509 2022 praecederet
1539 1984 1687 2013 versus

180 2037 464 2091 hypermeter.
515 2036 628 2078 hunc
651 2038 787 2078 secuti
810 2037 972 2078 Seneca
996 2041 1038 2078 et
1059 2037 1285 2078 Petronius
1308 2040 1432 2078 extra
1453 2039 1685 2091 trimetros,

181 2105 410 2155 Martialis,
452 2109 651 2147 auctores
684 2105 981 2159 Priapeorum,
1012 2106 1196 2157 Statius,
1236 2107 1514 2157 Claudianus,
1548 2108 1686 2149 Mero-

181 2173 367 2224 baudes,
414 2178 568 2215 auctor
608 2174 841 2228 pervigilii,
888 2174 1165 2225 Prudentius,
1211 2175 1428 2224 Sedulius,
1475 2176 1686 2228 Sidonius,

181 2242 405 2293 Boethius,
438 2242 670 2293 Luxorius,
713 2247 757 2284 at
787 2242 906 2284 illum
939 2244 1102 2285 Seneca
1131 2246 1174 2284 in
1205 2243 1428 2294 diverbiiS,
1460 2245 1686 2286 Petronius

179 2311 222 2351 in
244 2310 406 2352 Troicis
430 2312 483 2365 [v.
508 2311 591 2364 56],
624 2310 917 2361 Terentianus,
947 2312 1171 2363 Ausonius,
1196 2312 1410 2362 Paulinus,
1435 2312 1685 2365 Martianus,

181 2379 256 2420 sed
285 2379 435 2433 paucis
466 2379 631 2432 pariter
657 2379 797 2420 cuncti
827 2380 1045 2433 exemplis.

294 2447 384 2488 Iam
425 2447 476 2488 de
522 2446 807 2501 hypermetris
847 2447 1041 2489 versibus
1084 2449 1223 2490 acturi
1268 2449 1453 2502 primum
1498 2449 1684 2489 omnium

182 2529 431 2568 spernemus
462 2515 767 2568 magistrorum
798 2519 989 2557 veterum
1030 2531 1121 2567 eos,
1166 2517 1239 2570 qui
1268 2531 1314 2558 re
1346 2531 1448 2558 vera
1478 2520 1686 2570 putarunt

180 2597 327 2624 versus
360 2583 575 2636 longiores
607 2597 744 2636 aequo
774 2584 956 2637 reperiri
986 2585 1030 2625 in
1058 2588 1208 2635 metro,
1239 2599 1317 2626 nec
1348 2585 1593 2626 timebimus
1625 2586 1685 2625 eis

182 2651 398 2701 accedere,
428 2664 535 2704 quos
567 2650 670 2691 dicit
701 2650 863 2692 Marius
894 2652 1057 2693 Plotius
1090 2653 1237 2707 [2628]
1268 2654 1610 2706 imperitissimos
1644 2658 1685 2695 et

182 2719 294 2759 omni
326 2722 419 2760 arte
450 2719 630 2760 metrica
663 2723 908 2773 separatos,
953 2721 1214 2762 hebetudine
1255 2721 1441 2774 quadam
1481 2721 1684 2774 deceptos

182 2787 376 2840 sequenti
406 2787 547 2828 versui
578 2787 754 2840 iungere
795 2787 1002 2842 syllabam
1046 2789 1347 2830 abundantem.
1410 2789 1565 2829 etenim
1611 2791 1684 2842 qui

180 2868 328 2896 versus
367 2855 481 2896 iusta
522 2868 722 2896 mensura
769 2856 953 2897 maiores
1002 2857 1240 2897 minoresve
1288 2870 1363 2897 seu
1414 2857 1685 2911 neglegentia

182 2923 267 2963 sive
298 2923 468 2963 inscitia
499 2925 805 2975 composuerit,
850 2938 1030 2977 quorum
1072 2938 1149 2977 ego
1179 2924 1260 2975 logi
1292 2924 1426 2965 libros
1458 2928 1681 2967 auctorum
