1898 3292
245 190 296 229 82
849 197 969 224 LrBER
988 197 1144 223 Pansvs.

246 300 459 342 Catullum
493 304 535 341 et
572 300 811 341 studiorum
843 303 1063 341 consortes
1094 299 1160 340 vel
1190 298 1386 339 versibus
1418 298 1483 338 vel
1513 298 1751 339 rationibus

245 369 362 420 artis,
395 368 471 410 sed
502 381 586 409 non
620 382 715 409 cum
737 368 977 409 imitatione
1000 367 1401 418 Alexandrinorum,
1432 380 1578 408 verum
1602 367 1751 408 Archi-

243 437 367 488 lochi,
400 441 442 478 et
473 436 644 490 quidem
675 437 832 490 ignotis
865 440 963 477 ante
995 436 1119 477 Latio
1152 436 1406 490 systematis.

358 505 510 556 Porro,
553 508 698 546 cetera
744 508 792 546 ut
834 506 920 545 iam
962 518 1214 558 persequar,
1261 505 1376 545 intra
1421 503 1629 545 iambicos
1676 505 1752 545 tri-

243 577 402 615 metros
454 573 546 627 (qui
589 574 633 614 in
678 573 822 627 lyricis
865 576 964 614 sunt
1007 573 1266 626 catalectici)
1313 572 1603 625 dimetrosque
1654 571 1752 613 sub-

243 642 355 684 stitit
383 642 508 683 idem.
562 655 691 695 quam
723 641 777 683 ob
808 655 981 683 causam
1013 641 1229 695 longiores
1250 641 1367 682 hisce
1390 654 1540 682 versus
1563 640 1752 682 eiusdem

242 711 410 752 numeri
433 711 608 753 exulant
630 711 684 752 ab
707 711 1024 763 insequentium
1042 714 1267 764 poetarum
1284 709 1416 751 libris.
1450 709 1751 751 trochaeorum

241 780 285 820 in
317 780 464 833 epodis
501 779 660 830 nullus,
703 780 746 820 in
785 779 1047 820 carminibus
1086 779 1343 832 perexiguus
1385 782 1449 819 est
1479 792 1593 819 usus.
1653 792 1751 819 nam

242 848 308 889 bis
340 848 388 903 [L
421 852 468 900 43
500 848 552 898 II,
586 848 672 902 18],
714 861 798 889 11011
829 848 1018 903 saepius,
1050 847 1336 889 inveniuntur.
1399 850 1543 887 cetera
1572 846 1616 887 in
1648 847 1751 887 iam-

243 916 351 958 bicis
385 916 596 971 dactylico
630 919 829 958 constant
861 929 1059 966 numero,
1100 917 1142 957 in
1187 907 1332 971 lyricis
1362 918 1536 969 praeter
1567 915 1680 956 huno
1712 919 1755 956 et

240 985 427 1027 ionicum
460 985 550 1039 [IIL
587 986 656 1040 12]
688 984 951 1038 logaoedico.

355 1053 589 1095 Praeterea
627 1067 722 1094 cum
753 1053 1027 1094 severitatem
1060 1052 1166 1094 artis
1195 1053 1237 1093 in
1269 1052 1519 1094 hexametro
1550 1052 1636 1093 iam
1667 1055 1753 1094 sta-

241 1122 409 1164 bilitam
450 1122 505 1163 ad
547 1122 710 1164 leviora
751 1135 950 1163 versuum
983 1135 1141 1176 genera
1171 1121 1408 1162 transferre
1441 1121 1583 1162 conati
1613 1125 1755 1163 essent

240 1191 422 1233 Laevius
458 1191 684 1244 Varroque
719 1194 761 1232 et
789 1190 995 1241 Catullus,
1027 1190 1235 1232 Horatius
1267 1194 1309 1232 et
1338 1203 1613 1244 progressum
1647 1190 1753 1231 artis

240 1260 479 1314 legitimum
511 1263 553 1301 et
583 1260 804 1313 propriam
834 1259 1125 1300 Romanorum
1165 1259 1324 1313 ingenii
1363 1259 1658 1312 sermonisque
1689 1259 1751 1300 in-

242 1329 381 1370 dolem
411 1328 679 1370 observando
711 1327 897 1369 intendit
927 1328 970 1368 in
1000 1328 1219 1382 plerisque
1250 1328 1379 1369 rebus
1402 1327 1601 1369 decorem
1631 1327 1753 1382 lyrici

241 1397 453 1439 carminis.
513 1411 614 1438 nam
646 1396 839 1438 diversus
870 1396 924 1437 ab
958 1396 1208 1438 auctoribus
1242 1396 1419 1438 Graecis
1452 1400 1494 1437 et
1523 1396 1753 1450 ancipitem

243 1465 513 1519 quorundam
544 1479 745 1507 versuum
774 1465 899 1507 basin
943 1464 1131 1506 firmavit
1172 1465 1295 1506 unice
1334 1465 1521 1506 admisso
1563 1464 1752 1519 spondeo

243 1538 286 1576 et
315 1535 358 1575 in
389 1534 540 1575 mediis
577 1533 835 1587 quibusdam
870 1534 1020 1575 metris
1054 1547 1132 1588 pro
1164 1534 1376 1575 communi
1407 1533 1579 1587 longam
1608 1534 1755 1587 posuit

241 1603 450 1658 syllabam
483 1606 525 1644 et
557 1616 667 1656 quae
700 1616 880 1644 caesura
913 1602 1029 1656 prius
1062 1606 1261 1644 carerent
1304 1606 1423 1644 certa
1465 1602 1660 1643 distinxit
1690 1602 1752 1643 in-

244 1672 414 1723 cisione,
448 1685 542 1712 cum
575 1672 785 1725 praeisset
816 1685 867 1712 ex
896 1670 962 1712 his
993 1670 1206 1724 quaedam
1238 1670 1443 1713 Catullus.

354 1740 493 1793 Igitur
524 1740 567 1780 in
599 1739 804 1794 sapphico
847 1742 890 1781 et
931 1739 1094 1781 alcaico
1136 1739 1514 1795 hendecasyllabo,
1559 1739 1664 1781 item
1708 1740 1752 1780 in

241 1808 512 1862 asclepiadeo
546 1808 840 1850 duodenarum
871 1808 937 1849 vel
978 1822 1126 1850 senum
1157 1808 1365 1850 denarum
1396 1808 1659 1863 syllabarum
1693 1809 1753 1850 eis

240 1877 345 1919 locis
374 1881 584 1932 perpetuo
616 1876 751 1918 voluit
781 1876 895 1918 finiri
932 1876 1128 1927 verbum,
1171 1877 1245 1919 ubi
1285 1878 1352 1919 vel
1384 1877 1539 1919 Graeci
1581 1878 1752 1931 saepius

238 1946 434 1988 fixissent
464 1946 743 1988 interstitium
775 1946 983 1987 orationis
1005 1945 1072 1987 vel
1095 1946 1254 2000 optime
1276 1945 1351 2000 figi
1372 1959 1498 2000 posse
1520 1946 1751 1987 videretur.

353 2015 443 2056 Iam
476 2015 591 2068 quod
623 2014 852 2066 Christius,
895 2015 960 2056 vir
994 2014 1334 2067 sollertissimus,
1374 2029 1459 2057 non
1501 2019 1590 2056 tam
1632 2028 1753 2056 suam

238 2084 546 2138 propriamque
577 2083 768 2125 moribus
797 2084 1089 2125 Romanorum
1132 2087 1174 2125 et
1219 2084 1539 2125 convenientem
1580 2083 1752 2137 linguae

244 2153 424 2205 Latinae
456 2151 698 2193 rationibus
727 2151 915 2193 indolem
948 2166 1076 2205 quam
1104 2153 1485 2206 grammaticorum
1508 2152 1752 2206 aequalium

238 2224 474 2276 praecepta
514 2221 557 2261 in
598 2220 806 2262 novandis
849 2220 1015 2274 legibus
1044 2221 1137 2262 istis
1169 2225 1363 2263 secutum
1394 2221 1623 2263 Horatium
1654 2235 1752 2263 con-

239 2290 379 2331 tendit
423 2290 467 2330 in
508 2289 655 2330 libello
701 2289 918 2330 Monaohii
965 2303 1000 2330 a.
1044 2293 1150 2331 1868
1201 2290 1315 2332 edito
1360 2290 1490 2344 idque
1535 2290 1752 2344 persuasit

240 2358 399 2410 multis,
431 2357 617 2412 probare
644 2371 730 2399 non
760 2371 946 2411 possum.
998 2372 1098 2400 nam
1132 2372 1227 2400 cum
1255 2358 1354 2400 inde
1377 2359 1430 2400 ab
1453 2358 1585 2410 Livio,
1617 2358 1751 2400 multo

240 2431 384 2469 autem
424 2426 561 2479 magis
608 2426 661 2467 ab
693 2426 832 2467 Ennio
869 2426 1090 2468 videamus
1133 2427 1281 2469 labore
1321 2427 1521 2469 continuo
1552 2440 1631 2468 nec
1661 2442 1751 2469 um-

241 2509 369 2549 quam
400 2494 648 2535 intermisso
681 2508 826 2536 omnes
859 2497 1046 2538 omnium
1080 2510 1284 2550 generum
1314 2499 1467 2550 poetas
1499 2495 1677 2537 Latinos
1707 2495 1751 2537 id

240 2564 394 2617 egisse,
443 2566 492 2604 ut
532 2563 587 2603 ad
630 2564 865 2605 severiores
907 2565 1089 2618 ideoque
1134 2578 1345 2618 congruas
1386 2567 1568 2605 naturae
1612 2564 1751 2618 gentis

240 2645 342 2673 suae
383 2644 434 2672 ac
473 2630 646 2684 linguae
687 2631 803 2685 leges
845 2637 1099 2674 revocarent
1141 2636 1281 2675 metra
1323 2646 1348 2673 a
1381 2632 1558 2674 Graecis
1596 2635 1750 2684 tracta,

240 2714 315 2741 cur
345 2699 575 2740 Horatium
607 2699 727 2740 novis
761 2700 1002 2742 rationibus
1039 2715 1089 2742 ac
1120 2715 1204 2742 non
1237 2701 1317 2752 eis,
1360 2714 1470 2754 quae
1507 2714 1584 2754 per
1616 2714 1749 2741 annos

238 2781 374 2822 paene
405 2767 611 2809 ducentos
641 2768 685 2808 in
715 2771 944 2821 poetarum
976 2769 1131 2811 scholis
1174 2769 1478 2820 obtinuissent,
1520 2769 1563 2809 in
1604 2768 1749 2824 lyricis

237 2836 386 2877 metris
444 2836 737 2889 temperandis
800 2835 974 2878 ductum
1028 2851 1119 2879 esse
1179 2837 1503 2879 existimemus?
1569 2836 1748 2888 accedit,

244 2903 357 2957 quod
388 2904 598 2956 Catullus,
639 2918 765 2958 quem
805 2910 975 2946 constat
1009 2906 1158 2947 eadem
1208 2906 1586 2959 grammaticorum
1625 2919 1749 2960 prae-
