1898 3292
262 230 342 269 336
851 238 969 262 LIBER
991 237 1179 268 QVAnTvs.

258 342 450 383 haeresis
482 340 632 382 mediis
662 341 749 382 sive
772 340 975 382 extremis
998 339 1140 381 verbis
1164 339 1399 381 accidentis
1421 340 1652 392 licentiam,
1685 356 1769 383 non

259 409 497 460 intercedo,
529 423 668 463 neque
700 409 788 450 ulla
820 413 944 463 parte
977 408 1112 462 magis
1145 408 1348 449 differunt
1381 409 1581 464 dactylici
1613 412 1769 452 vetusti

260 494 284 519 a
315 478 535 520 scaenicis.

371 546 558 587 Maxime
591 547 701 587 mira
732 560 800 587 res
831 547 874 586 in
911 546 1034 586 Ennii
1067 545 1322 595 Annalibus,
1365 546 1438 598 qui
1482 559 1567 598 qua
1610 546 1768 587 fuerint

257 616 480 669 paucitate
527 615 752 656 elisionum
803 618 978 667 suprast
1030 614 1303 667 explicatum.
1375 628 1637 667 quamquam
1685 629 1768 656 non

259 684 398 725 ausim
439 683 657 724 affirmare
696 683 736 723 in
779 686 902 723 tanta
942 682 1123 723 raritate
1156 683 1400 723 coeuntium
1432 683 1641 724 vocalium
1672 698 1768 736 per-

257 753 356 794 inde
389 756 562 793 cautum
606 752 664 799 ei,
710 765 761 792 ne
806 752 960 804 longae
1004 750 1309 804 copularentur
1346 765 1439 792 cum
1469 751 1672 793 brevibus
1704 753 1769 793 vel

257 822 408 862 acutis.

374 890 430 930 At
452 889 641 930 Lucilius
676 891 718 928 ct
749 887 906 928 multas
939 887 1071 928 habet
1103 887 1300 928 elisiones
1324 892 1364 928 et
1387 888 1600 930 interdum
1626 889 1767 929 duras.

258 971 403 999 verum
438 957 504 997 vel
533 957 594 997 sic
627 959 847 1010 comparet
880 969 1036 1008 magna
1058 956 1169 996 inter
1191 955 1312 996 huuc<
1328 960 1368 997 et
1392 956 1589 997 Plautum
1613 957 1768 997 Teren-

259 1027 453 1079 tiumque
487 1025 727 1066 diversitas.

374 1094 600 1136 Lucretius
641 1093 777 1146 magis
819 1097 883 1134 est
926 1092 1076 1133 similis
1108 1093 1280 1145 Lucilii,
1325 1093 1518 1134 Catullus
1554 1094 1597 1134 in
1638 1094 1768 1135 hexa-

256 1164 404 1205 metris
435 1163 696 1204 continuatis
728 1162 864 1214 magis
897 1161 1093 1214 sequitur
1126 1162 1327 1212 Ennium,
1359 1162 1402 1202 in
1436 1163 1590 1204 ceteris
1623 1164 1769 1204 metris

256 1236 322 1273 est
353 1231 513 1273 durior,

370 1300 460 1341 Iam
487 1298 700 1352 Vergilius
722 1298 802 1339 etsi
826 1298 934 1339 dura
957 1298 1166 1351 pleraque
1199 1297 1417 1341 devitavit.
1451 1299 1768 1341 multitudinem

258 1369 482 1411 elisionum
522 1381 605 1409 non
648 1366 826 1421 perinde
870 1366 1039 1420 refugit.
1102 1366 1214 1419 quod
1257 1367 1371 1420 apud
1404 1366 1599 1408 Ovidium
1644 1368 1768 1422 longe

253 1438 387 1479 habet
426 1437 573 1487 aliter,
614 1440 662 1477 ut
698 1436 770 1489 qui
804 1450 897 1476 cum
929 1435 1083 1476 ceteris
1117 1436 1246 1476 etiam
1278 1435 1491 1477 vocalium
1524 1438 1768 1479 coeuntium

253 1508 370 1561 leges
403 1506 458 1547 ad
492 1505 805 1547 severissimam
844 1505 1057 1546 revocarit
1089 1518 1295 1545 normam.

371 1575 472 1616 Mox
514 1575 788 1627 insequentes
829 1587 907 1627 pro
950 1573 1200 1614 diversitate
1242 1574 1508 1627 ingeniorum
1552 1575 1638 1616 sive
1670 1575 1769 1617 huic

255 1644 342 1686 sive
373 1643 434 1684 illi
466 1643 602 1696 magis
634 1656 678 1683 se
711 1641 1007 1695 applicarunt,
1040 1642 1158 1682 nulla
1189 1646 1235 1683 ut
1267 1656 1312 1683 re
1345 1643 1538 1696 apertius
1570 1642 1768 1684 differen-

256 1714 362 1754 tiam
394 1711 665 1753 declararent
698 1710 939 1752 studiorum
971 1724 1100 1763 quam
1132 1710 1216 1751 illa.
1278 1710 1421 1764 placet
1449 1711 1556 1752 haec
1590 1712 1768 1764 probari

256 1781 473 1835 exemplis,
525 1780 673 1833 itaque
698 1779 912 1833 Vergilius
934 1780 976 1819 in
998 1779 1136 1833 primo
1159 1778 1372 1820 volumine
1395 1779 1620 1831 Aeneidos,
1653 1781 1767 1834 quod

254 1850 387 1892 habet
418 1863 566 1891 versus
598 1848 812 1899 DCCLVI,
847 1848 960 1889 elisit
987 1848 1138 1902 longas
1171 1848 1340 1889 vocales
1364 1848 1571 1900 LXXXV,
1604 1849 1767 1891 medias

256 1918 427 1969 XCVII,
459 1918 611 1959 breves
643 1916 874 1967 CLXXIII,
908 1920 953 1957 at
985 1916 1161 1958 Ovidius
1194 1916 1598 1971 Metamorphoseon
1628 1918 1766 1971 primo

253 2013 309 2018 -—
341 1989 511 2028 constat
540 1986 802 2027 hexametris
834 1984 1121 2027 DCCLXXIX
1155 2010 1207 2015 —
1240 1985 1475 2039 productas
1509 1986 1624 2037 VIII,
1657 1987 1699 2028 in
1731 2001 1764 2027 m

255 2058 459 2098 exeuntes
492 2054 653 2105 XXIII,
687 2057 909 2108 correptas
941 2053 1129 2095 CXXIX.
1192 2053 1355 2095 Statius
1395 2054 1512 2096 haud
1548 2055 1611 2096 ita
1643 2055 1765 2096 dissi-

254 2124 426 2166 milibus
471 2122 650 2177 Vergilii
697 2122 886 2164 elisionis
932 2123 1069 2163 utitur
1114 2122 1376 2174 rationibus,
1425 2127 1604 2178 excepto
1651 2123 1766 2177 quod

254 2193 390 2234 multo
434 2193 576 2233 rarius
619 2205 713 2232 eam
755 2191 945 2232 admittit
984 2192 1027 2231 in
1059 2190 1209 2244 longis.
1273 2191 1326 2233 ab
1357 2195 1541 2245 utroque
1573 2192 1766 2234 diversus

254 2261 379 2303 valde
411 2260 673 2302 Claudianus
707 2259 968 2301 carminibus
1006 2259 1058 2300 de
1090 2259 1317 2301 consulatu
1350 2261 1598 2302 Aniciorum
1631 2275 1681 2302 ac
1714 2261 1765 2302 de

253 2329 389 2371 Mallii
421 2328 635 2370 Theodori
679 2332 721 2369 et
758 2328 868 2369 libro
908 2328 1046 2381 primo
1078 2328 1121 2368 in
1155 2327 1354 2369 Rufinum
1398 2328 1456 2383 [13
1489 2329 1630 2381 XVII,
1662 2329 1765 2383 III],

254 2398 410 2452 quibus
442 2397 710 2451 complentur
741 2396 982 2438 hexametri
1006 2396 1120 2447 MVI,
1150 2400 1250 2437 ante
1272 2397 1462 2438 vocalem
1492 2398 1637 2451 posuit
1667 2411 1765 2451 pro-

254 2467 406 2508 ductas
439 2465 524 2513 bis,
559 2465 723 2506 medias
752 2465 973 2516 undecies,
1006 2464 1225 2506 breviatas
1263 2465 1554 2519 quadragiens
1586 2467 1764 2507 sexiens.

254 2535 315 2577 sic
355 2533 568 2575 Martialis
611 2534 654 2574 in
694 2534 841 2575 Xeniis
884 2537 927 2574 et
968 2534 1256 2587 Apophoretis
1301 2534 1435 2576 habet
1479 2534 1765 2589 synaloephas

253 2604 369 2646 circa
401 2603 501 2654 XX,
534 2602 772 2656 Eugenius,
814 2605 863 2643 ut
903 2601 1036 2643 refert
1066 2601 1225 2644 Paulus
1258 2603 1329 2657 [de
1361 2603 1551 2658 Sympos.
1584 2603 1763 2656 aenigm.

251 2687 291 2726 p.
324 2671 419 2726 40],
461 2671 505 2712 in
549 2670 743 2712 versibus
775 2669 1138 2712 CCCCXXXXIII
1178 2671 1258 2712 XII
1299 2671 1450 2726 [praef.
1487 2675 1520 2722 1,
1556 2675 1600 2723 G,
1634 2685 1763 2712 carm.

256 2744 291 2791 1,
326 2742 400 2791 123
445 2741 561 2790 3,3;
609 2742 752 2790 5,11;
793 2742 856 2789 17,
891 2742 934 2789 53
981 2742 1044 2789 18,
1080 2742 1126 2780 3:
1174 2743 1315 2791 19.4;
1361 2742 1426 2790 20,
1463 2743 1504 2791 13
1539 2743 1603 2790 23,
1638 2743 1682 2792 33
1717 2744 1763 2791 93

253 2811 319 2859 24,
352 2811 399 2859 23
433 2809 499 2858 26,
532 2807 588 2861 2].

368 2875 432 2916 Ex
474 2875 720 2917 christianis
761 2875 900 2928 poetis
947 2878 989 2916 et
1030 2875 1305 2917 multitudine
1348 2875 1572 2917 elisionum
1617 2879 1658 2916 et
1687 2876 1762 2916 ali·

252 2944 424 2998 quando
454 2944 689 2998 asperitate
721 2944 905 2985 maxime
929 2943 1141 2985 notabiles
1167 2945 1364 2989 Avienus,
1400 2945 1623 2995 Ausonius,
1657 2944 1760 2985 Pru-
