1898 3292
737 285 854 309 LIBER
875 285 1048 309 TER'rivs.
1565 277 1587 314 2
1594 278 1616 314 (5
1623 279 1644 315 5

142 386 267 427 modo
300 386 573 436 collocentur,
605 387 665 426 ita
699 387 920 427 mirificum
954 387 994 426 in
1029 387 1200 427 modum
1233 401 1361 440 saepo
1392 387 1647 429 disiciuntur

140 469 232 510 per·
257 455 458 497 diversas.
521 459 709 497 ceterum
746 456 815 496 vix
860 455 999 497 minus
1037 455 1205 497 firmum
1252 460 1551 509 argumentum
1593 457 1647 498 ab

141 524 330 566 elisionis
378 524 570 565 finalium
620 524 861 566 rationibus
908 527 1111 565 sumetur.
1183 538 1268 577 qua
1315 524 1503 566 admissa
1551 540 1646 567 cum

140 592 263 634 nobis
294 592 492 634 videatur
531 606 583 633 ne
613 606 740 646 posse
780 593 951 646 quidem
982 592 1095 643 fieri,
1134 597 1182 634 ut
1212 593 1468 634 terminetur
1498 607 1647 635 sensus

139 664 237 714 post
268 660 474 715 syllabam
507 661 775 701 imminutam
807 661 873 701 vel
904 660 1015 702 hanc
1046 660 1100 702 ob
1135 675 1330 712 causam,
1373 661 1488 715 quod
1518 676 1646 716 saepe

140 728 318 770 verbum
348 732 594 770 truncatum
625 730 710 770 iam
733 729 916 770 alienam
940 729 994 770 ab
1018 744 1090 771 ore
1114 730 1404 771 Romanorum
1425 730 1492 771 vel
1514 730 1647 771 Grae-

141 811 287 838 corum
319 797 556 839 clausulam
600 797 776 852 accipit,
815 798 859 839 id
891 798 999 839 adeo
1031 813 1114 839 non
1146 802 1352 850 verumst,
1394 802 1443 840 ut
1473 802 1516 839 et
1544 813 1643 840 non-

138 865 266 907 nullis
298 866 505 920 exemplis
537 866 652 919 apud
683 866 760 907 hos
793 870 835 908 et
866 867 1011 908 multis
1043 867 1158 921 apud
1194 867 1289 909 illos
1329 867 1573 909 inveniatur
1604 868 1647 908 in

138 933 296 975 fabulis
327 934 394 976 vel
428 934 716 976 diverbiorum
749 937 792 976 in
821 936 905 976 fine
938 950 989 977 ea
1021 935 1226 977 adhibita.
1291 940 1336 977 at
1369 936 1503 989 possit
1534 935 1647 977 obici

139 1003 243 1043 mihi
283 1003 411 1044 istam
452 1004 745 1044 scaenicarum
779 1005 995 1045 actionum
1038 1005 1264 1046 alacritate
1305 1005 1494 1058 mitigari
1534 1005 1647 1045 inso-

137 1070 333 1123 lentiam,
376 1085 471 1113 cum
498 1073 752 1126 praesertim
786 1077 952 1114 veteres
982 1072 1044 1113 illi
1076 1077 1257 1124 actores,
1289 1075 1400 1115 sicut
1431 1073 1646 1126 hodieque

141 1139 255 1180 Galli
285 1143 327 1181 et
357 1140 475 1191 Itali,
519 1141 749 1195 plurimum
794 1141 981 1183 afuerint
1013 1155 1038 1182 a
1077 1142 1285 1183 tarditate
1335 1156 1507 1183 morosa
1546 1155 1644 1196 pro-

139 1208 365 1250 nuntiandi
405 1223 475 1260 ea,
519 1224 604 1263 qua
637 1209 840 1251 Germani
872 1209 1004 1251 verba
1048 1210 1186 1251 solent
1226 1211 1349 1264 quasi
1382 1214 1644 1264 computare.

138 1277 280 1318 audio.
334 1278 408 1319 sed
441 1279 551 1320 enim
585 1278 733 1319 eadem
767 1278 955 1319 elisionis
987 1279 1230 1333 proprietas
1267 1279 1396 1320 etiam
1430 1282 1553 1320 extra
1583 1279 1646 1319 fa·

137 1345 262 1387 bulas
293 1360 343 1386 ac
374 1346 568 1388 diverbia
598 1347 824 1400 reperitur.
855 1373 912 1377 ——
943 1360 1052 1400 quae
1084 1361 1179 1388 cum
1212 1348 1273 1388 ita
1305 1348 1401 1399 sint,
1434 1347 1529 1401 quis
1560 1348 1645 1388 iam

137 1413 311 1467 negabit
358 1430 383 1455 a
425 1415 665 1466 veteribus,
709 1419 757 1456 ut
802 1416 964 1469 placita
1009 1416 1293 1469 grammatica
1335 1417 1421 1458 sive
1466 1415 1646 1457 metrica

138 1486 323 1534 starent,
366 1483 483 1524 haud
516 1488 769 1525 cunctanter
800 1484 1074 1538 posthabitas
1108 1498 1200 1525 esse
1232 1486 1422 1526 rationes
1452 1485 1644 1538 logicas‘-.>

251 1553 312 1593 Ac
341 1555 485 1594 tamen
517 1553 742 1594 concinere
763 1554 923 1594 int-erse
946 1567 1147 1595 sensuum
1168 1553 1274 1595 fines
1297 1568 1347 1595 ac
1369 1567 1644 1595 numerorum

138 1624 214 1662 aut
254 1625 370 1663 certe
419 1635 504 1663 non
552 1622 676 1663 nimis
719 1621 1006 1675 inaequaliter
1050 1622 1298 1676 discrepare
1337 1626 1426 1664 tam
1464 1623 1647 1677 simplici

138 1689 377 1743 elegantiae
410 1691 577 1731 ratione
607 1691 885 1744 praecipitur,
920 1691 1035 1732 nullo
1064 1695 1192 1744 pacto
1223 1695 1271 1732 ut
1301 1691 1521 1745 potuerint
1553 1705 1646 1733 esse

137 1761 335 1812 expertes
372 1758 495 1800 istius
539 1759 839 1801 observantiae
876 1763 1032 1813 poetae
1063 1762 1240 1800 veteres.
1303 1774 1389 1812 qua
1424 1764 1568 1801 tamen
1601 1760 1645 1800 in

136 1840 183 1867 re
222 1827 400 1880 insignis
441 1831 662 1881 comparet
693 1827 958 1869 Graecorum
991 1831 1033 1869 et
1063 1828 1352 1869 Romanorum
1390 1827 1644 1869 differentia.

136 1909 323 1949 namque
338 1896 401 1937 illi
423 1910 519 1937 cum
536 1896 686 1937 adulta
705 1910 783 1950 per
806 1897 1148 1950 antiquissimam
1172 1901 1358 1938 aetatem
1382 1900 1475 1938 arte
1493 1897 1647 1938 Gratia

135 1968 360 2006 uterentur
380 1979 465 2006 non
495 1968 717 2018 tamquam
749 1979 944 2016 noverca,
977 1966 1051 2007 sed
1081 1969 1129 2006 ut
1158 1969 1309 2013 matre,
1341 1966 1471 2007 etiam
1499 1966 1543 2006 in
1563 1966 1646 2007 hac

136 2036 263 2087 parte
291 2033 498 2087 pleraque
531 2047 687 2087 aspera
715 2038 757 2075 et
777 2034 1033 2075 inconcinna
1055 2034 1108 2075 ab
1131 2035 1264 2075 initiis
1285 2034 1419 2076 ferme
1441 2034 1644 2086 vitavere,

137 2115 249 2155 quae
280 2102 423 2142 Latini
460 2115 555 2143 sero
591 2102 746 2143 imbuti
778 2102 911 2144 Musis
951 2116 1003 2144 ne
1035 2103 1306 2145 severissima
1338 2102 1510 2156 quidem
1541 2103 1646 2144 alio-

138 2169 240 2222 quin
271 2173 365 2211 arte
395 2174 629 2223 potuerunt
660 2171 865 2224 optinere.
895 2196 951 2201 ——
982 2171 1056 2212 sed
1088 2185 1166 2225 age
1198 2172 1361 2226 placita
1380 2171 1535 2213 horum
1556 2171 1647 2213 sine

136 2237 352 2279 molimine
392 2238 648 2293 philosopho
687 2253 766 2293 pro
813 2239 1062 2281 diversitate
1107 2244 1343 2282 metrorum
1384 2241 1514 2282 variis
1559 2240 1645 2281 iam

138 2305 344 2360 exemplis
374 2320 698 2360 persequamur.

249 2370 402 2428 Itaque
445 2389 539 2416 cum
582 2375 690 2417 bene
729 2380 771 2417 et
812 2376 947 2430 probe
987 2378 1214 2419 concinant
1251 2391 1347 2419 cum
1379 2377 1547 2418 metrici
1579 2391 1645 2418 or-

137 2442 247 2484 dinis
280 2443 398 2485 exitu
430 2444 740 2486 sententiarum
774 2445 1003 2496 clausulae,
1034 2447 1257 2500 proprium
1287 2446 1367 2487 bas
1398 2445 1479 2487 sibi
1510 2445 1645 2486 vindi-

138 2524 236 2552 care
265 2511 406 2553 locum
439 2516 631 2554 verumst
663 2516 705 2554 et
735 2513 778 2553 in
809 2512 883 2554 fini
914 2528 1062 2555 versus
1094 2518 1136 2555 et
1165 2515 1209 2555 in
1232 2528 1424 2556 caesura.
1477 2513 1645 2555 facilius

136 2583 282 2620 tamen
322 2581 594 2634 perspicuam
627 2581 680 2623 ob
715 2595 888 2623 causam
920 2582 962 2622 in
995 2582 1077 2623 hac
1108 2596 1236 2636 quam
1267 2583 1310 2623 in
1341 2583 1416 2624 illa
1447 2583 1644 2624 admitte-

137 2651 229 2699 tur,
270 2648 481 2702 insignem
523 2653 571 2690 ut
605 2650 649 2690 in
683 2650 852 2691 modum
886 2650 1131 2704 discrepent
1161 2665 1360 2692 sensuum
1391 2651 1563 2692 termini
1594 2665 1645 2692 ac

136 2730 423 2758 numerorum.
483 2717 599 2759 haud
639 2718 834 2760 dissimili
876 2720 1044 2760 ratione
1088 2719 1355 2761 dissonantia
1389 2720 1475 2761 ista
1505 2720 1644 2761 minus

138 2785 220 2825 erit
248 2785 420 2838 ingrata
448 2786 491 2825 in
522 2800 751 2839 parvorum
788 2791 863 2828 aut
894 2788 1137 2842 systematis
1168 2788 1409 2829 iunctorum
1445 2802 1644 2829 versuum

137 2852 255 2893 exitu
287 2866 414 2905 quam
456 2867 625 2905 eorum,
671 2855 743 2907 qui
783 2860 858 2896 aut
897 2857 1037 2909 spatio
1081 2856 1281 2897 eveniunt
1322 2855 1463 2909 amplo
1496 2857 1643 2897 autin

138 2919 331 2961 clausula
363 2925 561 2962 constant
591 2923 757 2975 periodi
789 2924 1006 2965 metricae.
1058 2928 1287 2977 praeterea
1317 2924 1480 2975 incisio,
1513 2925 1549 2966 si
1579 2925 1644 2966 fas

138 2991 203 3029 est
231 2988 294 3030 ita
335 2989 437 3041 dici,
477 2990 635 3043 logica,
678 3005 948 3045 quacumque
992 3006 1139 3034 versus
1180 2996 1304 3045 parte
1345 2994 1551 3044 evenerit,
1594 3007 1643 3035 eo
