1898 3292
751 290 1027 315 PROHOEMJVM.
1620 282 1642 320 5

251 395 409 436 Verum
444 397 670 447 postquam
713 393 825 446 apud
867 392 962 433 illos
1007 392 1297 445 sophistarum
1336 391 1644 432 increbuerunt

138 463 298 514 studia,
332 466 374 504 et
404 462 558 515 magis,
589 461 661 503 ubi
694 461 859 514 magnis
891 460 1138 501 nationibus
1172 460 1362 501 subactis
1394 464 1459 500 tot
1491 460 1533 500 in
1564 459 1643 500 lin-

136 546 264 585 guam
287 531 533 584 cultumque
552 530 816 571 Graecorum
835 543 1002 571 cessere
1025 532 1173 582 gentes
1194 528 1410 569 barbarae
1433 528 1643 581 simulque

135 601 178 641 in
226 599 453 641 Graeciam
499 599 637 652 ipsam
684 598 929 639 confluxere
974 597 1163 651 undique
1204 597 1488 650 alienigenae,
1534 597 1643 638 haec

136 668 278 710 omnia
308 667 499 708 funditus
529 667 615 708 iam
646 668 875 707 immutata
905 680 989 706 non
1013 669 1078 707 est
1109 665 1225 719 quod
1256 666 1471 716 miremur,
1504 680 1642 719 neque

138 737 327 791 Phryges
350 739 425 777 aut
446 735 745 790 Paphlagones
769 739 844 776 aut
866 735 1089 776 colluviem
1113 734 1231 775 illam
1253 734 1487 784 nationum,
1515 748 1644 787 quam

137 805 246 846 dixit
276 805 373 846 Piso
414 805 457 845 in
490 804 726 845 Annalibus
758 804 897 845 Taciti
929 803 998 858 [IL
1033 804 1103 858 55]
1145 802 1348 856 aequales
1391 802 1471 843 sibi
1515 803 1644 844 Athe-

136 874 315 924 nienses,
349 872 597 914 credibilest
628 873 819 926 potuisse
851 886 1106 926 componere
1137 871 1328 913 carmina
1360 871 1529 912 Graeca
1562 885 1645 912 non

137 943 307 983 adiutos
339 941 528 983 scholica
560 941 817 991 eruditione,
859 955 952 982 cum
986 941 1125 994 ipsum
1158 942 1397 981 sermonem
1431 939 1644 981 Graecum

137 1025 162 1052 a
193 1010 484 1064 grammaticis
515 1010 658 1064 potius
691 1013 733 1050 et
763 1009 980 1063 magistris
1013 1023 1141 1063 quam
1174 1023 1199 1050 a
1229 1008 1483 1062 parentibus
1514 1008 1645 1050 habe-

136 1082 233 1121 rent
264 1078 485 1120 traditum.
532 1079 664 1132 igitur
693 1078 747 1119 ab
771 1078 1005 1119 Alexandri
1039 1082 1154 1119 certe
1186 1080 1330 1118 aetate
1362 1077 1444 1118 hoc
1475 1077 1645 1118 omnino

137 1148 343 1201 optinuit,
393 1150 442 1189 ut
493 1147 709 1200 magistri,
760 1148 833 1200 qui
884 1147 1137 1188 dictitarent
1185 1146 1330 1200 pueris
1380 1145 1554 1186 Homeri
1605 1150 1648 1186 et

137 1216 396 1269 Theognidis
449 1215 718 1269 aliorumque
771 1216 983 1265 carmina,
1034 1215 1160 1256 simul
1209 1218 1251 1256 et
1297 1214 1647 1255 demonstrarent

137 1299 336 1327 versuum
367 1284 539 1337 regulas
572 1284 644 1335 eis,
677 1298 787 1338 quae
820 1284 873 1325 ad
906 1298 1076 1325 manum
1110 1287 1245 1334 erant,
1276 1282 1494 1337 exemplis,
1526 1297 1645 1336 repe-

137 1354 290 1395 tendas
334 1353 503 1407 quidem
545 1353 643 1394 illas
685 1352 1034 1406 exercendasque
1077 1352 1308 1406 discipulis.
1351 1377 1405 1381 -—
1447 1351 1546 1392 huic
1587 1351 1648 1393 rei

138 1422 376 1463 firmandae
413 1421 530 1463 haud
574 1436 676 1463 sane
711 1421 866 1463 desunt
898 1425 1015 1462 certa
1048 1421 1307 1462 testimonia.
1367 1420 1498 1461 veluti
1533 1420 1647 1473 quod

140 1490 413 1540 Heliodorus,
459 1491 647 1544 priorem
692 1490 876 1531 Traiano
921 1490 1076 1531 vixisse
1124 1503 1250 1543 quem
1299 1492 1417 1530 certo
1468 1492 1647 1539 constat,

139 1559 312 1613 scripsit
367 1558 650 1600 enchiridium
703 1558 755 1600 de
816 1559 986 1609 metris,
1048 1572 1132 1599 non
1189 1558 1328 1598 minus
1378 1557 1421 1598 id
1474 1556 1648 1598 hercule

137 1642 369 1682 puerorum
402 1627 498 1669 usui
540 1627 622 1669 fuit
661 1627 922 1669 destinatum
966 1640 1094 1680 quam
1130 1626 1206 1667 illa
1247 1626 1439 1681 Dionysii
1471 1626 1648 1667 Thracis

140 1697 302 1750 capita,
349 1696 423 1737 ubi
468 1696 519 1737 de
567 1696 706 1750 longis
748 1696 1039 1749 brevibusque
1081 1699 1123 1736 et
1167 1694 1463 1737 communibus
1507 1695 1649 1748 agitur

140 1765 328 1820 syllabis.
391 1765 465 1806 sed
497 1764 565 1805 fac
594 1765 755 1806 nullam
788 1765 938 1806 talium
966 1764 1177 1806 librorum
1206 1763 1261 1804 ad
1293 1777 1369 1804 nos
1400 1763 1647 1817 pervenisse

138 1833 356 1875 notitiam:
396 1847 479 1874 non
522 1833 658 1887 magis
699 1837 844 1875 tamen
885 1847 953 1874 res
994 1832 1107 1874 foret
1154 1833 1332 1873 incerta.
1396 1831 1552 1872 etenim
1594 1832 1647 1873 ab

140 1902 374 1943 Alexandri
403 1905 597 1956 tempore
640 1905 795 1956 poetae
837 1901 947 1955 epici
989 1905 1105 1942 certe
1149 1904 1192 1942 et
1236 1899 1458 1950 didactici,
1511 1914 1644 1953 quan-

139 1971 295 2012 tumvis
329 1971 486 2012 aetatis
517 1974 591 2012 aut
621 1974 836 2012 terrarum
867 1970 1026 2011 interse
1060 1969 1262 2010 disiuncti
1294 1968 1447 2022 spatio,
1481 1983 1576 2009 cum
1607 1968 1649 2009 in

139 2039 289 2093 paucis
322 2039 450 2081 rebus
496 2038 716 2090 differant,
759 2039 923 2080 scilicet
966 2039 1044 2089 eis,
1088 2037 1243 2091 quibus
1275 2051 1376 2091 pars
1409 2037 1650 2091 exemplum

142 2108 416 2161 antiquorum
460 2111 503 2149 et
541 2107 745 2149 iudicium
787 2107 924 2160 magis
966 2107 1123 2161 suptile
1161 2108 1461 2159 sequerentur,
1505 2106 1651 2146 remit-

140 2176 331 2218 tentibus
364 2176 458 2217 aliis
494 2176 546 2217 de
578 2176 807 2217 severitate
831 2179 873 2216 et
895 2189 1068 2216 suorum
1090 2175 1233 2229 potius
1257 2173 1500 2227 aequalium
1524 2188 1651 2215 aures

142 2259 270 2299 quam
313 2244 477 2299 placita
522 2248 714 2286 veterum
766 2243 1081 2298 spectantibus,
1132 2246 1299 2284 tantam
1344 2243 1387 2283 in
1432 2241 1650 2296 plerisque

141 2313 304 2355 habent
332 2313 473 2366 legum
507 2316 638 2366 atque
671 2312 778 2354 adeo
807 2313 1108 2367 exceptionum
1149 2311 1459 2365 aequalitatem
1500 2336 1554 2340 —
1598 2310 1649 2351 de

143 2396 226 2435 quo
269 2381 424 2423 eximia
461 2381 589 2423 laude
623 2381 896 2423 Godofredus
928 2381 1200 2422 Hermannus
1234 2383 1276 2420 et
1307 2379 1484 2420 Carolus
1519 2379 1650 2420 Lehr-

143 2451 230 2492 sius
262 2453 553 2504 exposuerunt
585 2476 649 2502 —,
693 2454 757 2501 ut,
798 2450 879 2491 nisi
920 2450 973 2491 de
1009 2449 1191 2504 mystica
1232 2447 1420 2501 quadam
1451 2451 1493 2488 et
1522 2448 1650 2488 mira-

143 2519 290 2560 culosa
321 2519 554 2560 traditione
581 2519 772 2572 cogitare
806 2519 941 2569 malis,
973 2532 1057 2559 non
1086 2517 1226 2572 possis
1258 2531 1342 2558 non
1375 2517 1566 2570 cogitare
1599 2516 1651 2556 de

144 2587 414 2629 scholastica.
468 2601 605 2640 neque
635 2587 745 2628 enim
778 2591 853 2628 aut
884 2586 938 2627 ab
972 2586 1180 2627 materiae
1203 2585 1482 2626 similitudine
1514 2584 1651 2625 solum

143 2655 225 2697 hoc
268 2659 439 2709 repetes
484 2656 599 2708 (nam
644 2655 687 2696 id
718 2669 769 2696 ne
801 2655 936 2696 facias
967 2655 1112 2696 obstat
1141 2657 1368 2708 poetarum
1400 2652 1650 2693 Latinorum

143 2724 186 2764 in
208 2724 335 2778 parili
353 2727 607 2776 argumento
632 2723 887 2777 diversitas),
911 2727 985 2764 aut
1008 2723 1123 2764 dices
1146 2726 1235 2763 tam
1258 2725 1450 2775 apertam
1475 2724 1651 2773 tamque

143 2808 171 2833 u
203 2793 313 2833 icam
344 2792 476 2833 fuiso
507 2792 636 2843 viam,
679 2806 807 2846 quam
840 2792 1057 2833 tenuerint
1094 2790 1391 2839 vetustissimi,
1436 2802 1559 2830 nemo
1605 2792 1653 2830 ut

143 2864 290 2914 posset
322 2861 512 2913 cogitare
545 2860 596 2901 de
627 2860 910 2913 relinquenda
942 2874 992 2901 ea
1022 2859 1103 2900 nisi
1134 2859 1260 2899 homo
1295 2857 1494 2898 sanitatis
1516 2856 1652 2898 omnis

149 2943 313 2982 expers.
376 2928 489 2981 quod
530 2933 680 2969 contra
716 2929 815 2969 inde
848 2942 872 2969 a
901 2929 1041 2982 prima
1071 2931 1214 2968 aetate
1245 2924 1498 2967 informatos
1528 2938 1650 2979 prae-

146 2998 284 3051 ceptis
313 2997 590 3038 severissimis
622 2997 925 3050 magistrorum
968 3002 1010 3038 et
1044 2994 1261 3049 aequabili
1293 2994 1479 3048 quodam
1510 2993 1651 3046 legum
