1898 3292
198 280 279 318 274
799 288 917 312 LIBER
937 287 1102 313 TERTrvs

195 391 256 432 ita
287 390 462 444 repetiit
493 389 751 432 Prudentius
783 391 835 445 [c.
859 390 1012 445 Symm
1037 391 1088 441 II,
1112 390 1233 445 532]:

402 465 451 497 nil
477 465 599 508 potuit
626 464 772 508 Serapis
799 464 888 498 deus
910 468 945 498 et
970 465 1125 497 latrator
1148 464 1292 498 Anubis

199 527 268 582 [cf.
300 531 341 568 et
364 528 488 581 Verg.
522 541 614 568 aen.
643 527 712 577 IV,
735 531 837 579 4773
870 527 1036 568 Nemes.
1071 526 1145 568 ecl.
1174 530 1212 578 4,
1238 527 1319 581 17].
1383 526 1565 578 denique
1597 526 1703 567 l'ru-

197 596 330 637 dentii
362 595 448 637 tale
481 595 721 650 [apotheos.
746 596 868 650 379]:

401 669 596 704 Hebraeus
621 670 750 714 pangit
777 670 891 712 stilus,
918 669 1045 703 Attica
1072 669 1179 713 copia
1205 669 1331 712 pangit

198 734 259 774 sic
288 733 480 774 imitatus
515 736 579 773 est
610 733 852 776 Venantius
890 732 968 773 sub
998 732 1167 773 initium
1201 732 1314 771 vitae
1346 731 1519 772 Martini
1552 732 1606 786 [v.
1633 732 1702 785 12]

188 800 435 842 ‘Hem-aiens
466 804 613 842 cecinit
642 805 771 844 stilus,
803 805 956 842 ,wicus
989 807 1110 851 alque
1142 798 1351 841 Latinus&

308 870 442 910 Porro
474 873 572 923 post
604 869 819 924 dactylum
852 872 1053 922 quartum
1085 883 1159 910 seu
1191 869 1441 909 trochaeum
1471 869 1701 909 admissam

196 938 584 991 interpunctionem
628 939 708 979 etsi
744 942 811 978 sat
848 937 956 978 bene
1000 937 1161 979 habere
1203 937 1516 987 existimamus,
1558 941 1702 978 tamen

194 1007 333 1048 minus
364 1006 541 1060 probari
573 1007 711 1059 poetis
743 1006 906 1047 Latinis
945 1019 1093 1059 supra,
1137 1005 1209 1046 ubi
1252 1005 1303 1046 de
1347 1006 1536 1046 caesuris
1578 1006 1703 1046 metri

194 1075 356 1116 heroici
388 1074 611 1128 agebatur,
646 1075 835 1128 exposui.

313 1145 366 1184 At
395 1144 437 1184 in
459 1143 712 1184 hexametro
734 1143 938 1184 incisione
962 1143 1319 1196 semiseptenaria
1340 1142 1536 1195 praedito
1560 1143 1701 1196 quarti

193 1212 315 1266 pedis
348 1211 647 1253 observantiae
679 1211 839 1252 similes
871 1215 969 1252 sunt
1003 1215 1078 1252 aut
1110 1225 1236 1264 pares
1260 1211 1331 1257 eis,
1364 1225 1471 1264 quas
1503 1211 1546 1251 in
1578 1212 1702 1252 semi-

194 1281 393 1334 quinaria
424 1280 617 1334 optinere
648 1279 774 1321 modo
799 1279 1026 1320 declaravi.
1077 1283 1220 1320 tamen
1242 1279 1367 1333 longe
1388 1279 1702 1333 infrequentius

192 1354 291 1403 post
323 1350 500 1391 tertium
542 1348 695 1402 pedem
738 1362 866 1401 quam
908 1352 1006 1401 post
1038 1348 1271 1389 secundum
1302 1348 1580 1389 interstitium
1609 1361 1702 1389 sen-

193 1419 354 1459 tentiae
399 1417 660 1466 admittitur,
701 1430 780 1458 nec
821 1429 949 1470 saepe
988 1416 1254 1457 collocantur
1292 1417 1334 1456 in
1366 1415 1547 1469 septimo
1578 1416 1702 1457 semi-

192 1487 301 1540 pede
332 1485 685 1539 praepositiones,
718 1484 832 1538 quod
863 1485 1131 1538 potissimum
1161 1485 1300 1526 evenit
1321 1485 1535 1538 elegantia
1556 1498 1701 1525 nume-

193 1569 339 1596 rorum
371 1554 490 1595 tertii
523 1554 747 1606 anapaesti
779 1567 863 1594 non
885 1553 1076 1594 violabili
1099 1557 1141 1594 et
1173 1554 1402 1594 severitate
1434 1553 1700 1594 inconcussa.

308 1623 506 1664 Ceterum
537 1626 584 1663 ut
614 1622 656 1662 in
688 1622 771 1663 ista
802 1622 1008 1663 incisione
1041 1626 1083 1663 et
1113 1625 1211 1675 post
1240 1621 1492 1663 trochaeum
1525 1622 1700 1663 tertium

193 1695 236 1732 et
280 1695 377 1744 post
420 1690 638 1745 dactylum
680 1694 881 1743 quartum
925 1689 1159 1731 identidem
1205 1689 1484 1731 adhiberetur
1530 1691 1701 1743 gravior

191 1759 342 1814 puncti
364 1758 595 1810 distinctio,
623 1758 775 1812 qualis,
810 1759 844 1799 si
866 1758 1215 1812 penthemimeris
1238 1758 1352 1799 adsit
1373 1762 1522 1808 metro,
1555 1758 1701 1799 exulat

190 1828 444 1882 plerumque
476 1841 501 1868 a
532 1827 736 1868 trochaeo
769 1831 1003 1881 praeeunte
1036 1826 1102 1867 vel
1139 1831 1343 1880 sequente
1379 1827 1614 1881 pyrrichio,
1655 1827 1699 1867 id

192 1911 242 1938 ea
274 1896 517 1938 effectumst
554 1909 705 1947 causa,
746 1895 861 1949 quod
901 1895 1164 1937 difficiliores
1200 1895 1326 1948 longe
1369 1899 1467 1937 sunt
1508 1896 1698 1937 rationes

193 1966 396 2006 metricae
430 1965 785 2018 semiseptenaria
816 1964 1020 2006 incisione
1056 1977 1185 2017 quam
1208 1963 1524 2016 semiquinaria.
1588 1963 1698 2004 adde

191 2033 306 2087 quod
332 2037 374 2074 et
407 2032 558 2074 melius
598 2033 723 2086 longe
761 2032 974 2074 concessis
1005 2036 1142 2073 metro
1173 2032 1347 2073 heroico
1378 2032 1567 2073 numeris
1600 2045 1697 2072 con-

190 2102 365 2152 sulitur,
407 2101 442 2142 si
482 2101 526 2142 in
567 2105 722 2154 quarto
763 2100 933 2155 dactylo
974 2114 1103 2154 quam
1142 2101 1177 2141 si
1217 2101 1259 2141 in
1292 2100 1420 2141 tertio
1450 2100 1697 2141 retardetur

188 2170 421 2212 interstitio
453 2169 568 2211 facto
601 2170 753 2220 oratio,
786 2172 828 2210 et
859 2173 957 2223 post
984 2169 1237 2210 trochaeum
1268 2168 1444 2210 tertium
1465 2168 1696 2210 terminato

189 2251 316 2280 sensu
346 2252 399 2280 ne
427 2242 569 2292 potest
602 2238 774 2292 quidem
806 2239 967 2280 diutius
998 2252 1079 2280 vox
1118 2237 1370 2288 subsistere,
1414 2250 1508 2278 cum
1550 2250 1695 2278 neces—

189 2308 304 2348 saria
343 2307 428 2347 iam
470 2307 638 2348 eveniat
684 2310 726 2347 et
772 2311 925 2361 aperta
969 2306 1153 2362 proximi
1202 2305 1324 2359 pedis
1366 2305 1528 2346 incisio.
1589 2305 1696 2347 haec

187 2375 284 2416 ideo
318 2375 518 2429 suptilius
550 2376 851 2429 persequenda
884 2389 976 2417 esse
1006 2375 1125 2425 duxi,
1167 2374 1319 2427 nequis
1360 2373 1403 2414 in
1441 2377 1577 2415 metro
1618 2373 1695 2414 tali

188 2443 280 2498 [Ov.
312 2457 349 2484 a.
383 2457 462 2484 am.
494 2443 554 2495 II,
587 2443 687 2498 647]
733 2441 861 2495 ‘quod
895 2448 998 2485 male
1029 2449 1136 2495 fers,
1169 2447 1378 2484 adsuesce.
1433 2447 1551 2493 feres
1583 2445 1694 2483 bene.

187 2516 311 2553 multa
350 2518 526 2553 vetustas
572 2509 690 2552 lenil'
742 2525 966 2554 caesuram
1007 2516 1106 2566 post
1145 2514 1346 2565 quartum
1384 2510 1527 2564 potius
1567 2523 1695 2563 quam

185 2583 285 2633 post
314 2580 510 2633 quintum
547 2579 724 2621 verbum
754 2579 848 2621 fieri
880 2580 1106 2621 existimet.

301 2649 459 2690 Verum
493 2647 783 2701 discrepantia
815 2647 1012 2689 ordinum
1043 2647 1351 2703 rythmicorum
1388 2650 1430 2688 et
1459 2646 1694 2699 logicorum

187 2716 302 2769 quod
332 2715 447 2769 apud
479 2715 677 2757 satiricos
709 2716 881 2769 saepius
903 2716 1119 2757 invenitur
1141 2729 1268 2769 quam
1292 2714 1407 2766 alibi,
1435 2728 1514 2768 pro
1536 2717 1694 2755 natura

185 2784 312 2826 huius
344 2784 512 2838 generis
546 2787 793 2837 poematum
824 2798 908 2825 non
940 2784 1022 2825 erit
1052 2784 1217 2825 mirum.

299 2853 390 2894 Iam
425 2866 521 2893 cum
560 2852 826 2906 antiquiores
858 2852 1039 2893 Romani
1074 2852 1190 2893 haud
1235 2851 1462 2902 cavissent,
1498 2854 1546 2892 ut
1577 2850 1691 2892 clau-

185 2920 279 2962 sula
308 2921 518 2962 enuntiati
549 2935 643 2962 cum
676 2921 918 2976 systematis
946 2920 1029 2961 fine
1052 2920 1241 2962 eveniret
1270 2945 1326 2949 —
1353 2933 1452 2961 nam
1484 2919 1691 2960 Horatius

183 2987 295 3029 hanc
324 2989 462 3042 legem
485 2988 716 3042 aliquando
736 3003 814 3042 per
836 2988 1060 3031 continuas
1084 3002 1242 3041 easque
1264 2987 1481 3042 plusculas
1503 2987 1692 3040 neglexit
