1898 3292
228 215 310 253 008
897 222 1022 247 INDEX
1041 222 1065 247 1.

227 330 384 378 quente
429 324 549 366 brevi
593 328 695 374 342,
730 328 764 365 3.
837 324 1072 378 spondiaca
1116 327 1320 378 sequente
1362 324 1482 366 brevi
1525 327 1733 366 343-46.

226 393 461 447 spondiaca
492 393 558 435 vel
598 393 878 447 anapaestica
918 392 1022 434 elisa
1059 396 1263 446 sequente
1292 393 1379 434 arsi
1408 393 1537 447 longa
1565 394 1735 434 eadem-

227 475 309 514 que
352 465 481 503 acuta
525 465 628 512 346,
661 465 697 502 7.
764 461 807 502 in
851 476 892 502 m
937 461 1137 502 exeuntia
1182 461 1467 515 pyrrichiaca,
1509 461 1734 515 dactylica,

227 529 451 571 trochaica
484 534 579 581 347,
611 534 648 571 8.
710 530 753 570 in
785 543 810 570 a
841 529 907 570 vel
939 543 962 570 ο
993 529 1115 570 finita
1144 530 1417 584 pyrrichiaca
1449 534 1492 571 et
1523 529 1737 583 dactylica

228 600 322 649 348,
355 602 392 640 9.
453 598 676 640 trochaica
709 599 822 652 349).
884 598 1002 639 elisio
1042 612 1120 651 pro
1165 597 1342 639 diversis
1384 598 1509 639 metri
1539 598 1737 651 partibus

227 666 397 708 diversa
430 670 653 710 349-363
687 666 1000 721 (prohoemium
1035 669 1134 717 349,
1167 671 1231 708 50.
1294 667 1412 708 elisio
1444 668 1607 721 primae
1638 680 1736 719 par-

226 735 281 776 tis
315 750 463 778 versus
493 740 589 787 350,
624 740 687 778 51.
749 749 896 776 versus
935 735 1199 789 hypermetri
1231 739 1324 786 351,
1357 739 1394 776 2.
1456 738 1736 790 systematum

226 803 457 857 lyricorum
499 808 592 854 352,
634 807 669 846 3.
742 804 1094 845 hexametrorum
1137 807 1345 845 353—56.
1414 804 1532 845 elisio
1572 804 1616 843 in
1654 803 1737 843 fine

227 885 376 914 versus
409 873 474 914 vel
504 873 662 927 prioris
692 873 829 926 partis
863 873 987 913 metri
1021 873 1254 926 asynarteti
1288 876 1380 923 356,
1414 876 1449 913 7.
1510 873 1552 912 in
1584 872 1738 912 ceteris

228 939 470 982 hexametri
504 941 705 996 dactylici
737 940 933 995 partibus
966 944 1141 994 praeter
1173 954 1396 982 caesuram
1431 942 1639 982 358-Go
1696 940 1738 980 in

229 1009 300 1060 eis,
335 1023 445 1063 quae
477 1014 576 1051 sunt
606 1011 721 1051 circa
744 1023 967 1051 caesuram
993 1012 1199 1051 360-62.
1263 1009 1382 1050 elisio
1404 1010 1447 1050 in
1469 1012 1738 1062 pentametro

227 1081 324 1128 362,
359 1082 394 1120 3.
456 1079 496 1120 in
527 1080 680 1121 ceteris
712 1078 906 1120 versibus
938 1080 1050 1132 363).

344 1147 409 1188 Ad
452 1148 697 1189 evitandum
737 1147 903 1188 hiatum
937 1160 987 1188 ea
1019 1160 1128 1200 quae
1162 1150 1260 1187 sunt
1299 1144 1419 1197 ‘est’,
1465 1144 1563 1196 ‘es',
1603 1143 1739 1194 ‘iste⁷,

222 1213 368 1268 ‘ipse’,
408 1214 516 1258 ‘ille'
553 1220 756 1258 truncata
786 1219 994 1257 364—67.

344 1284 518 1326 Elisio
551 1286 750 1326 omissa
783 1287 1020 1326 367—379.

344 1352 645 1395 Prohoemium
677 1356 770 1403 367,
804 1356 839 1393 8.
895 1353 1189 1393 scaenicorum
1219 1366 1321 1393 usus
1355 1355 1446 1393 368.
1509 1351 1739 1406 dactylico-

229 1434 323 1461 rum
348 1424 442 1473 368,
471 1426 505 1464 9.
569 1435 780 1475 quaenam
802 1421 1122 1462 interiectiones
1146 1424 1323 1462 careant
1351 1421 1525 1462 elisione
1559 1423 1652 1469 369,
1676 1424 1739 1461 70.

230 1488 380 1531 finales
423 1490 665 1532 litterarum
707 1504 790 1531 non
832 1489 962 1531 elisae
995 1493 1088 1531 370.
1150 1489 1294 1530 hiatus
1336 1493 1536 1542 correpta
1576 1489 1741 1543 syllaba

229 1557 358 1611 longa
391 1562 485 1601 370.
547 1560 691 1601 hiatus
733 1559 926 1601 brevium
960 1559 1025 1600 vel
1064 1558 1302 1599 mediarum
1343 1561 1436 1608 370,
1471 1562 1534 1598 71.
1596 1557 1740 1598 hiatus

230 1627 273 1666 in
305 1627 415 1668 thesi
447 1628 671 1682 longarum
707 1631 900 1670 371-75
939 1631 1156 1680 (manente
1188 1626 1305 1667 finali
1337 1627 1466 1679 longa
1498 1629 1591 1667 371.
1651 1640 1741 1666 cor-

230 1699 354 1749 repta
385 1696 534 1738 eadem
566 1698 609 1738 in
642 1697 824 1748 creticis,
856 1695 1065 1746 iambicis,
1096 1695 1403 1749 monosyllabis
1437 1698 1529 1746 371,
1554 1698 1588 1736 2.
1636 1694 1741 1735 clas-

232 1763 419 1805 sicorum
451 1780 553 1807 usus
586 1770 811 1807 auctorum
831 1768 924 1815 372,
947 1768 983 1806 3.
1032 1764 1366 1805 christianorum
1393 1767 1488 1815 373,
1507 1768 1543 1805 4.
1599 1763 1743 1804 hiatus

229 1832 272 1872 in
295 1834 539 1886 spondiacis
572 1838 666 1885 374,
690 1837 744 1888 5).
803 1834 947 1875 hiatus
979 1833 1021 1874 in
1052 1833 1138 1874 arsi
1163 1836 1242 1874 375
1263 1837 1356 1875 -79
1390 1833 1451 1887 (in
1477 1832 1605 1885 longa
1626 1831 1743 1872 finali

233 1904 327 1952 375,
361 1906 396 1943 6.
457 1903 499 1943 in
530 1902 672 1944 verbis
702 1901 1007 1957 monosyllabis
1041 1905 1134 1943 375.
1196 1901 1372 1955 Vergilii
1415 1905 1457 1942 et
1498 1905 1546 1942 ut
1575 1901 1744 1941 videtur

232 1969 357 2010 Ennii
401 1985 503 2012 usus
545 1971 587 2012 in
629 1973 783 2013 ceteris
824 1975 918 2022 375,
951 1974 986 2012 6.
1059 1970 1317 2011 relicuorum
1361 1970 1639 2010 classicorum
1678 1969 1744 2009 vel

234 2038 565 2081 christianorum
609 2043 702 2082 376.
763 2039 908 2081 hiatus
947 2040 989 2080 in
1030 2053 1070 2080 m
1109 2038 1227 2080 finali
1270 2041 1364 2090 376,
1399 2043 1433 2079 7.
1495 2038 1659 2078 hiatum
1701 2038 1744 2078 in

233 2107 320 2147 arsi
350 2108 422 2160 qui
455 2108 708 2150 admiserint
738 2112 905 2163 poetae,
938 2109 1010 2162 qui
1042 2108 1219 2149 vitarint
1249 2109 1474 2162 377—79).

956 2246 1024 2287 VI.

701 2327 926 2375 LIBER
963 2325 1286 2386 QVINTVS.

307 2425 374 2463 DE
407 2426 459 2463 VI
492 2425 841 2464 CONSONARVM
873 2425 1169 2464 COEVNTIVM
1200 2424 1261 2462 ET
1290 2424 1357 2463 DE
1391 2424 1669 2464 PRODVCTIS

630 2494 732 2532 VEL
768 2494 1040 2533 CORREPTIS
1076 2493 1359 2532 FINALIBVS.

891 2570 1094 2607 380—429.

352 2650 423 2691 De
456 2650 503 2691 vi
537 2664 893 2692 consonarum
927 2651 1236 2697 coeuntium
1269 2654 1506 2692 380—391.

353 2720 619 2760 Graecorum
651 2733 753 2760 usus
787 2722 880 2761 380.
942 2719 1234 2760 Romanorum
1267 2723 1360 2770 380,
1393 2723 1459 2761 81.
1519 2719 1655 2760 maior
1686 2719 1747 2759 vis

239 2800 523 2829 consonarum
563 2788 807 2830 coeuntium
848 2788 891 2829 in
931 2787 1072 2829 medio
1113 2787 1323 2829 vocabulo
1369 2801 1498 2841 quam
1534 2788 1578 2828 in
1609 2788 1747 2841 primo

240 2858 333 2897 381.
383 2860 586 2897 coeuntes
609 2857 651 2897 in
674 2856 813 2897 medio
836 2856 1045 2898 vocabulo
1069 2870 1280 2897 consonae
1304 2858 1530 2898 381-385
1552 2855 1747 2909 (dactyli-

241 2938 387 2965 corum
413 2928 535 2965 extra
558 2929 719 2966 mutam
745 2939 838 2966 cuin
862 2925 1026 2977 liquida
1049 2925 1210 2977 placita
1233 2929 1326 2976 381,
1351 2928 1386 2965 2.
1442 2940 1462 2965 z
1494 2929 1536 2966 et
1566 2925 1593 2965 h
1624 2925 1748 2964 unius
