1898 3292
786 209 902 234 LIBER
925 210 1103 241 QVINTVS.
1613 207 1696 245 407

192 312 263 353 ubi
298 311 366 352 alii
402 321 443 351 nt
476 314 656 352 l'lmelms
689 316 744 351 ml
773 315 902 353 limen.
965 312 1074 353 iden]
1117 313 1158 354 in
1201 315 1388 355 carmine
1427 315 1477 356 de
1509 316 1696 371 hystrice

192 379 273 436 μῦ,
310 379 375 435 131
410 384 527 421 recte
561 395 655 420 cum
688 379 892 420 Bai-thio:

441 460 522 493 alba
548 460 646 493 subit
671 459 774 492 radix
800 459 1095 504 alternantesque
1122 462 1296 504 colorum,

191 528 261 569 ubi
292 542 370 580 pro
403 532 605 581 corrupta-
640 527 831 568 codicum
856 529 1069 581 scriptura
1093 529 1386 584 dittographia
1407 531 1514 573 hacc
1538 533 1695 574 fertur:

189 601 320 636 ultera,
361 599 593 637 sucerescit.
664 596 792 636 etiam
834 597 969 649 inagis
1011 597 1141 638 dubia
1180 612 1248 638 res
1291 599 1333 639 in
1375 600 1696 653 epigrammatis

190 663 368 705 duobus.
428 678 477 704 ex
511 663 666 717 quibus
697 664 880 705 alterum
913 665 997 705 tale
1031 665 1162 706 habet
1195 666 1408 708 distichon
1442 667 1694 725 [79,33s‹1.]:

441 743 625 777 claudicat
649 744 707 777 hic
735 756 870 786 versus⁷
896 745 996 787 haec,
1024 745 1150 788 inquit7
1179 746 1314 789 syllaba
1341 752 1454 780 nutat.

440 805 548 844 atque
574 800 663 833 nihil
688 813 838 840 prorsus
864 805 959 835 stare
988 806 1093 846 putat
1119 802 1294 846 podager.

189 874 233 910 at
264 868 323 910 ibi
355 869 579 922 legendum
614 869 802 910 videtur:

437 948 620 982 claudicat
647 949 737 982 haec
765 960 898 991 versus,
925 949 1024 991 haec⁷
1052 950 1179 993 inquit⁷
1208 951 1344 995 syllaba
1372 955 1485 987 nutat.

188 1017 259 1057 ubi
293 1032 369 1070 per
398 1021 660 1058 claacle'camli
691 1017 867 1058 verbum
900 1018 1053 1058 vitiosa
1085 1032 1232 1059 versus
1259 1033 1377 1072 pars,
1410 1034 1487 1072 per
1520 1026 1693 1061 nutandi

187 1090 387 1138 suspecta.
430 1089 609 1138 propter
655 1086 829 1126 nimiam
869 1082 1103 1127 communis
1147 1087 1252 1127 sive.
1298 1093 1343 1128 ut
1384 1102 1459 1129 nos
1502 1088 1693 1132 dicimus.

187 1154 384 1207 ancipitis
418 1153 608 1208 syllabae
637 1153 899 1197 libertatem,
946 1154 997 1194 de
1042 1169 1126 1207 qua
1167 1156 1288 1196 initio
1330 1156 1567 1209 prohoemii
1608 1172 1692 1198 me-

187 1223 359 1265 nioravi,
395 1222 563 1263 videtur
596 1222 839 1275 significari.
893 1226 1079 1263 veterum
1110 1223 1178 1263 vix
1210 1224 1446 1277 intellegas,
1480 1225 1693 1278 quomodo

185 1290 266 1331 hoc
305 1291 463 1331 crimen
486 1291 552 1330 vel
584 1290 689 1330 illud
722 1290 875 1331 cadere
908 1291 1097 1343 potuerit
1129 1292 1171 1331 in
1195 1291 1489 1342 Claudianum,
1521 1297 1692 1346 poetam

184 1358 310 1411 longo
342 1359 717 1411 elegantissimum.
753 1363 798 1398 ut
821 1359 1007 1412 suspicio
1031 1360 1196 1400 oriatur
1219 1360 1395 1401 alterius
1418 1361 1498 1401 hoc
1522 1375 1693 1402 carmen

185 1442 278 1468 esse
316 1427 516 1468 auctoris.
578 1441 716 1479 neque
750 1428 884 1478 magis
915 1427 975 1467 illi
1018 1427 1242 1469 tribuerim
1275 1429 1507 1470 versiculos
1546 1429 1597 1470 de
1629 1444 1693 1471 se-

185 1495 332 1549 pulcro
379 1496 618 1549 speciosae„
666 1509 846 1548 quorum
892 1496 934 1535 in
977 1495 1060 1536 fine
1107 1496 1266 1549 legitur
1310 1497 1380 1538 hic
1425 1502 1694 1551 pentameter

188 1563 270 1619 [9],
302 1563 369 1619 4]:

436 1621 698 1665 egregiumque
726 1620 836 1654 decus
863 1621 1109 1664 invidiamque
1134 1622 1227 1655 tulit.

184 1715 281 1741 nam
314 1701 438 1753 longe
470 1701 733 1741 rarissimam
765 1700 1091 1753 productionem
1113 1701 1253 1742 brevis
1276 1702 1317 1741 in
1341 1715 1519 1743 caesura
1542 1717 1690 1744 versus

184 1769 311 1810 liuius
350 1782 482 1822 supra
523 1768 737 1809 dictumst.
778 1793 834 1797 —
876 1772 1005 1821 atque
1036 1769 1079 1809 in
1112 1769 1176 1810 his
1208 1769 1376 1822 longius
1409 1771 1689 1819 substitimus,

185 1842 232 1878 ut
263 1837 596 1886 ostenderemus,
629 1842 789 1890 quanta
812 1836 877 1877 vel
905 1836 1078 1878 labante
1108 1838 1287 1891 imperio
1311 1839 1504 1880 Romana
1534 1854 1691 1888 eorum.v

185 1906 257 1959 qui
287 1906 330 1946 in
362 1907 541 1947 metrica
573 1906 794 1958 antiquam
828 1909 925 1946 sunt
958 1906 1092 1946 secuti
1133 1906 1423 1960 disciplinam,
1465 1908 1593 1949 fuerit
1629 1923 1692 1949 se-

184 1975 343 2016 veritas
374 1975 480 2015 artis
513 1978 556 2014 et
587 1974 839 2014 constantia.

300 2042 384 2084 Sed
415 2047 463 2083 ut
494 2046 639 2082 cetera
671 2042 960 2095 expediamus,
992 2057 1042 2083 ne
1066 2043 1193 2084 silius·
1227 2044 1409 2096 quidem.
1444 2045 1566 2085 simia
1590 2045 1692 2085 Ver-

184 2111 284 2164 gilii,
315 2111 544 2160 licentiam,
574 2109 626 2150 de
660 2124 745 2163 qua
775 2111 929 2163 agitur,
962 2112 1287 2153 accuratissimo
1323 2126 1492 2165 quoque
1516 2117 1692 2153 auctore

185 2179 357 2221 admisit
387 2179 663 2232 frequent-ius.
725 2192 821 2219 nam
855 2178 966 2220 binis
999 2184 1041 2220 et
1072 2181 1163 2233 ipse
1195 2180 1315 2230 locis,
1358 2180 1438 2221 nisi
1483 2181 1586 2233 quid
1628 2195 1692 2222 me

184 2248 305 2301 fugit,
334 2247 526 2289 extendit
557 2251 799 2301 correptam
835 2246 922 2303 [HL
955 2252 1061 2299 4053
1092 2248 1164 2298 IX,
1196 2248 1313 2304 545sp

437 2337 601 2372 Palladio
628 2337 753 2372 Baetis
780 2339 970 2372 umbratus
996 2351 1132 2373 cornua
1159 2351 1270 2374 ramo.

436 2395 640 2429 contundet
664 2394 794 2439 Tyrios
822 2395 961 2429 iuvenis
991 2407 1031 2429 ac
1059 2397 1203 2430 nomina
1235 2398 1355 2441 gentis

434 2452 572 2486 induet.

185 2532 258 2573 ubi
288 2532 468 2573 Bothius
509 2530 747 2572 ‘contundet
779 2535 934 2572 iuvenis·
970 2531 1148 2584 'l'ffl-c'os'.
1183 2558 1235 2563 -—
1267 2533 1332 2574 bis
1366 2533 1492 2574 etiam
1528 2534 1692 2574 Statius

185 2614 262 2641 nec
304 2604 427 2640 extra
469 2599 732 2640 Thebaidem
780 2598 873 2655 [HL
909 2605 1009 2651 5443
1054 2601 1125 2650 VI,
1160 2601 1271 2657 351}
1344 2616 1441 2642 nam
1489 2601 1603 2654 quod
1649 2602 1692 2642 in

184 2669 327 2722 priore
358 2667 544 2709 editione
575 2682 856 2721 posueramus
887 2669 1063 2709 tertium
1095 2669 1335 2722 exemplum
1368 2669 1454 2710 tale
1489 2668 1535 2725 [L
1569 2669 1690 2726 384]:

434 2758 559 2792 laevus
583 2758 705 2800 habet,
731 2758 815 2792 hinc
841 2758 1030 2793 Herculeo
1056 2760 1198 2803 signata
1223 2771 1368 2804 vapore⁷

185 2842 300 2879 recte
331 2839 416 2878 iam
441 2838 669 2878 Muellerus
693 2852 744 2877 ex
774 2842 895 2890 parte
925 2838 1132 2879 librorum
1167 2839 1354 2879 restituit
1386 2839 1492 2880 illud
1525 2843 1689 2882 habens.

186 2906 400 2960 Silvarum
430 2911 573 2948 autem
604 2907 648 2947 in
670 2920 795 2948 versu
825 2906 887 2962 [V,
914 2911 948 2958 l,
972 2906 1069 2962 255]
1103 2911 1162 2947 sic
1193 2920 1330 2948 azanes
1353 2910 1542 2949 Priscilla
1573 2911 1690 2957 subit,
