1898 3292
223 210 277 248 40
836 217 1113 242 PROHOEMIVM.

225 326 378 375 poetae
412 320 610 374 dactylici
641 321 683 360 in
716 320 797 360 hoc
819 319 1027 360 vocabulo
1050 319 1290 373 producant
1312 319 1732 372 antepaenultimam,

222 394 366 430 tamen
398 388 513 442 apud
546 388 736 430 Graecos
769 391 834 429 ost
864 387 1110 429 communis.
1171 387 1283 428 unde
1315 387 1523 441 corripuit
1553 387 1733 429 Plautus

222 457 424 499 Pseuduli
455 471 580 497 versu
610 456 692 498 hoc
723 457 865 511 [147]:

497 548 615 580 neque
640 535 894 570 Alexandrina
918 536 1065 570 beluata
1089 535 1322 580 conchyliata
1346 536 1495 579 tapetia.

221 609 393 647 secutus
433 608 577 646 autem
620 604 908 659 Symposium,
958 619 1084 658 quem
1124 605 1237 645 omni
1284 604 1523 645 imitatione
1565 605 1732 658 premit,

224 674 474 715 Aldhelmus
513 673 555 714 in
605 673 848 726 aenigmate
889 672 941 714 de
981 672 1206 714 helleboro
1253 673 1338 727 [pg.
1374 676 1477 725 2603
1513 676 1576 723 17,
1609 678 1631 714 2
1665 673 1730 714 ed.

223 742 394 797 Giles.]:

496 809 690 854 conchylio
717 810 844 844 similis
870 810 917 844 sit
942 809 1047 843 cocci
1072 810 1213 844 murice
1238 810 1361 844 rubro.

221 894 299 921 nec
330 893 430 921 vero
464 883 609 920 cetera
640 878 748 920 bene
780 878 954 929 habent,
987 893 1096 931 quae
1129 878 1317 931 undique
1350 879 1592 933 conquisita
1614 880 1731 933 Sym-

222 949 374 1002 phosio
420 947 698 1001 exprobravit
740 947 911 989 Paulus.
972 961 1023 988 ex
1063 946 1219 1000 quibus
1263 950 1328 988 est
1368 947 1466 997 hoc,
1513 947 1627 1000 quod
1667 948 1733 989 bis

220 1018 305 1073 [5S,
329 1020 375 1069 23
409 1020 474 1067 74,
502 1016 541 1071 1]
573 1016 615 1056 in
637 1015 831 1057 versibus
855 1015 1036 1069 amplius
1059 1015 1156 1057 CCC
1180 1015 1432 1069 produxerit
1452 1015 1623 1057 brevem
1653 1016 1731 1057 ita:

494 1095 558 1130 sed
584 1107 664 1129 sum
689 1095 892 1130 versicolor
916 1095 1019 1130 albus
1046 1095 1264 1140 quandoque
1291 1095 1444 1130 futurus.

493 1152 732 1187 Deucalionis
757 1164 826 1197 ego
855 1152 995 1187 crudeli
1021 1164 1149 1197 sospes
1174 1153 1210 1186 in
1237 1152 1343 1186 unda.

218 1237 363 1264 verum
412 1222 548 1263 altero
597 1222 692 1263 loco
737 1225 854 1263 recte
901 1221 1200 1263 membranae:
1251 1225 1474 1263 Deucalion
1517 1236 1590 1273 esso
1632 1237 1731 1270 sum,

218 1290 333 1345 quod
366 1294 432 1332 est
461 1294 561 1331 noto
592 1294 818 1345 poetarum
851 1305 931 1331 usu
961 1294 1066 1331 velut
1096 1293 1332 1332 Deucalion.
1379 1290 1535 1344 quippe
1567 1290 1732 1344 lapides

218 1375 428 1414 aquarum
478 1359 641 1413 impetu
699 1373 784 1400 non
836 1359 971 1412 magis
1023 1359 1162 1400 solent
1212 1359 1351 1400 obteri
1401 1374 1529 1413 quam
1582 1359 1730 1400 eodem

219 1443 449 1485 oppressus
482 1431 547 1470 est
575 1428 673 1469 olim
707 1427 954 1469 Deucalion.
1016 1442 1094 1468 nec
1129 1427 1283 1469 menda
1314 1432 1444 1479 caret,
1478 1427 1592 1481 quod
1622 1428 1732 1482 fugit

218 1498 410 1548 Paulum,
443 1500 554 1547 81,1
592 1496 832 1550 antiquitus
865 1496 1074 1537 traditum
1113 1495 1261 1538 ‘maier
1294 1503 1385 1538 erut
1406 1501 1536 1546 tellus,
1568 1500 1730 1549 qeniior

220 1573 279 1608 esi
310 1570 396 1617 ipse
428 1569 711 1614 Prometheus,
753 1564 827 1606 ubi
866 1565 1036 1606 videtur
1076 1565 1349 1606 scribendum
1386 1569 1548 1617 qenitor
1590 1570 1666 1607 sed
1695 1572 1733 1606 et

218 1638 305 1685 ipse
335 1638 609 1675 Prometheus.
656 1648 692 1674 v.
727 1637 748 1675 3
782 1633 890 1674 bene
922 1633 1038 1674 docti
1069 1637 1227 1675 misere.
1271 1659 1326 1664 —
1365 1638 1495 1687 atque
1527 1634 1729 1675 damnum

218 1703 334 1744 haud
365 1702 580 1744 mediocre
603 1702 749 1743 attulit
771 1702 921 1753 eidem,
953 1702 1068 1755 quod
1090 1701 1142 1743 de
1172 1702 1367 1743 codicum
1403 1703 1615 1756 potiorum
1639 1706 1725 1744 tra-

219 1771 379 1812 ditione
412 1785 462 1812 ac
494 1770 578 1812 fide
611 1784 761 1824 parum
795 1774 889 1811 crat
923 1771 1111 1812 edoctus.
1165 1785 1293 1824 quam
1326 1771 1379 1812 ob
1410 1785 1582 1812 causam
1617 1775 1658 1812 et
1687 1771 1729 1812 in

218 1840 313 1881 aliis
352 1839 595 1881 iudicandis
635 1839 782 1894 lapsus
824 1843 888 1880 est
929 1843 972 1880 et
1000 1839 1043 1880 in
1075 1840 1315 1893 prohoemii
1345 1839 1427 1880 hoc
1458 1853 1582 1881 versu
1614 1840 1728 1895 [10]:

492 1931 630 1964 ponere
656 1919 798 1954 diverse
823 1919 880 1954 vel
907 1919 1049 1954 solvere
1075 1931 1243 1964 quaeque
1267 1919 1440 1954 vicissim.

217 2003 343 2042 quem
366 2003 449 2029 non
471 1988 637 2030 felicius
659 1988 864 2029 tractavit
885 2003 1014 2042 quam
1032 1988 1311 2030 Heumannus
1333 1988 1507 2030 ultimos
1525 1988 1728 2038 eiusdem,

217 2072 324 2111 quos
358 2057 500 2111 posuit
529 2056 661 2098 tales:

492 2139 549 2170 ast
576 2147 645 2180 ego
669 2148 713 2170 ne
741 2136 838 2170 solus
866 2136 973 2171 foede
998 2137 1155 2171 tacuisse
1180 2136 1336 2180 viderer,

491 2194 553 2238 qui
580 2193 669 2227 nihil
695 2194 882 2228 attulerim
907 2205 1053 2228 mecum
1081 2194 1179 2238 quod
1205 2194 1328 2228 dicere
1355 2206 1511 2238 possem,

489 2251 556 2285 hos
580 2262 706 2285 versus
733 2251 804 2285 feci
830 2252 951 2285 subito
978 2251 1023 2286 de
1049 2252 1220 2286 carmine.
1269 2263 1378 2286 voces

489 2309 635 2342 insanas
660 2309 757 2342 inter
782 2320 909 2342 sanum
935 2321 1008 2343 non
1037 2320 1114 2343 esse
1141 2320 1290 2343 necesse
1317 2312 1382 2343 est.

490 2365 536 2399 da
560 2366 714 2409 veniam,
741 2366 870 2409 lector,
896 2366 995 2410 quod
1021 2378 1093 2401 non
1119 2367 1216 2410 sapit
1241 2367 1343 2401 ebria
1367 2366 1486 2400 Musa.

215 2434 424 2475 traditum
458 2437 564 2474 vocis
595 2438 637 2475 et
665 2438 842 2475 insanos.
905 2440 947 2475 et
978 2435 1083 2475 illud
1116 2435 1286 2488 quidem
1319 2435 1537 2476 inventum
1571 2435 1724 2476 falsum

215 2516 308 2543 esse
339 2502 466 2543 facile
496 2502 575 2543 tibi
608 2503 902 2555 persuadebis,
938 2518 1031 2544 cum
1064 2517 1142 2544 nec
1172 2507 1268 2556 post
1290 2503 1505 2558 dactylum
1530 2504 1726 2556 quintum

214 2571 337 2625 plene
368 2571 613 2625 interpungi
645 2571 780 2611 soleat
811 2585 835 2611 a
867 2572 1004 2624 poetis
1036 2576 1123 2613 tam
1167 2571 1436 2625 elegantibus
1475 2586 1603 2625 quam
1645 2572 1727 2613 fuit

215 2639 505 2694 Symphosius,
537 2653 615 2679 nec
646 2639 777 2680 ullam
807 2639 999 2681 habeant
1030 2640 1362 2681 concinnitatem
1383 2640 1545 2681 homini
1574 2641 1724 2682 insano

214 2709 391 2748 insanae
435 2707 657 2760 oppositae
698 2722 833 2748 voces.
896 2708 970 2749 sed
1011 2709 1076 2748 liis
1119 2708 1306 2762 expulsis
1344 2709 1600 2750 coniecturis
1641 2723 1724 2750 nou

214 2780 357 2816 tamen
387 2775 566 2817 habebit
598 2790 666 2817 res
699 2775 818 2816 bene.
872 2776 975 2829 quid
1006 2777 1114 2816 enim
1150 2777 1231 2818 sibi
1262 2777 1350 2818 volt
1380 2777 1462 2818 hoc
1494 2776 1642 2818 ‘subito
1676 2782 1725 2818 de

215 2847 396 2885 carmine
427 2841 579 2885 vocis?
643 2858 742 2885 nam
785 2844 899 2898 quod
930 2845 1207 2886 Heumannus
1249 2845 1303 2886 ad
1336 2845 1584 2886 elevandam
1615 2845 1724 2886 diffi-

216 2911 419 2954 cultatem
463 2912 607 2966 arguit
646 2913 820 2968 proprie
862 2913 1048 2967 positum
1098 2917 1166 2962 de,
1216 2913 1485 2956 dicendumst
1532 2914 1630 2956 huic
1676 2918 1724 2957 ut
