1898 3292
730 293 847 317 LIBER
867 293 1056 323 QVARTVS.
1565 284 1645 323 299

142 398 254 451 [aen.
278 395 346 446 VI,
372 397 471 450 653]
503 409 682 443 carrecta,
714 398 761 436 ut
792 395 974 436 fortasse
1005 409 1164 435 mamma
1195 394 1305 448 [VIL
1340 395 1453 448 490]⁷
1486 394 1647 436 Ennius

142 465 256 520 [ann.
289 468 364 517 903
398 465 516 519 609],
541 464 714 505 ¹Seneca
747 462 889 518 [Herc.
914 465 1004 504 Oet.
1031 463 1176 517 1095],
1210 462 1493 505 Terentianus
1525 464 1646 518 [419]

143 540 317 585 quattor.
377 532 489 574 unde
521 535 704 586 apparet
735 546 818 573 non
851 546 942 573 esse
974 531 1265 582 tolerandum,
1308 531 1423 584 quod
1463 531 1507 572 111
1543 546 1646 572 11011-

141 601 268 644 nullis
298 601 437 642 fertur
470 600 729 642 editionibus
762 600 975 641 Martialis
1007 600 1076 655 [IL
1101 603 1169 651 29,
1193 600 1235 654 5]
1269 603 1537 641 Marcelliano
1568 615 1646 654 pro

143 673 407 712 Marcellano.
469 683 567 710 nam
598 683 651 710 ne
682 683 708 709 a
739 668 917 710 Paulino
959 669 1131 722 quidem
1170 668 1262 719 illo,
1304 668 1378 722 qui
1407 668 1647 710 Theodosio

141 739 295 780 minori
336 737 418 778 fuit
459 737 674 791 aequalis,
720 738 763 778 111
808 737 957 791 ecloga
1000 737 1173 791 cognitu
1220 736 1489 790 dignissima,
1537 751 1647 790 quae

141 806 309 849 Claudii
340 806 527 848 Victoris
558 806 755 848 Alethiae
793 806 951 859 legitur
989 805 1184 847 subiecta
1223 806 1267 846 in
1307 805 1447 856 libris,
1488 805 1647 846 elatum

143 875 340 917 existimo
362 874 633 929 trisyllabum
657 875 709 929 [v.
731 875 801 929 66]
827 878 1037 923 Passiena,
1071 874 1145 915 sed
1167 874 1441 916 scribendum
1464 877 1649 916 I'assena

142 943 224 998 (cd.
257 944 466 997 Passim),
520 957 630 996 quae
676 957 759 984 non
810 943 949 984 minus
986 942 1142 984 bonast
1182 942 1330 984 forma.
1373 967 1429 979 —.—
1481 957 1558 996 pro
1599 957 1648 984 eo

143 1016 299 1063 autem,
333 1011 447 1065 quod
481 1015 546 1053 est
575 1015 717 1061 stellz'O,
758 1013 800 1053 in
836 1011 1076 1064 Georgicon
1108 1012 1165 1053 IV
1204 1012 1324 1066 [243]
1366 1014 1483 1052 recte
1513 1011 1648 1053 Medi-

143 1083 243 1122 ce'us
284 1084 327 1122 et
367 1080 584 1122 Romanus
626 1083 754 1122 stelio.
816 1094 894 1122 nec
937 1094 962 1120 a
1000 1080 1147 1122 Persio
1188 1081 1304 1122 venit
1341 1079 1449 1121 illud
1488 1081 1544 1134 [2,
1580 1081 1649 1134 10]

142 1152 325 1198 ebulliat,
363 1162 442 1203 pro
484 1163 568 1202 quo
611 1148 709 1190 libri
751 1148 853 1190 boni
894 1149 1055 1191 habent
1093 1151 1248 1198 ebullit,
1290 1148 1363 1190 secl
1395 1151 1471 1189 aut
1500 1151 1650 1189 elmlea(

142 1217 367 1259 subtracta
398 1231 586 1258 consona
617 1217 772 1269 altera,
813 1221 860 1259 ut
894 1218 941 1259 fit
974 1219 1018 1259 in
1048 1221 1171 1266 Allia,
1205 1220 1350 1266 (imno,
1383 1220 1541 1265 hinnio,
1574 1220 1650 1258 aut

141 1288 286 1327 eballet
328 1285 382 1326 ab
424 1288 651 1335 ebullando,
694 1289 742 1327 ut
782 1286 940 1340 legitur
981 1287 1024 1328 in
1067 1285 1286 1328 codicibus
1326 1285 1540 1327 nonnullis
1578 1285 1649 1341 [cf.

142 1352 267 1395 Neuii
299 1367 476 1407 gramm.
508 1353 580 1395 lat.
613 1354 665 1405 ΙΙ,
697 1355 810 1409 432]

256 1422 416 1464 Contra
447 1422 534 1463 alia
564 1422 838 1464 inveniuntur
871 1423 1071 1478 synizesis
1102 1423 1228 1464 huius
1272 1422 1485 1476 exempla,
1526 1422 1650 1463 nobis

143 1490 314 1544 quidem
347 1505 457 1544 quae
489 1491 716 1532 videantur
747 1495 814 1533 sat
846 1491 966 1542 dura,
1000 1491 1146 1545 qualia
1179 1495 1277 1532 sunt
1308 1494 1422 1532 vietis
1454 1491 1649 1542 Horatio,

142 1562 275 1600 onmia
303 1559 503 1613 Vergilio,
536 1563 684 1611 patrui
716 1560 853 1602 Statio
886 1560 1000 1602 elata
1030 1560 1143 1602 binis
1173 1559 1359 1615 syllabis.
1420 1559 1495 1601 sed
1539 1560 1649 1601 enim

142 1627 364 1669 fatendum
413 1627 549 1669 multa
592 1629 635 1669 111
681 1629 1032 1682 pronuntiatione
1077 1629 1213 1670 latina
1256 1629 1423 1671 incerta
1468 1628 1648 1670 necdum

142 1696 356 1750 expedita.
418 1700 608 1738 ceterum
639 1697 765 1739 simul
796 1701 808 1738 ι’
840 1701 883 1738 et
914 1713 939 1738 a
967 1697 1039 1751 qui
1070 1698 1350 1751 pinguescere
1388 1711 1542 1751 passus
1583 1698 1649 1748 sit,

142 1779 226 1806 non
256 1764 424 1806 invenio
456 1769 630 1818 praeter
660 1765 863 1816 Statium,
906 1779 1168 1819 quamquam
1199 1780 1251 1807 110
1283 1766 1334 1807 (10
1364 1766 1446 1807 1100
1478 1765 1649 1819 quidem

143 1833 248 1874 satis
280 1836 461 1874 constat.
523 1834 784 1875 conferenda
825 1847 935 1887 quae
966 1833 1078 1875 infra
1110 1834 1227 1876 dicta
1258 1834 1310 1875 de
1340 1834 1471 1876 verbo
1504 1838 1648 1875 tenuis.

141 1926 198 1932 —-
235 1914 368 1954 genus
410 1904 556 1943 autem
596 1902 678 1943 hoc
720 1902 919 1944 licentiae
963 1905 1137 1956 praeter
1180 1903 1365 1957 primum
1409 1902 1650 1944 hexametri

141 1969 300 2019 locum,
333 1971 453 2011 cuius
483 1974 587 2011 nota
615 1970 812 2021 libertas,
856 1971 1050 2024 quintum
1088 1971 1356 2025 potissimum
1402 1971 1567 2012 obtinet
1608 1974 1651 2012 et

142 2041 333 2089 sextum,
376 2038 448 2091 qui
489 2038 667 2092 propria
707 2039 896 2093 quadam
935 2043 1136 2080 tenentur
1171 2039 1265 2093 lege
1306 2039 1473 2093 podica.
1536 2053 1649 2081 00111-

141 2105 336 2160 paranda
367 2119 477 2159 quae
507 2120 607 2148 mox
637 2107 689 2149 de
719 2108 898 2162 synizesi
930 2107 1126 2149 dicentur
1157 2107 1423 2161 graecanica.

256 2173 394 2227 Igitur
428 2178 443 2215 i
472 2174 540 2216 vel
570 2190 597 2216 u
627 2176 669 2216 in
702 2190 933 2217 consonam
956 2180 1124 2218 mutata
1147 2176 1262 2230 apud
1285 2175 1469 2217 Ennium
1491 2176 1650 2230 legitur

142 2243 257 2297 [ann.
293 2245 395 2295 1123
427 2246 531 2296 4433
564 2245 635 2299 91]
665 2244 878 2286 NZ’rz'enem
910 2249 952 2286 et
983 2249 1225 2286 insidiantes
1257 2248 1300 2286 et
1330 2248 1472 2286 avium.
1535 2245 1650 2298 quod

143 2314 293 2351 contra
333 2311 522 2353 Lucilius
566 2326 651 2353 non
696 2313 869 2367 scripsit
914 2314 957 2354 in
996 2313 1058 2354 III
1098 2314 1213 2369 [11],
1260 2317 1308 2354 ut
1348 2313 1649 2355 Lachmannus

142 2378 287 2430 voluit⁷
319 2382 635 2421 Dicaearclzlum
666 2395 868 2422 mensura
896 2382 996 2423 tali:
1033 2403 1054 2420 υ
1072 2414 1101 2420 -
1120 2414 1149 2420 -
1168 2415 1220 2432 -,
1253 2382 1328 2423 sed
1358 2385 1649 2424 Dicarchllam.

142 2460 281 2500 neque
309 2450 377 2489 sat
408 2451 589 2498 constat,
628 2448 672 2489 in
702 2449 805 2490 XIII
836 2450 900 2504 [9]
931 2453 1077 2491 utrum
1109 2450 1165 2491 sit
1194 2450 1443 2504 legendum:

416 2533 574 2577 primum
600 2533 761 2568 dominia
785 2537 895 2579 atque
920 2535 1094 2570 sodalicia
1119 2535 1241 2570 omnia

416 2589 593 2624 tollantur

143 2665 198 2692 an
227 2652 342 2706 quod
374 2667 506 2706 supra
536 2653 754 2707 posuimus
787 2654 838 2695 de
871 2655 1141 2696 coniectura:

417 2726 428 2759 i
455 2727 615 2770 primum
645 2727 807 2761 dominia
831 2731 941 2772 atque
967 2729 1142 2763 sodalicia
1168 2729 1289 2763 omnia
1312 2729 1452 2763 tollant.

142 2789 284 2841 potuit
314 2789 426 2830 enim
457 2788 660 2831 facillime
693 2804 745 2831 ex
771 2790 844 2832 illo
876 2795 1017 2832 tollant
1057 2792 1160 2833 oriri
1198 2796 1405 2840 lollamm·,
1448 2805 1542 2832 cum
1584 2806 1648 2833 se-

143 2859 302 2908 quatur
341 2870 495 2898 nomen
534 2861 716 2908 Tar-pilli.
785 2859 839 2899 ab
882 2859 1030 2900 eodem
1071 2863 1215 2900 tamen
1263 2862 1392 2912 poeta
1437 2859 1503 2900 bis
1542 2859 1649 2900 illud

143 2928 319 2965 maluisti
349 2925 483 2967 ternis
506 2925 665 2967 elatum
687 2926 863 2981 syllabis
894 2927 992 2981 [inc.
1017 2929 1072 2982 9].
1123 2942 1220 2968 mox
1259 2930 1482 2968 Garum-ium
1511 2931 1648 2969 metro

143 2991 366 3046 phalaecio
405 3008 500 3035 cum
542 2994 721 3050 synizesi
764 2995 909 3050 posuit
950 2995 1143 3039 Catullus
1185 2996 1270 3051 [55,
1306 2995 1387 3052 10].
1450 2999 1496 3037 at
1534 2996 1648 3056 apud
