1898 3292
735 231 853 257 LIBER
871 231 1027 257 SEXTVS.
1552 227 1632 264 445

244 332 475 374 Praeterea
505 333 630 385 longe
668 332 990 374 efficacissimus
1033 334 1088 375 ad
1130 334 1404 376 invertendas
1444 336 1633 377 rationes

128 400 406 454 prosodiacas
442 400 523 442 fuit
552 401 595 442 in
628 400 805 442 Graecis
836 406 1027 443 mutatus
1059 402 1256 443 modulus
1286 416 1506 454 sonorum,
1549 418 1633 457 qua

128 482 259 510 causa
303 473 346 510 et
390 469 432 510 in
480 469 643 510 Latinis
690 469 903 522 quaedam
949 475 1047 511 sunt
1093 475 1304 523 correpta.
1375 486 1472 512 nam
1520 472 1634 525 apud

129 538 344 578 Romanos
388 537 678 591 diphthongus
720 551 769 578 ae
809 538 894 578 iam
938 541 1131 591 tempore
1178 538 1282 579 satis
1325 543 1492 580 vetusto
1538 555 1631 580 cum

127 605 341 646 sonuisset
371 605 504 647 ferme
533 605 767 659 simplicem
798 620 819 645 e
853 605 923 659 [cf.
949 606 1068 647 Varr.
1104 606 1192 656 VII,
1225 607 1311 660 96],
1345 607 1418 647 sed
1450 607 1632 659 longam.

129 687 225 713 mox
256 673 411 714 coalito
442 687 588 714 errore
618 673 766 714 eadem
790 673 977 714 breviari
1000 677 1205 727 coeptast.
1258 675 1347 715 eius
1370 675 1471 715 mali
1495 677 1629 728 prima

125 741 248 782 initia
269 755 394 782 versu
416 741 566 782 Lucilii
589 741 844 791 indicantur,
879 756 962 794 quo
994 756 1123 782 unum
1148 756 1198 782 ex
1222 742 1419 793 Metellis,
1451 757 1629 796 quorum

125 813 249 850 erant
278 809 465 863 insignes
496 823 591 850 oum
623 810 665 850 P.
698 809 899 850 Africano
929 810 1189 860 inimicitiae,
1227 814 1471 863 praetorem
1505 812 1630 852 urba-

126 891 225 917 num
269 877 428 918 factum
472 877 624 918 irridet
663 877 716 918 ob
760 877 910 918 falsam
945 878 1337 931 pronuntiationem
1372 883 1413 920 et
1444 881 1631 920 muneris

124 945 289 998 proprii
331 949 374 986 et
416 945 609 986 nominis.
672 959 769 986 nam
801 946 1032 987 verendum
1065 960 1174 997 esse,
1216 961 1349 1000 pravo
1389 961 1506 988 moro
1544 962 1630 988 ser-

124 1017 222 1054 vato
259 1015 428 1054 Cecilessus
456 1021 605 1063 pretor
636 1027 686 1054 ne
714 1014 883 1054 rusticas
915 1020 988 1063 sia(
1029 1014 1119 1068 Hx,
1153 1020 1197 1066 93
1231 1014 1282 1056 cf.
1313 1019 1355 1056 et
1390 1017 1471 1070 10].
1533 1030 1630 1057 mox

123 1081 324 1134 pedicare
365 1095 443 1135 pro
483 1081 751 1135 paedicando
788 1082 896 1123 dixit
927 1087 1079 1123 auctor
1110 1083 1281 1137 Priapei
1312 1083 1426 1125 illius
1469 1085 1553 1137 [137.
1590 1086 1628 1139 11

117 1147 359 1200 ‘Penelopes
397 1153 575 1199 primam
618 1152 747 1190 Didus·
785 1155 861 1201 fac
898 1154 1033 1201 prima
1074 1149 1311 1202 sequatur',
1364 1153 1443 1193 nisi
1488 1154 1631 1206 potius

123 1217 326 1258 statueris
362 1217 575 1258 Romanos
607 1217 662 1258 ad
694 1218 913 1259 vitandum
945 1219 1230 1274 κακέμφατον
1260 1219 1501 1274 Penelopen
1535 1236 1628 1262 cum

124 1285 390 1339 diphthongo
423 1285 626 1327 extulisse
657 1286 767 1327 sicut
795 1294 959 1337 scestlra
991 1291 1035 1327 et
1065 1301 1239 1329 scenam.
1302 1288 1385 1329 iam
1414 1290 1630 1343 corripere

126 1367 159 1402 e,
192 1367 302 1407 quae
334 1354 476 1408 posita
508 1358 620 1395 esset
648 1367 727 1408 pro
759 1368 820 1403 ae,
858 1355 899 1395 in
932 1354 1096 1396 Latinis
1127 1355 1269 1396 verbis
1309 1370 1391 1397 non
1431 1358 1627 1410 equidem

123 1435 250 1476 saepe
279 1422 575 1464 sustinuerunt
603 1425 757 1475 poetae
790 1422 1023 1464 christiani.
1080 1424 1142 1464 ita
1172 1427 1316 1465 tamen
1348 1425 1482 1467 habes
1514 1426 1629 1479 apud

124 1490 418 1542 Prudentium,
449 1490 524 1532 sed
555 1493 732 1543 cogente
761 1495 910 1542 metro,
942 1495 1201 1533 cel-{moniam
1233 1506 1327 1534 cum
1350 1494 1469 1535 brevi
1490 1495 1629 1548 prima

123 1558 277 1611 [praef.
310 1572 343 1599 c.
367 1558 520 1613 Symm.
549 1559 580 1609 Ι,
604 1560 660 1614 5].
721 1572 850 1612 porro
881 1559 1107 1601 imminuta
1135 1560 1331 1602 similiter
1362 1562 1628 1616 diphthongo

121 1626 268 1667 dixere
295 1639 491 1668 merorem
522 1626 694 1668 Flavius
722 1627 843 1668 Felix
878 1627 1115 1682 [Mey.295‚
1137 1630 1220 1683 17],
1253 1643 1467 1680 quesumus
1489 1631 1627 1672 Luxo-

120 1694 208 1735 rius
241 1694 355 1748 [325,
380 1696 436 1750 7],
465 1698 742 1745 penitudinem
773 1695 1034 1738 Octavianus
1070 1697 1203 1751 [235]
1259 1702 1488 1751 praeterea
1518 1700 1628 1740 Pau-

119 1762 230 1804 linus
252 1762 607 1805 Petricordiensis
638 1764 804 1817 pariter
833 1778 928 1806 cum
952 1765 1163 1807 Venantio
1193 1766 1309 1807 haud
1339 1781 1438 1809 raro
1469 1768 1626 1822 proba-

119 1844 217 1872 vere
256 1831 423 1873 similia.
494 1831 569 1873 sed
610 1832 734 1886 longe
779 1833 914 1886 magis
961 1833 1111 1875 eadem
1151 1834 1324 1876 licentia
1361 1836 1404 1876 in
1449 1835 1626 1878 Graecis

119 1898 339 1940 vocabulis
371 1903 627 1953 usurpatur,
669 1914 751 1941 non
785 1901 956 1954 quidem
988 1902 1141 1943 Latino
1171 1905 1315 1956 potius
1347 1918 1465 1946 more
1497 1919 1625 1958 quam

119 1966 380 2021 alienigeno,
421 1967 466 2009 id
506 1967 622 2022 quod
660 1969 949 2022 posteriorum
993 1974 1234 2024 temporum
1276 1972 1626 2026 inscriptionibus

118 2036 225 2076 satis
276 2035 546 2088 declaratur,
589 2036 702 2078 unde
751 2041 791 2078 et
833 2055 873 2080 οι
915 2037 1087 2080 illorum
1133 2038 1366 2092 aliquando
1412 2041 1626 2082 invenitur

118 2107 400 2145 attenuatum.
472 2104 604 2158 igitur
648 2104 782 2147 habes
827 2106 941 2160 apud
984 2107 1264 2149 Prudentium
1306 2110 1625 2163 Ausoniumque

116 2176 159 2212 et
188 2171 414 2214 Paulinum
446 2172 643 2215 breviata
673 2173 802 2215 haec:

288 2240 407 2282 Betis
454 2241 591 2295 [Paul.
624 2246 688 2293 10,
720 2243 844 2296 236],
891 2242 1094 2285 Citheron
1138 2244 1255 2298 [Aus.
1286 2245 1400 2300 idyll.
1436 2249 1504 2298 ll,
1538 2248 1623 2301 32],

287 2308 570 2363 Clytemestra
600 2310 718 2364 [Aus.
753 2324 818 2364 ep.
851 2310 938 2352 her.
972 2315 1005 2362 l,
1035 2313 1104 2366 4],
1147 2313 1316 2366 enigma
1360 2315 1444 2369 [Pr.
1478 2316 1622 2368 apoth.

288 2378 408 2432 331]‚
439 2377 602 2419 heresis
636 2378 722 2432 [Pr.
754 2379 866 2420 ham.
901 2380 995 2433 64],
1028 2380 1290 2434 romphealis
1321 2381 1406 2435 [Pr.
1440 2383 1552 2425 cath.
1586 2388 1622 2434 7,

287 2446 385 2500 93],
431 2446 670 2488 solicismus
714 2446 831 2500 [Aus.
870 2448 1000 2502 epigr.
1037 2451 1128 2500 138,
1162 2450 1228 2503 4]‚
1276 2449 1433 2503 sphera
1476 2451 1621 2505 [Prud.

286 2513 431 2567 apoth.
464 2515 578 2568 210].

114 2580 240 2622 huius
267 2581 407 2635 prima
437 2582 618 2635 vestigia
648 2584 807 2625 erroris
846 2583 1170 2638 deprenduntur
1202 2600 1325 2628 versu
1363 2588 1621 2628 Sammonici

117 2648 251 2703 [799]‚
294 2662 420 2702 quem
460 2649 522 2691 ita
559 2650 833 2693 scribendum
878 2666 970 2694 esse
1016 2653 1212 2695 existimo
1253 2653 1388 2696 ‘necle
1428 2659 1620 2697 hederam

115 2720 248 2767 adque
279 2720 422 2768 adipes
455 2721 566 2759 vituli
597 2722 715 2760 simul
744 2727 781 2760 el
813 2719 1139 2770 clmmece'ssum'‚
1173 2736 1267 2763 cum
1299 2723 1518 2764 Turicensi
1552 2738 1618 2764 co-

114 2784 208 2826 dice
247 2785 387 2826 minus
427 2785 535 2827 bene
574 2785 788 2829 habeatur
831 2786 1005 2830 ‘hedera
1036 2798 1151 2830 necle
1182 2794 1325 2841 adipes
1357 2794 1469 2832 vituli
1503 2794 1622 2832 simul

114 2851 412 2895 camecissum'.
463 2854 539 2895 sed
567 2854 621 2896 ab
646 2854 794 2897 eodem
820 2855 994 2899 difficile
1023 2858 1077 2898 ad
1100 2858 1402 2900 credendumst
1424 2859 1466 2899 in
1491 2862 1617 2905 Baeti,

114 2919 286 2961 flumine
326 2921 571 2978 Hispanico]
617 2923 800 2976 priorem
843 2925 1052 2979 syllabam
1093 2940 1185 2967 esse
1236 2931 1513 2969 extenuatam
1557 2928 1619 2969 ita
