1898 3292
704 218 824 244 LIBER
842 219 1052 244 sncvnnvs.
1554 214 1628 253 181

128 320 317 373 spondeo
340 335 508 374 semper
529 321 787 361 incoharunt
809 321 1104 371 'I‘erentianus,
1128 322 1381 373 Martianus,
1415 324 1631 365 Boethius.

128 388 242 441 quod
271 392 420 430 contra
450 389 491 429 in
524 389 689 443 hymnis
722 403 747 429 a
780 389 958 430 Daniele
995 390 1185 431 collectis
1225 391 1279 444 [Ι,
1314 394 1387 442 213
1421 395 1494 443 223
1531 396 1630 444 1003

131 457 228 511 101]
260 457 491 510 aliquando
525 461 567 498 et
600 458 830 499 trochaeus
860 461 902 499 et
929 458 1097 500 iambus
1119 459 1259 512 prima
1282 459 1381 500 sede
1404 461 1629 513 reperitur.

239 537 296 577 At
329 536 524 589 sapphici
567 552 714 578 versus
756 541 955 590 quartam
998 537 1206 592 syllabam
1249 552 1344 579 cum
1388 540 1631 592 promiscue

124 604 348 645 habuisset
381 604 574 658 SapphO,
607 606 800 647 Catullus
833 606 934 659 quin
965 606 1137 660 longam
1169 621 1261 648 esse
1303 605 1503 658 voluerit,
1547 622 1631 649 non

123 676 267 726 potest
299 687 390 714 esse
423 673 598 714 dubium
631 674 851 728 reputanti
895 674 949 715 ab
994 688 1042 715 eo
1081 679 1167 726 ter,
1208 689 1293 715 non
1326 676 1514 728 saepius,
1556 677 1630 717 ad-

124 741 298 782 missum
340 741 448 795 pede
493 742 679 783 secundo
717 742 968 784 trochaeum
1013 746 1055 784 et
1101 743 1274 797 quidem
1317 744 1523 798 exemplis
1563 745 1629 786 his

123 810 597 865 [51,13;11,6;15]:

534 913 649 946 otium
675 913 818 947 Catulle
838 914 906 947 tibi
930 914 1172 948 molestumst.

534 982 597 1004 seu
623 969 735 1004 Sacas
763 970 1059 1015 sagittiferosque
1080 970 1222 1005 Persas.

533 1038 652 1072 pauca
676 1028 842 1063 nuntiate
867 1039 969 1062 meae
995 1028 1149 1072 puellae.

122 1133 233 1172 quae
262 1119 435 1172 quidem
466 1119 623 1161 iniecto
663 1120 833 1161 nomine
873 1120 1049 1173 proprio
1092 1123 1167 1161 aut
1206 1119 1475 1174 polysyllabo
1516 1122 1628 1162 miti-

121 1192 288 1242 gantur.
349 1188 435 1229 iam
475 1188 656 1229 Horatio
695 1188 901 1241 placitam
938 1202 1132 1229 normam
1174 1188 1308 1229 solam
1340 1189 1454 1242 apud
1486 1194 1628 1243 poste-

121 1260 256 1299 riores
288 1257 524 1311 optinuisse
557 1260 764 1307 verumst,
810 1257 890 1297 nisi
932 1256 1047 1310 quod
1079 1257 1242 1298 Seneca
1273 1257 1383 1298 mira
1412 1259 1627 1311 pravitate

119 1326 296 1379 ingenii,
339 1329 528 1367 ceterum
565 1325 739 1366 licentia
769 1325 937 1378 tragica
976 1340 1096 1375 usus,
1141 1325 1397 1378 aliquotiens
1443 1327 1629 1368 secundo

118 1394 212 1435 loco
245 1394 485 1448 dactylum,
529 1394 764 1447 spondeum
806 1394 934 1434 tertio
968 1393 1167 1435 adhibuit
1208 1394 1355 1449 [Hipp.
1388 1398 1491 1447 2863
1525 1399 1628 1447 ‘2873

120 1467 225 1516 2883
255 1463 409 1504 Troad.
441 1466 546 1515 8243
579 1465 684 1514 8363
717 1465 820 1515 8533
858 1466 986 1515 1051,
1019 1462 1129 1504 Med.
1164 1463 1276 1517 636]
1337 1462 1520 1516 denique
1552 1464 1628 1504 mi-

121 1532 237 1573 noris
268 1532 395 1573 metri
427 1531 631 1585 Sapphici
663 1531 939 1573 similitudine
971 1534 1159 1572 tractum
1196 1531 1334 1572 maius
1376 1531 1495 1585 [Hor.
1518 1532 1548 1582 Ι,
1572 1533 1627 1586 8}

234 1600 396 1641 Alcaici
427 1614 574 1641 versus
607 1600 899 1654 enneasyllabi
920 1599 986 1640 vel
1016 1599 1366 1654 hendecasyllabi
1397 1601 1628 1642 anacrusin

119 1669 219 1710 olim
271 1682 536 1710 communem
583 1668 789 1709 Horatius
835 1668 878 1708 in
930 1668 1147 1722 prioribus
1197 1667 1337 1709 tribus
1389 1669 1627 1711 carminum

117 1737 239 1779 libris
273 1751 367 1778 cum
399 1737 652 1790 plerumque
683 1736 887 1778 voluisset
919 1751 1011 1778 esse
1051 1736 1241 1790 longam,
1285 1736 1396 1777 hanc
1432 1751 1626 1779 normam

117 1806 160 1847 in
193 1809 359 1859 quarto,
388 1805 433 1846 id
465 1805 580 1858 quod
601 1805 821 1846 verissime
845 1805 1181 1847 observaverunt
1203 1804 1440 1847 Meinekius
1474 1806 1626 1860 [praef.

118 1874 220 1916 Hor.
242 1889 282 1928 p.
305 1875 378 1929 41]
409 1878 452 1915 et
482 1874 704 1927 Zumptius
733 1875 929 1929 [gramm.
947 1874 1039 1915 Lat.
1064 1873 1126 1915 ed.
1146 1874 1217 1924 XI,
1239 1889 1279 1927 p.
1303 1874 1425 1929 654],
1458 1889 1627 1929 semper

119 1943 306 1997 optinuit
334 1943 459 1984 idem.
521 1943 641 1984 cuius
673 1943 862 1984 severius
892 1943 1102 1997 placitum
1137 1942 1434 1984 custodierunt
1462 1942 1626 1985 Statius

119 2015 162 2052 et
182 2011 454 2062 Prudentius,
486 2011 600 2064 quod
632 2015 783 2052 contra
811 2011 1071 2053 Claudianus
1103 2011 1169 2052 bis
1200 2014 1318 2052 terve
1348 2011 1522 2052 brevem
1552 2012 1625 2053 ad-

117 2080 234 2121 misit
277 2080 519 2121 anacrusin.
588 2080 735 2133 itaque
782 2079 917 2121 habes
963 2080 1007 2120 in
1053 2079 1209 2134 hymno
1253 2079 1442 2121 auctoris
1481 2080 1625 2122 nescio

119 2148 238 2189 cuius
271 2148 396 2203 [Dan.
428 2148 459 2198 I,
491 2151 557 2199 89,
592 2149 684 2203 31],
725 2147 800 2189 sed
829 2161 907 2202 per
944 2148 1185 2189 antitheton
1229 2146 1406 2200 ‘neyare
1433 2155 1628 2199 praestat

118 2231 235 2268 quam
281 2220 384 2258 dare
422 2214 645 2258 vitrieum'.
717 2220 763 2258 at
806 2217 1001 2270 quintam
1048 2216 1257 2271 syllabam
1308 2217 1411 2270 quin
1453 2217 1625 2271 longam

118 2299 286 2339 semper
317 2285 501 2326 voluerit
532 2285 755 2336 Horatius,
795 2299 879 2326 non
911 2288 976 2326 est
1006 2284 1194 2326 dubium.
1256 2299 1354 2326 nam
1387 2285 1501 2338 quod
1533 2286 1625 2339 qui-

117 2354 212 2395 dam
236 2353 476 2408 probavere
519 2352 618 2394 ‘iam
648 2357 707 2395 bis
740 2356 944 2395 Monaeses
980 2360 1017 2394 et
1048 2357 1197 2395 Pacori
1224 2351 1389 2395 manus’
1438 2368 1518 2407 pro
1551 2354 1624 2396 illo

122 2426 333 2464 Monaeses
364 2422 434 2462 vix
465 2426 530 2463 est
553 2422 726 2475 dignum
748 2422 965 2463 memoria.
1017 2435 1155 2475 neque
1176 2422 1392 2475 integrum
1415 2422 1624 2473 existimo,

118 2490 233 2544 quod
263 2490 386 2532 libris
418 2491 590 2544 scriptis
622 2490 819 2531 omnibus
850 2490 1067 2531 firmatum
1107 2491 1304 2544 plerique
1335 2491 1527 2532 tulerunt
1570 2490 1625 2531 ‘se'

117 2574 196 2600 non
228 2563 394 2610 periret
414 2557 747 2610 immiserabilis,
779 2559 852 2600 ubi
877 2560 911 2600 si
934 2573 1016 2600 non
1040 2559 1168 2600 altior
1189 2558 1341 2600 haeret
1364 2559 1622 2613 corruptela,

116 2627 380 2668 Lachmanni
425 2627 594 2668 videtur
639 2628 983 2682 amplectendum
1025 2631 1328 2678 commentum,
1377 2628 1444 2668 cui
1494 2627 1625 2669 scribi

116 2695 280 2749 placuit
325 2699 501 2746 perires.
572 2710 670 2736 nam
717 2696 900 2737 Bentleii
946 2696 1050 2737 illud
1097 2699 1287 2747 perirent
1329 2699 1623 2736 itzmz‘serabe'les

118 2767 279 2814 captiva
319 2767 452 2814 pubes
491 2763 720 2805 alienumst
751 2763 805 2805 ab
834 2778 915 2805 usu
947 2764 1198 2805 Horatiano.
1242 2789 1296 2793 —
1339 2777 1437 2804 mox
1470 2767 1511 2804 et
1541 2764 1624 2817 ipsi

117 2831 350 2872 secundum
380 2832 534 2885 pedem
563 2832 843 2885 spondiacum
876 2846 1044 2886 semper
1075 2832 1301 2873 voluerunt
1332 2845 1424 2872 esse
1447 2832 1623 2882 Statius,

118 2899 390 2951 Claudianus,
422 2899 693 2941 Prudentius.
745 2903 888 2941 tamen
919 2901 961 2941 in
994 2900 1148 2954 hymno
1182 2913 1308 2952 quem
1339 2913 1471 2952 supra
1501 2900 1624 2952 tetigi
