1898 3292
709 235 829 261 LIBER
848 235 1027 267 QVINTVS.
1535 227 1582 265 41
1594 227 1615 264 7

115 337 179 394 [V‚
204 337 321 394 340]‚
355 351 452 390 erqo
486 336 553 394 [IL
583 340 680 389 7883
712 337 785 387 III,
821 340 917 389 1693
950 339 1052 389 3283
1086 336 1206 391 378]‚
1238 340 1400 386 quando
1435 336 1481 393 [1‚
1505 336 1617 394 641],

113 406 216 461 quid
248 407 290 447 in
314 406 455 448 verbis
485 405 683 460 probarit
714 405 841 459 plane
872 406 1138 456 incertumst,
1171 405 1273 458 quia
1299 405 1407 446 miro
1431 405 1616 459 quodam

113 489 214 516 casu
245 489 327 515 non
358 475 634 516 inveniuntur
666 473 781 528 apud
814 488 922 524 eum,
965 473 1121 526 quibus
1162 473 1205 514 id
1248 474 1433 527 perspici
1470 474 1618 527 possit,

112 547 231 584 certa
262 543 458 597 exempla
502 542 568 599 [of.
600 542 741 584 Iacob.
775 542 830 583 ad
865 542 922 593 II,
958 541 1065 598 109]
1126 542 1211 583 iam
1252 545 1301 583 ut
1336 543 1503 583 mittam
1541 542 1618 583 Co-

112 611 328 653 lumellam
370 615 411 653 et
454 615 673 652 auctorem
719 612 882 652 Aetnae
926 610 1137 652 brevitate
1184 610 1420 651 carminum
1461 610 1618 652 subob-

113 694 273 730 scuros,
303 680 518 721 licentiam
556 679 777 720 intendere
801 680 974 730 Seneca,
1007 679 1233 729 Martialis,
1265 678 1490 729 Iuvenalis,
1523 680 1618 720 Sta-

111 750 208 800 tius,
241 749 372 790 ceteri
395 748 684 798 classicorum,
716 748 787 801 qui
816 751 859 788 et
881 747 1107 789 verborum
1131 762 1181 788 ac
1210 747 1426 788 nominum
1458 747 1619 789 formas

112 818 353 870 promiscue
394 830 472 857 nec
511 831 609 857 raro
652 817 899 870 corripuere
946 816 1163 867 adverbia,
1205 816 1320 857 velut
1361 819 1472 859 ideo,
1515 820 1618 865 ilico,

110 889 230 931 intro.
263 899 405 936 porro,
436 899 541 929 sero,
570 887 699 925 subito
734 899 784 925 ac
816 885 1064 935 numeralia,
1096 888 1202 938 puta
1233 887 1359 933 ambo,
1393 892 1491 926 octo.
1545 885 1613 924 ad-

111 966 246 1006 eoque
278 953 479 994 dixerunt
507 952 625 995 brevi
660 953 777 994 finali
820 953 983 994 Seneca
1027 952 1196 1009 [Troad.
1229 956 1333 1004 2643
1368 952 1492 993 Herc.
1526 952 1617 993 Oet.

118 1020 240 1077 1862]
274 1025 495 1069 vincenam
525 1025 726 1073 luyendo:
756 1021 968 1063 Iuvenalis
999 1020 1052 1077 [3,
1075 1020 1173 1077 232]
1209 1024 1436 1072 ve'qe‘lan(l0;
1467 1020 1618 1061 Neme-

112 1091 256 1132 sianus
299 1089 352 1146 [1,
385 1093 459 1142 533
493 1094 529 1141 2,
563 1089 632 1145 80]
674 1094 909 1134 mulcendo:
946 1094 1166 1138 laudando,
1208 1089 1354 1142 qualia
1385 1103 1616 1142 numquam

111 1159 325 1200 admisere
366 1158 486 1211 epici.
549 1158 732 1211 denique
775 1172 800 1199 a
836 1159 1082 1199 christianis
1117 1159 1287 1199 omnino
1319 1161 1362 1198 et
1391 1157 1566 1198 indubie
1599 1174 1619 1197 ο

112 1227 251 1268 finalis
281 1227 359 1278 eis,
401 1240 508 1280 quas
538 1227 664 1268 modo
697 1227 962 1277 enumeravi,
1005 1226 1327 1267 condicionibus
1358 1226 1510 1267 habita
1540 1240 1619 1279 pro

112 1295 336 1337 communi.

228 1364 425 1405 Ceterum
459 1363 587 1404 etiam
611 1367 742 1417 atque
765 1363 892 1405 etiam
916 1363 1173 1404 monendum
1196 1376 1427 1416 numquam
1453 1362 1620 1403 dativos

116 1431 419 1485 gerundiorum
461 1444 587 1485 posse
629 1432 808 1485 corripi,
849 1445 932 1472 non
974 1436 1022 1472 ut
1054 1445 1078 1472 a
1110 1435 1247 1473 metro
1278 1431 1429 1472 melius
1461 1431 1621 1471 habeat

113 1514 241 1554 quam
272 1513 297 1540 a
325 1513 471 1551 sensu,
512 1499 627 1553 quod
658 1499 788 1541 scribi
819 1499 953 1541 voluit
980 1500 1156 1541 Grotius
1200 1498 1408 1541 ‘solvendo
1440 1514 1516 1540 mm
1552 1497 1615 1539 es'

112 1569 153 1609 in
187 1569 375 1610 Senecae
407 1568 524 1609 hisce
557 1567 676 1624 [Oed.
709 1567 830 1624 942]:

441 1648 616 1682 solvenda
642 1660 713 1682 non
742 1651 797 1682 est
821 1649 882 1682 illa
908 1660 999 1693 quae
1026 1649 1127 1693 leges
1154 1650 1251 1682 ratas

444 1708 573 1740 natura
604 1705 640 1738 in
666 1717 739 1739 uno
765 1706 876 1739 vertit
901 1705 1105 1750 Oedipoda.

111 1774 154 1814 in
186 1772 342 1827 quibus
381 1777 573 1815 solvenda
615 1787 742 1827 quam
778 1778 895 1815 recte
926 1774 1100 1819 habeat.
1132 1774 1355 1815 declarant
1385 1773 1621 1827 sequentia,

112 1842 186 1883 ubi
216 1841 459 1895 ponendum
487 1845 693 1896 punctum
725 1846 823 1896 post
859 1850 1019 1892 partus.
1072 1842 1236 1883 scilicet
1267 1842 1348 1883 hoc
1370 1842 1473 1883 dicit
1495 1842 1620 1883 Oedi-

112 1925 204 1965 pus,
237 1914 285 1952 ut
315 1914 444 1952 antea
474 1913 630 1952 natura
660 1924 770 1952 nova
802 1911 920 1952 facta
952 1914 1082 1962 esset,
1125 1909 1179 1951 ad
1212 1924 1321 1951 nova
1352 1914 1393 1952 et
1424 1910 1619 1952 inaudita

113 1978 277 2020 scelera
305 1992 400 2020 eum
430 1978 700 2033 impellendo,
731 1979 793 2020 ita
823 1993 977 2021 novum
1001 1979 1329 2032 excogitandum
1353 1978 1621 2033 supplicium,

114 2060 198 2100 quo
228 2060 398 2100 semper
429 2047 594 2101 pariter
625 2051 667 2088 et
698 2047 791 2089 vivo
829 2048 884 2089 sit
916 2047 1065 2089 similis
1097 2051 1139 2089 et
1171 2051 1352 2089 mortuo.
1414 2061 1464 2088 ac
1496 2061 1547 2088 ne
1578 2047 1621 2087 in

114 2115 291 2157 ultimae
322 2115 494 2169 quidem
530 2119 658 2157 notae
698 2116 886 2157 carmine
927 2116 979 2157 de
1009 2115 1191 2158 Perdica
1233 2114 1286 2172 [p.
1317 2116 1342 2157 l.
1376 2130 1427 2157 m.
1459 2116 1506 2166 V,
1542 2118 1621 2156 118

114 2197 149 2225 v.
187 2183 282 2240 121]
325 2183 432 2225 illud
462 2187 694 2226 miserando
725 2184 894 2226 dativus
923 2188 1009 2236 est,
1051 2184 1126 2226 sed
1168 2184 1382 2226 ablativus
1413 2197 1491 2238 pro
1522 2197 1621 2238 par-

114 2252 262 2306 ticipio
293 2253 533 2307 praesentis
565 2256 607 2294 et
637 2252 749 2294 idem
782 2253 895 2307 quod
927 2257 1169 2295 miserendo.
1218 2266 1297 2294 nec
1326 2253 1462 2306 magis
1494 2251 1623 2293 alieni

113 2321 404 2375 corripiuntur
436 2320 614 2362 ablativi
642 2324 816 2375 praeter
846 2336 976 2363 unum
1006 2321 1113 2363 illud
1145 2325 1353 2372 quomodo,
1386 2320 1501 2374 quod
1535 2320 1622 2362 sive

113 2402 198 2430 uno
229 2402 305 2431 seu
336 2388 503 2430 duobus
536 2389 826 2431 continebitur
856 2389 997 2431 verbis
1039 2393 1182 2444 potest
1222 2389 1420 2431 breviare
1451 2389 1622 2430 finalem

116 2456 183 2513 [cf.
216 2457 342 2499 Mart.
375 2457 425 2508 X,
461 2461 524 2509 16,
557 2460 603 2509 83
650 2456 854 2499 Fleckeis.
886 2471 982 2498 ann.
1014 2457 1116 2512 phil.
1150 2462 1192 2499 et
1235 2458 1357 2511 paed.
1390 2457 1504 2508 LXI,
1537 2456 1620 2513 45]

228 2525 426 2568 Ceterum
468 2526 537 2567 vix
585 2529 650 2567 est
694 2525 809 2579 quod
855 2525 994 2567 dicam
1039 2539 1272 2580 numquam
1315 2525 1622 2580 monosyllaba,

114 2593 261 2647 qualia
301 2597 400 2636 sunt
440 2598 503 2643 do,
544 2599 612 2646 fio,
648 2602 722 2643 sto,
761 2593 958 2635 breviari.
996 2594 1064 2651 [cf.
1096 2608 1272 2648 gramm.
1305 2592 1378 2636 lat.
1411 2594 1479 2645 VI,
1509 2592 1621 2649 236]

114 2675 296 2716 quorum
344 2666 488 2704 tamen
535 2662 772 2716 composita
815 2676 867 2704 ne
912 2663 1221 2704 imminuantur
1266 2663 1324 2703 nil
1368 2662 1525 2704 obstat.
1569 2685 1624 2691 —

113 2743 243 2784 porro
274 2731 318 2772 in
350 2731 548 2781 Graecis,
581 2744 691 2784 quae
722 2730 885 2772 habent
918 2748 993 2783 ων,
1024 2747 1137 2783 ονος,
1168 2731 1366 2772 Latinam
1398 2730 1569 2771 finalem
1603 2745 1624 2770 ο

114 2799 241 2853 primi
281 2799 527 2854 corripuere
571 2798 734 2840 Seneca
780 2797 943 2855 [Agam.
980 2799 1076 2855 514]
1122 2802 1165 2841 et
1202 2799 1364 2840 Statius
1407 2797 1563 2854 [achill.
1593 2798 1623 2848 Ι,

118 2865 226 2922 553]
292 2871 336 2908 at
377 2881 488 2921 quae
527 2871 699 2908 servant
728 2866 900 2908 illorum
932 2881 1127 2909 sermone
1164 2880 1240 2920 per
1272 2880 1417 2908 omnes
1448 2880 1573 2908 casus
1603 2880 1624 2906 0

116 2934 299 2988 longam,
332 2949 562 2989 numquam
586 2935 836 2976 breviantur
866 2936 943 2976 nisi
975 2936 1244 2989 paucissimis
1277 2935 1482 2988 exemplis
1514 2934 1624 2975 chri*³

182 3014 214 3040 L.
232 3014 422 3047 Mue116115
446 3016 490 3040 De
509 3023 530 3042 ι’.
549 3023 584 3041 m.
604 3023 631 3047 p.
652 3016 683 3040 L.
1308 3004 1351 3037 27
