<?xml version="1.0" encoding="UTF-8"?>
<!DOCTYPE html PUBLIC "-//W3C//DTD XHTML 1.0 Transitional//EN"
    "http://www.w3.org/TR/xhtml1/DTD/xhtml1-transitional.dtd">
<html xmlns="http://www.w3.org/1999/xhtml" xml:lang="en" lang="en">
 <head>
  <title>
</title>
<meta http-equiv="Content-Type" content="text/html;charset=utf-8" />
  <meta name='ocr-system' content='tesseract 3.04.00' />
  <meta name='ocr-capabilities' content='ocr_page ocr_carea ocr_par ocr_line ocrx_word'/>
</head>
<body>
  <div class='ocr_page' id='page_1' title='image "./deremetricapoeta00mluoft_0388.png"; bbox 0 0 1898 3292; ppageno 0'>
   <div class='ocr_carea' id='block_1_1' title="bbox 202 236 1120 276">
    <p class='ocr_par' dir='ltr' id='par_1_1' title="bbox 202 236 1120 276">
     <span class='ocr_line' id='line_1_1' title="bbox 202 236 1120 276; baseline -0.001 -4"><span class='ocrx_word' id='word_1_1' title='bbox 202 236 282 273; x_wconf 69' lang='grc'>366</span> <span class='ocrx_word' id='word_1_2' title='bbox 787 245 906 270; x_wconf 71' lang='lat' dir='ltr'>mmm</span> <span class='ocrx_word' id='word_1_3' title='bbox 927 245 1120 276; x_wconf 78' lang='lat' dir='ltr'><strong>QVARTVS.</strong></span> 
     </span>
    </p>
   </div>
   <div class='ocr_carea' id='block_1_2' title="bbox 200 345 1708 606">
    <p class='ocr_par' dir='ltr' id='par_1_2' title="bbox 200 345 1708 606">
     <span class='ocr_line' id='line_1_2' title="bbox 202 345 1708 402; baseline 0 -15"><span class='ocrx_word' id='word_1_4' title='bbox 202 346 393 387; x_wconf 89' lang='lat' dir='ltr'>Ovidium</span> <span class='ocrx_word' id='word_1_5' title='bbox 446 345 556 402; x_wconf 84' lang='lat' dir='ltr'>[fast.</span> <span class='ocrx_word' id='word_1_6' title='bbox 586 347 657 398; x_wconf 85' lang='lat' dir='ltr'>IV,</span> <span class='ocrx_word' id='word_1_7' title='bbox 689 350 795 398; x_wconf 75' lang='lat'>4563</span> <span class='ocrx_word' id='word_1_8' title='bbox 826 362 907 388; x_wconf 85' lang='lat' dir='ltr'>am.</span> <span class='ocrx_word' id='word_1_9' title='bbox 942 348 1000 397; x_wconf 93' lang='lat' dir='ltr'>II,</span> <span class='ocrx_word' id='word_1_10' title='bbox 1032 351 1070 397; x_wconf 89' lang='lat'>4,</span> <span class='ocrx_word' id='word_1_11' title='bbox 1107 349 1181 398; x_wconf 80' lang='lat'>18;</span> <span class='ocrx_word' id='word_1_12' title='bbox 1215 346 1281 401; x_wconf 88' lang='lat'>33]</span> <span class='ocrx_word' id='word_1_13' title='bbox 1328 349 1453 395; x_wconf 73' lang='lat' dir='ltr'>ubi’s;</span> <span class='ocrx_word' id='word_1_14' title='bbox 1493 348 1708 398; x_wconf 44' lang='lat' dir='ltr'>placitam-,-</span> 
     </span>
     <span class='ocr_line' id='line_1_3' title="bbox 200 414 1682 471; baseline 0.001 -16"><span class='ocrx_word' id='word_1_15' title='bbox 200 418 368 466; x_wconf 70' lang='lat' dir='ltr'>lonya&#39;s.</span> <span class='ocrx_word' id='word_1_16' title='bbox 428 415 488 456; x_wconf 88' lang='lat' dir='ltr'>ita</span> <span class='ocrx_word' id='word_1_17' title='bbox 526 415 569 456; x_wconf 90' lang='lat' dir='ltr'>in</span> <span class='ocrx_word' id='word_1_18' title='bbox 613 415 794 468; x_wconf 86' lang='lat' dir='ltr'>epistula</span> <span class='ocrx_word' id='word_1_19' title='bbox 833 415 994 456; x_wconf 74' lang='lat' dir='ltr'>Paridis</span> <span class='ocrx_word' id='word_1_20' title='bbox 1037 415 1260 467; x_wconf 81' lang='lat' dir='ltr'>legendum</span> <span class='ocrx_word' id='word_1_21' title='bbox 1305 414 1386 470; x_wconf 82' lang='lat'>[16,</span> <span class='ocrx_word' id='word_1_22' title='bbox 1421 415 1515 471; x_wconf 72' lang='grc'>188]</span> <span class='ocrx_word' id='word_1_23' title='bbox 1550 421 1708 463; x_wconf 56' lang='grc' dir='ltr'>νηπίω,-</span> 
     </span>
     <span class='ocr_line' id='line_1_4' title="bbox 200 482 1703 539; baseline 0.001 -16"><span class='ocrx_word' id='word_1_24' title='bbox 200 483 409 535; x_wconf 86' lang='lat' dir='ltr'>Propertii</span> <span class='ocrx_word' id='word_1_25' title='bbox 447 483 472 523; x_wconf 93' lang='lat' dir='ltr'>l.</span> <span class='ocrx_word' id='word_1_26' title='bbox 506 483 565 524; x_wconf 91' lang='lat' dir='ltr'>III</span> <span class='ocrx_word' id='word_1_27' title='bbox 610 482 696 538; x_wconf 84' lang='lat'>[31,</span> <span class='ocrx_word' id='word_1_28' title='bbox 730 482 798 539; x_wconf 82' lang='lat'>21]</span> <span class='ocrx_word' id='word_1_29' title='bbox 843 483 1039 526; x_wconf 69' lang='lat' dir='ltr'>dolore&#39;s:</span> <span class='ocrx_word' id='word_1_30' title='bbox 1081 483 1234 524; x_wconf 76' lang='lat' dir='ltr'>ibidem</span> <span class='ocrx_word' id='word_1_31' title='bbox 1282 487 1331 524; x_wconf 84' lang='lat'>14</span> <span class='ocrx_word' id='word_1_32' title='bbox 1374 488 1496 524; x_wconf 69' lang='lat' dir='ltr'>dea&#39;s.</span> <span class='ocrx_word' id='word_1_33' title='bbox 1559 490 1703 525; x_wconf 72' lang='lat' dir='ltr'>contra</span> 
     </span>
     <span class='ocr_line' id='line_1_5' title="bbox 200 551 970 606; baseline 0 -15"><span class='ocrx_word' id='word_1_34' title='bbox 200 551 254 591; x_wconf 82' lang='lat' dir='ltr'>lv</span> <span class='ocrx_word' id='word_1_35' title='bbox 288 551 344 606; x_wconf 79' lang='grc'>[6,</span> <span class='ocrx_word' id='word_1_36' title='bbox 381 551 421 605; x_wconf 88' lang='grc'>1]</span> <span class='ocrx_word' id='word_1_37' title='bbox 453 552 611 604; x_wconf 87' lang='lat' dir='ltr'>optime</span> <span class='ocrx_word' id='word_1_38' title='bbox 643 552 970 604; x_wconf 81' lang='lat' dir='ltr'>Neapolitanus:</span> 
     </span>
    </p>
   </div>
   <div class='ocr_carea' id='block_1_3' title="bbox 520 642 1339 686">
    <p class='ocr_par' dir='ltr' id='par_1_3' title="bbox 520 642 1339 686">
     <span class='ocr_line' id='line_1_6' title="bbox 520 642 1339 686; baseline -0.001 -10"><span class='ocrx_word' id='word_1_39' title='bbox 520 653 607 686; x_wconf 79' lang='lat' dir='ltr'>ergo</span> <span class='ocrx_word' id='word_1_40' title='bbox 634 642 812 676; x_wconf 80' lang='lat' dir='ltr'>sollicitae</span> <span class='ocrx_word' id='word_1_41' title='bbox 840 646 879 676; x_wconf 85' lang='lat' dir='ltr'>tu</span> <span class='ocrx_word' id='word_1_42' title='bbox 907 654 1016 676; x_wconf 77' lang='lat' dir='ltr'>causa</span> <span class='ocrx_word' id='word_1_43' title='bbox 1042 642 1201 686; x_wconf 81' lang='lat' dir='ltr'>pecunia</span> <span class='ocrx_word' id='word_1_44' title='bbox 1224 642 1339 685; x_wconf 82' lang='lat' dir='ltr'>vitae3</span> 
     </span>
    </p>
   </div>
   <div class='ocr_carea' id='block_1_4' title="bbox 198 722 1708 1053">
    <p class='ocr_par' dir='ltr' id='par_1_4' title="bbox 201 722 1708 846">
     <span class='ocr_line' id='line_1_7' title="bbox 201 722 1708 776; baseline 0.001 -14"><span class='ocrx_word' id='word_1_45' title='bbox 201 722 271 762; x_wconf 84' lang='lat' dir='ltr'>ubi</span> <span class='ocrx_word' id='word_1_46' title='bbox 295 722 416 773; x_wconf 68' lang='lat' dir='ltr'>vulgo</span> <span class='ocrx_word' id='word_1_47' title='bbox 449 722 602 774; x_wconf 68' lang='lat' dir='ltr'>legitur</span> <span class='ocrx_word' id='word_1_48' title='bbox 634 726 738 763; x_wconf 70' lang='lat' dir='ltr'>ritae</span> <span class='ocrx_word' id='word_1_49' title='bbox 771 737 823 764; x_wconf 72' lang='lat' dir='ltr'>es.</span> <span class='ocrx_word' id='word_1_50' title='bbox 876 738 1002 776; x_wconf 80' lang='lat' dir='ltr'>porro</span> <span class='ocrx_word' id='word_1_51' title='bbox 1032 724 1099 776; x_wconf 78' lang='lat' dir='ltr'>qui</span> <span class='ocrx_word' id='word_1_52' title='bbox 1134 724 1366 776; x_wconf 72' lang='lat' dir='ltr'>epis-edium</span> <span class='ocrx_word' id='word_1_53' title='bbox 1393 724 1561 776; x_wconf 60' lang='lat' dir='ltr'>scripsit</span> <span class='ocrx_word' id='word_1_54' title='bbox 1585 724 1708 763; x_wconf 87' lang='lat' dir='ltr'>Drusi</span> 
     </span>
     <span class='ocr_line' id='line_1_8' title="bbox 202 790 340 846; baseline 0.007 -16"><span class='ocrx_word' id='word_1_55' title='bbox 202 790 340 846; x_wconf 71' lang='lat' dir='ltr'>[42c]:</span> 
     </span>
    </p>

    <p class='ocr_par' dir='ltr' id='par_1_5' title="bbox 198 848 1706 1053">
     <span class='ocr_line' id='line_1_9' title="bbox 521 848 1298 893; baseline 0 -12"><span class='ocrx_word' id='word_1_56' title='bbox 521 848 688 891; x_wconf 76' lang='lat' dir='ltr'>coniugis</span> <span class='ocrx_word' id='word_1_57' title='bbox 716 851 753 881; x_wconf 76' lang='lat' dir='ltr'>et</span> <span class='ocrx_word' id='word_1_58' title='bbox 781 848 865 890; x_wconf 85' lang='lat' dir='ltr'>nati,</span> <span class='ocrx_word' id='word_1_59' title='bbox 894 848 1006 891; x_wconf 77' lang='lat' dir='ltr'>Livia,</span> <span class='ocrx_word' id='word_1_60' title='bbox 1034 860 1161 892; x_wconf 79' lang='lat' dir='ltr'>sospes</span> <span class='ocrx_word' id='word_1_61' title='bbox 1187 848 1298 893; x_wconf 75' lang='lat' dir='ltr'>ope&#39;s.</span> 
     </span>
     <span class='ocr_line' id='line_1_10' title="bbox 199 927 1706 984; baseline 0.001 -17"><span class='ocrx_word' id='word_1_62' title='bbox 199 927 308 968; x_wconf 87' lang='lat' dir='ltr'>idem</span> <span class='ocrx_word' id='word_1_63' title='bbox 352 931 417 967; x_wconf 86' lang='lat' dir='ltr'>ter</span> <span class='ocrx_word' id='word_1_64' title='bbox 457 927 570 968; x_wconf 81' lang='lat' dir='ltr'>intra</span> <span class='ocrx_word' id='word_1_65' title='bbox 612 933 815 981; x_wconf 84' lang='lat' dir='ltr'>quattuor</span> <span class='ocrx_word' id='word_1_66' title='bbox 849 929 1071 969; x_wconf 74' lang='lat' dir='ltr'>versiculos</span> <span class='ocrx_word' id='word_1_67' title='bbox 1105 928 1360 984; x_wconf 60' lang='lat' dir='ltr'>[lm—125]</span> <span class='ocrx_word' id='word_1_68' title='bbox 1404 929 1575 969; x_wconf 76' lang='lat' dir='ltr'>admisit</span> <span class='ocrx_word' id='word_1_69' title='bbox 1607 928 1706 969; x_wconf 78' lang='lat' dir='ltr'>illud</span> 
     </span>
     <span class='ocr_line' id='line_1_11' title="bbox 198 996 1385 1053; baseline 0.003 -18"><span class='ocrx_word' id='word_1_70' title='bbox 198 998 311 1036; x_wconf 52' lang='lat' dir='ltr'>ubis.</span> <span class='ocrx_word' id='word_1_71' title='bbox 345 1020 400 1024; x_wconf 88' lang='lat'>---</span> <span class='ocrx_word' id='word_1_72' title='bbox 429 1000 577 1037; x_wconf 84' lang='lat' dir='ltr'>auctor</span> <span class='ocrx_word' id='word_1_73' title='bbox 610 997 842 1038; x_wconf 76' lang='lat' dir='ltr'>carminum</span> <span class='ocrx_word' id='word_1_74' title='bbox 875 997 926 1038; x_wconf 88' lang='lat' dir='ltr'>de</span> <span class='ocrx_word' id='word_1_75' title='bbox 960 997 1119 1038; x_wconf 78' lang='lat' dir='ltr'>Maevio</span> <span class='ocrx_word' id='word_1_76' title='bbox 1154 996 1264 1052; x_wconf 63' lang='lat' dir='ltr'>[S2Q</span> <span class='ocrx_word' id='word_1_77' title='bbox 1297 996 1385 1053; x_wconf 72' lang='lat'>28]:</span> 
     </span>
    </p>
   </div>
   <div class='ocr_carea' id='block_1_5' title="bbox 521 1087 1346 1132">
    <p class='ocr_par' dir='ltr' id='par_1_6' title="bbox 521 1087 1346 1132">
     <span class='ocr_line' id='line_1_12' title="bbox 521 1087 1346 1132; baseline 0.002 -12"><span class='ocrx_word' id='word_1_78' title='bbox 521 1087 655 1131; x_wconf 83' lang='lat' dir='ltr'>impius</span> <span class='ocrx_word' id='word_1_79' title='bbox 681 1087 750 1122; x_wconf 81' lang='lat' dir='ltr'>hoc</span> <span class='ocrx_word' id='word_1_80' title='bbox 778 1087 892 1131; x_wconf 83' lang='lat' dir='ltr'>telo’s,</span> <span class='ocrx_word' id='word_1_81' title='bbox 919 1088 989 1121; x_wconf 87' lang='lat' dir='ltr'>hoc</span> <span class='ocrx_word' id='word_1_82' title='bbox 1018 1092 1124 1132; x_wconf 80' lang='lat' dir='ltr'>potes</span> <span class='ocrx_word' id='word_1_83' title='bbox 1151 1100 1228 1122; x_wconf 77' lang='lat' dir='ltr'>esse</span> <span class='ocrx_word' id='word_1_84' title='bbox 1256 1089 1346 1132; x_wconf 87' lang='lat' dir='ltr'>pius.</span> 
     </span>
    </p>
   </div>
   <div class='ocr_carea' id='block_1_6' title="bbox 195 1167 1714 2862">
    <p class='ocr_par' dir='ltr' id='par_1_7' title="bbox 195 1167 1713 2387">
     <span class='ocr_line' id='line_1_13' title="bbox 203 1167 1710 1222; baseline 0.001 -15"><span class='ocrx_word' id='word_1_85' title='bbox 203 1167 391 1208; x_wconf 90' lang='lat' dir='ltr'>omnium</span> <span class='ocrx_word' id='word_1_86' title='bbox 437 1171 578 1208; x_wconf 88' lang='lat' dir='ltr'>autem</span> <span class='ocrx_word' id='word_1_87' title='bbox 625 1167 967 1220; x_wconf 83' lang='lat' dir='ltr'>frequentissime</span> <span class='ocrx_word' id='word_1_88' title='bbox 1014 1183 1199 1222; x_wconf 76' lang='lat' dir='ltr'>apocope</span> <span class='ocrx_word' id='word_1_89' title='bbox 1247 1171 1459 1210; x_wconf 81' lang='lat' dir='ltr'>invenitur</span> <span class='ocrx_word' id='word_1_90' title='bbox 1504 1170 1543 1209; x_wconf 88' lang='lat' dir='ltr'>in</span> <span class='ocrx_word' id='word_1_91' title='bbox 1593 1169 1710 1210; x_wconf 79' lang='lat' dir='ltr'>libris</span> 
     </span>
     <span class='ocr_line' id='line_1_14' title="bbox 201 1234 1709 1293; baseline 0.003 -17"><span class='ocrx_word' id='word_1_92' title='bbox 201 1236 420 1277; x_wconf 60' lang='lat' dir='ltr'>illm-timis.</span> <span class='ocrx_word' id='word_1_93' title='bbox 495 1237 612 1277; x_wconf 87' lang='lat' dir='ltr'>cuius</span> <span class='ocrx_word' id='word_1_94' title='bbox 653 1240 752 1277; x_wconf 85' lang='lat' dir='ltr'>sunt</span> <span class='ocrx_word' id='word_1_95' title='bbox 799 1234 898 1291; x_wconf 88' lang='lat' dir='ltr'>[III,</span> <span class='ocrx_word' id='word_1_96' title='bbox 931 1239 1005 1288; x_wconf 75' lang='lat'>323</span> <span class='ocrx_word' id='word_1_97' title='bbox 1040 1240 1086 1285; x_wconf 82' lang='grc'>2;</span> <span class='ocrx_word' id='word_1_98' title='bbox 1128 1240 1192 1282; x_wconf 74' lang='grc'>72,</span> <span class='ocrx_word' id='word_1_99' title='bbox 1226 1236 1265 1293; x_wconf 76' lang='grc'>8]</span> <span class='ocrx_word' id='word_1_100' title='bbox 1313 1242 1502 1280; x_wconf 49' lang='lat' dir='ltr'>vetulas:</span> <span class='ocrx_word' id='word_1_101' title='bbox 1535 1242 1709 1289; x_wconf 69' lang='lat' dir='ltr'>s&#39;aaezca&#39;s,</span> 
     </span>
     <span class='ocr_line' id='line_1_15' title="bbox 199 1304 1711 1362; baseline 0.003 -18"><span class='ocrx_word' id='word_1_102' title='bbox 199 1317 324 1357; x_wconf 85' lang='lat' dir='ltr'>porro</span> <span class='ocrx_word' id='word_1_103' title='bbox 347 1304 501 1357; x_wconf 82' lang='lat' dir='ltr'>septies</span> <span class='ocrx_word' id='word_1_104' title='bbox 524 1305 565 1345; x_wconf 89' lang='lat' dir='ltr'>in</span> <span class='ocrx_word' id='word_1_105' title='bbox 588 1304 672 1344; x_wconf 87' lang='lat' dir='ltr'>fine</span> <span class='ocrx_word' id='word_1_106' title='bbox 699 1306 957 1357; x_wconf 81' lang='lat' dir='ltr'>pentametri</span> <span class='ocrx_word' id='word_1_107' title='bbox 983 1307 1165 1358; x_wconf 81' lang='lat' dir='ltr'>positum</span> <span class='ocrx_word' id='word_1_108' title='bbox 1194 1310 1341 1347; x_wconf 74' lang='lat' dir='ltr'>lmmo’s</span> <span class='ocrx_word' id='word_1_109' title='bbox 1371 1305 1556 1361; x_wconf 80' lang='lat' dir='ltr'>[Lachni.</span> <span class='ocrx_word' id='word_1_110' title='bbox 1580 1306 1602 1347; x_wconf 91' lang='grc'>1.</span> <span class='ocrx_word' id='word_1_111' title='bbox 1627 1306 1711 1362; x_wconf 85' lang='grc'>111.].</span> 
     </span>
     <span class='ocr_line' id='line_1_16' title="bbox 199 1373 1711 1430; baseline 0.003 -18"><span class='ocrx_word' id='word_1_112' title='bbox 199 1385 282 1412; x_wconf 83' lang='lat' dir='ltr'>nec</span> <span class='ocrx_word' id='word_1_113' title='bbox 318 1385 402 1413; x_wconf 89' lang='lat' dir='ltr'>non</span> <span class='ocrx_word' id='word_1_114' title='bbox 443 1376 614 1413; x_wconf 84' lang='lat' dir='ltr'>constat</span> <span class='ocrx_word' id='word_1_115' title='bbox 655 1387 705 1413; x_wconf 84' lang='lat' dir='ltr'>ex</span> <span class='ocrx_word' id='word_1_116' title='bbox 745 1373 837 1425; x_wconf 76' lang='lat' dir='ltr'>lege</span> <span class='ocrx_word' id='word_1_117' title='bbox 869 1374 1032 1414; x_wconf 85' lang='lat' dir='ltr'>musica</span> <span class='ocrx_word' id='word_1_118' title='bbox 1062 1375 1177 1428; x_wconf 90' lang='lat' dir='ltr'>apud</span> <span class='ocrx_word' id='word_1_119' title='bbox 1213 1389 1308 1416; x_wconf 87' lang='lat' dir='ltr'>eum</span> <span class='ocrx_word' id='word_1_120' title='bbox 1340 1375 1632 1429; x_wconf 86' lang='lat' dir='ltr'>reponendum</span> <span class='ocrx_word' id='word_1_121' title='bbox 1666 1374 1711 1430; x_wconf 84' lang='lat' dir='ltr'>[L</span> 
     </span>
     <span class='ocr_line' id='line_1_17' title="bbox 203 1440 1711 1499; baseline 0.001 -18"><span class='ocrx_word' id='word_1_122' title='bbox 203 1444 268 1491; x_wconf 77' lang='lat'>64,</span> <span class='ocrx_word' id='word_1_123' title='bbox 292 1444 336 1492; x_wconf 80' lang='lat'>43</span> <span class='ocrx_word' id='word_1_124' title='bbox 370 1441 480 1490; x_wconf 92' lang='lat' dir='ltr'>VIII,</span> <span class='ocrx_word' id='word_1_125' title='bbox 504 1444 569 1491; x_wconf 86' lang='lat'>79,</span> <span class='ocrx_word' id='word_1_126' title='bbox 601 1440 640 1497; x_wconf 80' lang='grc'>5]</span> <span class='ocrx_word' id='word_1_127' title='bbox 680 1445 869 1491; x_wconf 40' lang='lat' dir='ltr'>puellm,</span> <span class='ocrx_word' id='word_1_128' title='bbox 906 1441 950 1498; x_wconf 83' lang='grc'>[1,</span> <span class='ocrx_word' id='word_1_129' title='bbox 984 1446 1048 1493; x_wconf 80' lang='grc'>72,</span> <span class='ocrx_word' id='word_1_130' title='bbox 1084 1447 1126 1495; x_wconf 77' lang='lat'>73</span> <span class='ocrx_word' id='word_1_131' title='bbox 1160 1443 1231 1494; x_wconf 91' lang='lat' dir='ltr'>III,</span> <span class='ocrx_word' id='word_1_132' title='bbox 1263 1447 1329 1494; x_wconf 88' lang='lat'>44,</span> <span class='ocrx_word' id='word_1_133' title='bbox 1362 1443 1402 1499; x_wconf 87' lang='lat'>4]</span> <span class='ocrx_word' id='word_1_134' title='bbox 1437 1447 1611 1494; x_wconf 71' lang='lat' dir='ltr'>stoela&#39;s,</span> <span class='ocrx_word' id='word_1_135' title='bbox 1645 1442 1711 1499; x_wconf 75' lang='lat' dir='ltr'>[IL</span> 
     </span>
     <span class='ocr_line' id='line_1_18' title="bbox 203 1508 1710 1568; baseline 0.002 -18"><span class='ocrx_word' id='word_1_136' title='bbox 203 1512 268 1560; x_wconf 77' lang='lat'>28,</span> <span class='ocrx_word' id='word_1_137' title='bbox 293 1508 332 1565; x_wconf 79' lang='lat'>5]</span> <span class='ocrx_word' id='word_1_138' title='bbox 368 1513 515 1561; x_wconf 67' lang='lat' dir='ltr'>eryo&#39;s,</span> <span class='ocrx_word' id='word_1_139' title='bbox 554 1508 620 1565; x_wconf 78' lang='lat' dir='ltr'>[IL</span> <span class='ocrx_word' id='word_1_140' title='bbox 646 1513 710 1559; x_wconf 87' lang='lat'>33,</span> <span class='ocrx_word' id='word_1_141' title='bbox 746 1509 867 1566; x_wconf 68' lang='lat'>1—3]</span> <span class='ocrx_word' id='word_1_142' title='bbox 904 1515 1066 1559; x_wconf 41' lang='lat' dir='ltr'>calvas,</span> <span class='ocrx_word' id='word_1_143' title='bbox 1099 1516 1244 1563; x_wconf 71' lang='lat' dir='ltr'>rufa&#39;s,</span> <span class='ocrx_word' id='word_1_144' title='bbox 1277 1516 1438 1560; x_wconf 67' lang='lat' dir='ltr'>lusca&#39;s,</span> <span class='ocrx_word' id='word_1_145' title='bbox 1471 1510 1710 1568; x_wconf 80' lang='lat'>[1[1,72,7]</span> 
     </span>
     <span class='ocr_line' id='line_1_19' title="bbox 202 1576 1709 1636; baseline 0.002 -18"><span class='ocrx_word' id='word_1_146' title='bbox 202 1582 368 1625; x_wconf 70' lang='lat' dir='ltr'>nucla&#39;s,</span> <span class='ocrx_word' id='word_1_147' title='bbox 415 1576 500 1634; x_wconf 84' lang='lat' dir='ltr'>[1V,</span> <span class='ocrx_word' id='word_1_148' title='bbox 532 1581 568 1628; x_wconf 89' lang='lat'>7,</span> <span class='ocrx_word' id='word_1_149' title='bbox 594 1576 635 1633; x_wconf 88' lang='lat'>4]</span> <span class='ocrx_word' id='word_1_150' title='bbox 672 1582 850 1629; x_wconf 67' lang='lat' dir='ltr'>Zonya&#39;s,</span> <span class='ocrx_word' id='word_1_151' title='bbox 895 1578 958 1635; x_wconf 60' lang='grc' dir='ltr'>Π,</span> <span class='ocrx_word' id='word_1_152' title='bbox 995 1584 1062 1631; x_wconf 74' lang='grc'>16,</span> <span class='ocrx_word' id='word_1_153' title='bbox 1093 1580 1132 1636; x_wconf 86' lang='grc'>2]</span> <span class='ocrx_word' id='word_1_154' title='bbox 1167 1585 1346 1629; x_wconf 41' lang='lat' dir='ltr'>causa&amp;</span> <span class='ocrx_word' id='word_1_155' title='bbox 1392 1579 1502 1636; x_wconf 80' lang='lat' dir='ltr'>[VIL</span> <span class='ocrx_word' id='word_1_156' title='bbox 1541 1585 1606 1631; x_wconf 76' lang='lat'>18,</span> <span class='ocrx_word' id='word_1_157' title='bbox 1644 1579 1709 1636; x_wconf 87' lang='lat'>14]</span> 
     </span>
     <span class='ocr_line' id='line_1_20' title="bbox 200 1645 1712 1703; baseline 0.003 -17"><span class='ocrx_word' id='word_1_158' title='bbox 200 1651 355 1695; x_wconf 72' lang='lat' dir='ltr'>mma&#39;s,</span> <span class='ocrx_word' id='word_1_159' title='bbox 390 1645 456 1702; x_wconf 82' lang='lat' dir='ltr'>[X,</span> <span class='ocrx_word' id='word_1_160' title='bbox 491 1649 556 1696; x_wconf 84' lang='lat'>39,</span> <span class='ocrx_word' id='word_1_161' title='bbox 591 1645 631 1702; x_wconf 94' lang='grc'>2]</span> <span class='ocrx_word' id='word_1_162' title='bbox 668 1651 812 1688; x_wconf 73' lang='lat' dir='ltr'>nata&#39;s.</span> <span class='ocrx_word' id='word_1_163' title='bbox 875 1652 918 1689; x_wconf 90' lang='lat' dir='ltr'>et</span> <span class='ocrx_word' id='word_1_164' title='bbox 958 1649 1109 1702; x_wconf 80' lang='lat' dir='ltr'>nequis</span> <span class='ocrx_word' id='word_1_165' title='bbox 1151 1649 1311 1690; x_wconf 79' lang='lat' dir='ltr'>ultimis</span> <span class='ocrx_word' id='word_1_166' title='bbox 1353 1649 1620 1703; x_wconf 78' lang='lat' dir='ltr'>temporibus</span> <span class='ocrx_word' id='word_1_167' title='bbox 1650 1649 1712 1689; x_wconf 87' lang='lat' dir='ltr'>in-</span> 
     </span>
     <span class='ocr_line' id='line_1_21' title="bbox 201 1714 1712 1771; baseline 0.003 -16"><span class='ocrx_word' id='word_1_168' title='bbox 201 1714 371 1756; x_wconf 82' lang='lat' dir='ltr'>solitam</span> <span class='ocrx_word' id='word_1_169' title='bbox 400 1714 533 1756; x_wconf 87' lang='lat' dir='ltr'>fuisse</span> <span class='ocrx_word' id='word_1_170' title='bbox 563 1715 745 1756; x_wconf 83' lang='lat' dir='ltr'>formam</span> <span class='ocrx_word' id='word_1_171' title='bbox 777 1716 1016 1758; x_wconf 89' lang='lat' dir='ltr'>breviorem</span> <span class='ocrx_word' id='word_1_172' title='bbox 1047 1718 1273 1767; x_wconf 82' lang='lat' dir='ltr'>existimet,</span> <span class='ocrx_word' id='word_1_173' title='bbox 1304 1717 1437 1759; x_wconf 88' lang='lat' dir='ltr'>habes</span> <span class='ocrx_word' id='word_1_174' title='bbox 1471 1717 1586 1771; x_wconf 85' lang='lat' dir='ltr'>apud</span> <span class='ocrx_word' id='word_1_175' title='bbox 1608 1718 1712 1759; x_wconf 86' lang='lat' dir='ltr'>Pru-</span> 
     </span>
     <span class='ocr_line' id='line_1_22' title="bbox 201 1782 1711 1842; baseline 0.003 -18"><span class='ocrx_word' id='word_1_176' title='bbox 201 1783 392 1825; x_wconf 89' lang='lat' dir='ltr'>dentium</span> <span class='ocrx_word' id='word_1_177' title='bbox 427 1782 481 1839; x_wconf 87' lang='lat' dir='ltr'>[p.</span> <span class='ocrx_word' id='word_1_178' title='bbox 516 1788 565 1825; x_wconf 89' lang='lat' dir='ltr'>st.</span> <span class='ocrx_word' id='word_1_179' title='bbox 603 1789 666 1835; x_wconf 88' lang='lat'>10,</span> <span class='ocrx_word' id='word_1_180' title='bbox 700 1784 797 1841; x_wconf 81' lang='grc'>789]</span> <span class='ocrx_word' id='word_1_181' title='bbox 829 1790 1043 1835; x_wconf 73' lang='lat' dir='ltr'>mzmere&#39;s,</span> <span class='ocrx_word' id='word_1_182' title='bbox 1085 1786 1200 1840; x_wconf 85' lang='lat' dir='ltr'>apud</span> <span class='ocrx_word' id='word_1_183' title='bbox 1232 1786 1457 1828; x_wconf 87' lang='lat' dir='ltr'>Paulinum</span> <span class='ocrx_word' id='word_1_184' title='bbox 1500 1785 1582 1842; x_wconf 83' lang='lat'>[26,</span> <span class='ocrx_word' id='word_1_185' title='bbox 1615 1785 1711 1842; x_wconf 83' lang='grc'>282]</span> 
     </span>
     <span class='ocr_line' id='line_1_23' title="bbox 195 1852 1713 1911; baseline 0.003 -19"><span class='ocrx_word' id='word_1_186' title='bbox 195 1856 432 1904; x_wconf 66' lang='grc' dir='ltr'>ρνοραροέ,</span> <span class='ocrx_word' id='word_1_187' title='bbox 477 1853 592 1906; x_wconf 84' lang='lat' dir='ltr'>apud</span> <span class='ocrx_word' id='word_1_188' title='bbox 620 1853 839 1896; x_wconf 82' lang='lat' dir='ltr'>Sidonium</span> <span class='ocrx_word' id='word_1_189' title='bbox 887 1852 1051 1909; x_wconf 81' lang='lat' dir='ltr'><strong>[paneg.</strong></span> <span class='ocrx_word' id='word_1_190' title='bbox 1088 1857 1159 1896; x_wconf 72' lang='lat' dir='ltr'>Av.</span> <span class='ocrx_word' id='word_1_191' title='bbox 1193 1853 1290 1911; x_wconf 89' lang='grc'>429]</span> <span class='ocrx_word' id='word_1_192' title='bbox 1333 1859 1372 1896; x_wconf 70' lang='lat' dir='ltr'>ln.</span> <span class='ocrx_word' id='word_1_193' title='bbox 1416 1859 1557 1904; x_wconf 70' lang='lat' dir='ltr'>actu’s,</span> <span class='ocrx_word' id='word_1_194' title='bbox 1598 1855 1713 1909; x_wconf 86' lang='lat' dir='ltr'>apud</span> 
     </span>
     <span class='ocr_line' id='line_1_24' title="bbox 203 1920 1710 1979; baseline 0.003 -18"><span class='ocrx_word' id='word_1_195' title='bbox 203 1920 462 1962; x_wconf 77' lang='lat' dir='ltr'>Martianum</span> <span class='ocrx_word' id='word_1_196' title='bbox 496 1920 540 1977; x_wconf 87' lang='lat'>[1,</span> <span class='ocrx_word' id='word_1_197' title='bbox 569 1926 602 1973; x_wconf 93' lang='lat' dir='ltr'>l,</span> <span class='ocrx_word' id='word_1_198' title='bbox 626 1921 666 1978; x_wconf 88' lang='lat'>9]</span> <span class='ocrx_word' id='word_1_199' title='bbox 697 1926 846 1971; x_wconf 74' lang='lat' dir='ltr'>czcra&#39;s,</span> <span class='ocrx_word' id='word_1_200' title='bbox 881 1921 967 1979; x_wconf 79' lang='lat' dir='ltr'>[HL</span> <span class='ocrx_word' id='word_1_201' title='bbox 992 1926 1084 1975; x_wconf 88' lang='grc'>222,</span> <span class='ocrx_word' id='word_1_202' title='bbox 1110 1923 1177 1979; x_wconf 87' lang='grc'>32]</span> <span class='ocrx_word' id='word_1_203' title='bbox 1203 1927 1446 1974; x_wconf 41' lang='lat' dir='ltr'>promissis,</span> <span class='ocrx_word' id='word_1_204' title='bbox 1478 1923 1581 1964; x_wconf 90' lang='lat' dir='ltr'>alibi</span> <span class='ocrx_word' id='word_1_205' title='bbox 1614 1925 1710 1965; x_wconf 89' lang='lat' dir='ltr'>alia.</span> 
     </span>
     <span class='ocr_line' id='line_1_25' title="bbox 206 1989 1711 2046; baseline 0.003 -17"><span class='ocrx_word' id='word_1_206' title='bbox 206 1993 396 2030; x_wconf 87' lang='lat' dir='ltr'>ceterum</span> <span class='ocrx_word' id='word_1_207' title='bbox 436 1990 516 2030; x_wconf 84' lang='lat' dir='ltr'>etsi</span> <span class='ocrx_word' id='word_1_208' title='bbox 558 1989 826 2042; x_wconf 85' lang='lat' dir='ltr'>credibilest,</span> <span class='ocrx_word' id='word_1_209' title='bbox 871 1995 919 2032; x_wconf 81' lang='lat' dir='ltr'>ut</span> <span class='ocrx_word' id='word_1_210' title='bbox 951 1992 1161 2034; x_wconf 82' lang='lat' dir='ltr'>vitaretur</span> <span class='ocrx_word' id='word_1_211' title='bbox 1203 1992 1472 2046; x_wconf 83' lang='lat' dir='ltr'>ambiguum,</span> <span class='ocrx_word' id='word_1_212' title='bbox 1516 2007 1598 2034; x_wconf 88' lang='lat' dir='ltr'>non</span> <span class='ocrx_word' id='word_1_213' title='bbox 1641 2007 1711 2034; x_wconf 81' lang='lat' dir='ltr'>ex-</span> 
     </span>
     <span class='ocr_line' id='line_1_26' title="bbox 202 2057 1713 2114; baseline 0.003 -16"><span class='ocrx_word' id='word_1_214' title='bbox 202 2071 396 2111; x_wconf 84' lang='lat' dir='ltr'>pressam</span> <span class='ocrx_word' id='word_1_215' title='bbox 427 2057 681 2112; x_wconf 88' lang='lat' dir='ltr'>plerumque</span> <span class='ocrx_word' id='word_1_216' title='bbox 712 2059 929 2114; x_wconf 85' lang='lat' dir='ltr'>scriptura</span> <span class='ocrx_word' id='word_1_217' title='bbox 960 2060 1142 2101; x_wconf 86' lang='lat' dir='ltr'>formam</span> <span class='ocrx_word' id='word_1_218' title='bbox 1185 2060 1444 2111; x_wconf 74' lang='lat' dir='ltr'>breviatam,</span> <span class='ocrx_word' id='word_1_219' title='bbox 1487 2065 1630 2102; x_wconf 86' lang='lat' dir='ltr'>tamen</span> <span class='ocrx_word' id='word_1_220' title='bbox 1662 2075 1713 2102; x_wconf 86' lang='lat' dir='ltr'>ne</span> 
     </span>
     <span class='ocr_line' id='line_1_27' title="bbox 204 2126 1710 2183; baseline 0.002 -16"><span class='ocrx_word' id='word_1_221' title='bbox 204 2126 360 2168; x_wconf 87' lang='lat' dir='ltr'>diversi</span> <span class='ocrx_word' id='word_1_222' title='bbox 390 2126 562 2180; x_wconf 86' lang='lat' dir='ltr'>quidem</span> <span class='ocrx_word' id='word_1_223' title='bbox 592 2127 752 2169; x_wconf 89' lang='lat' dir='ltr'>moduli</span> <span class='ocrx_word' id='word_1_224' title='bbox 785 2129 981 2183; x_wconf 81' lang='lat' dir='ltr'>exempla</span> <span class='ocrx_word' id='word_1_225' title='bbox 1004 2129 1169 2171; x_wconf 81' lang='lat' dir='ltr'>desunt.</span> <span class='ocrx_word' id='word_1_226' title='bbox 1231 2130 1304 2180; x_wconf 88' lang='lat' dir='ltr'>ita,</span> <span class='ocrx_word' id='word_1_227' title='bbox 1335 2133 1383 2171; x_wconf 93' lang='lat' dir='ltr'>ut</span> <span class='ocrx_word' id='word_1_228' title='bbox 1414 2129 1500 2171; x_wconf 89' lang='lat' dir='ltr'>alia</span> <span class='ocrx_word' id='word_1_229' title='bbox 1530 2130 1710 2181; x_wconf 77' lang='lat' dir='ltr'>mitta-m,</span> 
     </span>
     <span class='ocr_line' id='line_1_28' title="bbox 204 2194 1712 2254; baseline 0.003 -19"><span class='ocrx_word' id='word_1_230' title='bbox 204 2195 419 2236; x_wconf 67' lang='lat' dir='ltr'>Catullum</span> <span class='ocrx_word' id='word_1_231' title='bbox 444 2194 526 2251; x_wconf 79' lang='lat'>[66,</span> <span class='ocrx_word' id='word_1_232' title='bbox 551 2194 618 2252; x_wconf 85' lang='lat'>27]</span> <span class='ocrx_word' id='word_1_233' title='bbox 651 2199 693 2237; x_wconf 88' lang='lat' dir='ltr'>et</span> <span class='ocrx_word' id='word_1_234' title='bbox 717 2197 998 2239; x_wconf 89' lang='lat' dir='ltr'>Octavianum</span> <span class='ocrx_word' id='word_1_235' title='bbox 1026 2197 1139 2254; x_wconf 83' lang='lat'>[204]</span> <span class='ocrx_word' id='word_1_236' title='bbox 1173 2197 1334 2249; x_wconf 89' lang='lat' dir='ltr'>eodem,</span> <span class='ocrx_word' id='word_1_237' title='bbox 1358 2211 1441 2251; x_wconf 89' lang='lat' dir='ltr'>quo</span> <span class='ocrx_word' id='word_1_238' title='bbox 1462 2199 1712 2252; x_wconf 85' lang='lat' dir='ltr'>pronuntia-</span> 
     </span>
     <span class='ocr_line' id='line_1_29' title="bbox 202 2263 1713 2321; baseline 0.003 -18"><span class='ocrx_word' id='word_1_239' title='bbox 202 2267 323 2314; x_wconf 85' lang='lat' dir='ltr'>runt,</span> <span class='ocrx_word' id='word_1_240' title='bbox 359 2263 489 2305; x_wconf 86' lang='lat' dir='ltr'>¹modo</span> <span class='ocrx_word' id='word_1_241' title='bbox 522 2264 743 2318; x_wconf 79' lang='lat' dir='ltr'>scripsisse</span> <span class='ocrx_word' id='word_1_242' title='bbox 773 2264 848 2307; x_wconf 90' lang='lat' dir='ltr'>illa</span> <span class='ocrx_word' id='word_1_243' title='bbox 885 2270 1083 2317; x_wconf 63' lang='lat' dir='ltr'>aclepm’.s·‚</span> <span class='ocrx_word' id='word_1_244' title='bbox 1116 2270 1361 2318; x_wconf 60' lang='lat' dir='ltr'>nanfi&#39;agsa&#39;s</span> <span class='ocrx_word' id='word_1_245' title='bbox 1389 2271 1571 2321; x_wconf 86' lang='lat' dir='ltr'>apparet</span> <span class='ocrx_word' id='word_1_246' title='bbox 1602 2267 1713 2318; x_wconf 82' lang='lat' dir='ltr'>inde,</span> 
     </span>
     <span class='ocr_line' id='line_1_30' title="bbox 202 2331 1423 2387; baseline 0.003 -15"><span class='ocrx_word' id='word_1_247' title='bbox 202 2331 317 2384; x_wconf 87' lang='lat' dir='ltr'>quod</span> <span class='ocrx_word' id='word_1_248' title='bbox 347 2331 601 2373; x_wconf 86' lang='lat' dir='ltr'>traditumst</span> <span class='ocrx_word' id='word_1_249' title='bbox 629 2333 867 2386; x_wconf 88' lang='lat' dir='ltr'>antiquitus</span> <span class='ocrx_word' id='word_1_250' title='bbox 900 2339 1073 2387; x_wconf 64' lang='lat' dir='ltr'>adefisus</span> <span class='ocrx_word' id='word_1_251' title='bbox 1104 2338 1146 2376; x_wconf 89' lang='lat' dir='ltr'>et</span> <span class='ocrx_word' id='word_1_252' title='bbox 1178 2339 1423 2386; x_wconf 68' lang='lat' dir='ltr'>naufraqus,</span> 
     </span>
    </p>

    <p class='ocr_par' dir='ltr' id='par_1_8' title="bbox 202 2399 1714 2862">
     <span class='ocr_line' id='line_1_31' title="bbox 316 2399 1712 2454; baseline 0.003 -14"><span class='ocrx_word' id='word_1_253' title='bbox 316 2399 465 2453; x_wconf 85' lang='lat' dir='ltr'>Neque</span> <span class='ocrx_word' id='word_1_254' title='bbox 506 2401 650 2454; x_wconf 87' lang='lat' dir='ltr'>inepte</span> <span class='ocrx_word' id='word_1_255' title='bbox 691 2401 773 2442; x_wconf 85' lang='lat' dir='ltr'>hoc</span> <span class='ocrx_word' id='word_1_256' title='bbox 813 2402 906 2444; x_wconf 90' lang='lat' dir='ltr'>loco</span> <span class='ocrx_word' id='word_1_257' title='bbox 951 2403 1003 2444; x_wconf 91' lang='lat' dir='ltr'>de</span> <span class='ocrx_word' id='word_1_258' title='bbox 1053 2403 1227 2444; x_wconf 87' lang='lat' dir='ltr'>minutis</span> <span class='ocrx_word' id='word_1_259' title='bbox 1270 2403 1438 2444; x_wconf 88' lang='lat' dir='ltr'>dicetur</span> <span class='ocrx_word' id='word_1_260' title='bbox 1482 2407 1568 2447; x_wconf 72' lang='lat' dir='ltr'>iste,</span> <span class='ocrx_word' id='word_1_261' title='bbox 1614 2407 1712 2454; x_wconf 71' lang='lat' dir='ltr'>ipse.</span> 
     </span>
     <span class='ocr_line' id='line_1_32' title="bbox 202 2468 1713 2527; baseline 0.003 -19"><span class='ocrx_word' id='word_1_262' title='bbox 202 2468 332 2521; x_wconf 77' lang='lat' dir='ltr'>igitur</span> <span class='ocrx_word' id='word_1_263' title='bbox 372 2470 483 2509; x_wconf 90' lang='lat' dir='ltr'>sicut</span> <span class='ocrx_word' id='word_1_264' title='bbox 514 2469 720 2511; x_wconf 81' lang='lat' dir='ltr'>Horatius</span> <span class='ocrx_word' id='word_1_265' title='bbox 762 2470 804 2512; x_wconf 87' lang='lat' dir='ltr'>in</span> <span class='ocrx_word' id='word_1_266' title='bbox 842 2471 1036 2525; x_wconf 90' lang='lat' dir='ltr'>epistulis</span> <span class='ocrx_word' id='word_1_267' title='bbox 1070 2471 1136 2527; x_wconf 71' lang='lat' dir='ltr'>[IL</span> <span class='ocrx_word' id='word_1_268' title='bbox 1170 2475 1206 2522; x_wconf 84' lang='lat'>2,</span> <span class='ocrx_word' id='word_1_269' title='bbox 1243 2470 1337 2527; x_wconf 83' lang='grc'>163]</span> <span class='ocrx_word' id='word_1_270' title='bbox 1372 2471 1481 2512; x_wconf 86' lang='lat' dir='ltr'>dixit</span> <span class='ocrx_word' id='word_1_271' title='bbox 1511 2475 1625 2512; x_wconf 79' lang='lat' dir='ltr'>modo</span> <span class='ocrx_word' id='word_1_272' title='bbox 1654 2479 1713 2512; x_wconf 52' lang='grc' dir='ltr'>κιο</span> 
     </span>
     <span class='ocr_line' id='line_1_33' title="bbox 202 2539 1714 2592; baseline 0.003 -16"><span class='ocrx_word' id='word_1_273' title='bbox 202 2549 279 2589; x_wconf 88' lang='lat' dir='ltr'>pro</span> <span class='ocrx_word' id='word_1_274' title='bbox 312 2540 400 2585; x_wconf 74' lang='lat' dir='ltr'>islo,</span> <span class='ocrx_word' id='word_1_275' title='bbox 440 2551 460 2577; x_wconf 85' lang='lat' dir='ltr'>e</span> <span class='ocrx_word' id='word_1_276' title='bbox 491 2544 575 2578; x_wconf 67' lang='lat' dir='ltr'>stoc</span> <span class='ocrx_word' id='word_1_277' title='bbox 606 2551 684 2590; x_wconf 84' lang='lat' dir='ltr'>pro</span> <span class='ocrx_word' id='word_1_278' title='bbox 717 2551 765 2579; x_wconf 93' lang='lat' dir='ltr'>eo</span> <span class='ocrx_word' id='word_1_279' title='bbox 799 2539 913 2592; x_wconf 87' lang='lat' dir='ltr'>quod</span> <span class='ocrx_word' id='word_1_280' title='bbox 947 2544 1012 2581; x_wconf 87' lang='lat' dir='ltr'>est</span> <span class='ocrx_word' id='word_1_281' title='bbox 1053 2555 1104 2581; x_wconf 66' lang='lat' dir='ltr'>ea:</span> <span class='ocrx_word' id='word_1_282' title='bbox 1135 2544 1235 2582; x_wconf 73' lang='lat' dir='ltr'>istoc</span> <span class='ocrx_word' id='word_1_283' title='bbox 1274 2539 1408 2581; x_wconf 87' lang='lat' dir='ltr'>habes</span> <span class='ocrx_word' id='word_1_284' title='bbox 1447 2540 1489 2581; x_wconf 89' lang='lat' dir='ltr'>in</span> <span class='ocrx_word' id='word_1_285' title='bbox 1522 2539 1714 2581; x_wconf 81' lang='lat' dir='ltr'>versibus</span> 
     </span>
     <span class='ocr_line' id='line_1_34' title="bbox 204 2604 1713 2664; baseline 0.001 -19"><span class='ocrx_word' id='word_1_286' title='bbox 204 2604 356 2646; x_wconf 80' lang='lat' dir='ltr'>Lucilii</span> <span class='ocrx_word' id='word_1_287' title='bbox 404 2605 585 2647; x_wconf 87' lang='lat' dir='ltr'>servatis</span> <span class='ocrx_word' id='word_1_288' title='bbox 634 2619 659 2646; x_wconf 86' lang='lat' dir='ltr'>a</span> <span class='ocrx_word' id='word_1_289' title='bbox 701 2605 838 2648; x_wconf 89' lang='lat' dir='ltr'>Nonio</span> <span class='ocrx_word' id='word_1_290' title='bbox 881 2622 911 2649; x_wconf 86' lang='lat' dir='ltr'>s.</span> <span class='ocrx_word' id='word_1_291' title='bbox 940 2608 965 2648; x_wconf 94' lang='lat' dir='ltr'>l.</span> <span class='ocrx_word' id='word_1_292' title='bbox 1011 2607 1172 2662; x_wconf 76' lang='lat' dir='ltr'>‘poesis</span> <span class='ocrx_word' id='word_1_293' title='bbox 1212 2612 1254 2650; x_wconf 90' lang='lat' dir='ltr'>et</span> <span class='ocrx_word' id='word_1_294' title='bbox 1293 2605 1462 2662; x_wconf 86' lang='lat' dir='ltr'>poema’</span> <span class='ocrx_word' id='word_1_295' title='bbox 1515 2608 1570 2664; x_wconf 82' lang='lat' dir='ltr'>[p.</span> <span class='ocrx_word' id='word_1_296' title='bbox 1602 2608 1713 2664; x_wconf 71' lang='lat' dir='ltr'>42Sj,</span> 
     </span>
     <span class='ocr_line' id='line_1_35' title="bbox 205 2673 1713 2730; baseline 0.003 -17"><span class='ocrx_word' id='word_1_297' title='bbox 205 2686 312 2725; x_wconf 90' lang='lat' dir='ltr'>quos</span> <span class='ocrx_word' id='word_1_298' title='bbox 336 2673 586 2715; x_wconf 82' lang='lat' dir='ltr'>emendatos</span> <span class='ocrx_word' id='word_1_299' title='bbox 609 2674 797 2717; x_wconf 77' lang='lat' dir='ltr'>adscribi</span> <span class='ocrx_word' id='word_1_300' title='bbox 819 2676 995 2730; x_wconf 88' lang='lat' dir='ltr'>placuit,</span> <span class='ocrx_word' id='word_1_301' title='bbox 1028 2681 1076 2718; x_wconf 89' lang='lat' dir='ltr'>ut</span> <span class='ocrx_word' id='word_1_302' title='bbox 1097 2691 1181 2718; x_wconf 85' lang='lat' dir='ltr'>non</span> <span class='ocrx_word' id='word_1_303' title='bbox 1204 2677 1294 2718; x_wconf 86' lang='lat' dir='ltr'>sine</span> <span class='ocrx_word' id='word_1_304' title='bbox 1315 2691 1470 2730; x_wconf 80' lang='lat' dir='ltr'>magna</span> <span class='ocrx_word' id='word_1_305' title='bbox 1493 2678 1713 2730; x_wconf 81' lang='lat' dir='ltr'>voluptate</span> 
     </span>
     <span class='ocr_line' id='line_1_36' title="bbox 204 2741 1713 2798; baseline 0.003 -17"><span class='ocrx_word' id='word_1_306' title='bbox 204 2741 404 2794; x_wconf 80' lang='lat' dir='ltr'>vulgatae</span> <span class='ocrx_word' id='word_1_307' title='bbox 445 2742 692 2785; x_wconf 86' lang='lat' dir='ltr'>traditionis</span> <span class='ocrx_word' id='word_1_308' title='bbox 734 2744 981 2787; x_wconf 88' lang='lat' dir='ltr'>scabritiem</span> <span class='ocrx_word' id='word_1_309' title='bbox 1014 2759 1108 2786; x_wconf 79' lang='lat' dir='ltr'>cun]</span> <span class='ocrx_word' id='word_1_310' title='bbox 1142 2745 1222 2787; x_wconf 84' lang='lat' dir='ltr'>hoc</span> <span class='ocrx_word' id='word_1_311' title='bbox 1252 2746 1392 2787; x_wconf 85' lang='lat' dir='ltr'>nitore</span> <span class='ocrx_word' id='word_1_312' title='bbox 1422 2759 1570 2798; x_wconf 79' lang='lat' dir='ltr'>posses</span> <span class='ocrx_word' id='word_1_313' title='bbox 1603 2759 1713 2786; x_wconf 86' lang='lat' dir='ltr'>com·</span> 
     </span>
     <span class='ocr_line' id='line_1_37' title="bbox 204 2812 873 2862; baseline 0.006 -12"><span class='ocrx_word' id='word_1_314' title='bbox 204 2822 373 2862; x_wconf 86' lang='lat' dir='ltr'>parare.</span> <span class='ocrx_word' id='word_1_315' title='bbox 435 2815 533 2852; x_wconf 83' lang='lat' dir='ltr'>sunt</span> <span class='ocrx_word' id='word_1_316' title='bbox 564 2815 708 2853; x_wconf 86' lang='lat' dir='ltr'>autem</span> <span class='ocrx_word' id='word_1_317' title='bbox 741 2812 873 2854; x_wconf 86' lang='lat' dir='ltr'>tales:</span> 
     </span>
    </p>
   </div>
   <div class='ocr_carea' id='block_1_7' title="bbox 412 2903 1485 3006">
    <p class='ocr_par' dir='ltr' id='par_1_9' title="bbox 412 2903 1485 3006">
     <span class='ocr_line' id='line_1_38' title="bbox 412 2903 1485 2948; baseline 0.003 -14"><span class='ocrx_word' id='word_1_318' title='bbox 412 2913 506 2935; x_wconf 81' lang='lat' dir='ltr'>nunc</span> <span class='ocrx_word' id='word_1_319' title='bbox 533 2903 622 2937; x_wconf 73' lang='lat' dir='ltr'>haee</span> <span class='ocrx_word' id='word_1_320' title='bbox 651 2904 736 2947; x_wconf 78' lang='lat' dir='ltr'>quid</span> <span class='ocrx_word' id='word_1_321' title='bbox 764 2904 907 2938; x_wconf 74' lang='lat' dir='ltr'>valeant</span> <span class='ocrx_word' id='word_1_322' title='bbox 933 2904 1064 2948; x_wconf 81' lang='lat' dir='ltr'>quidve</span> <span class='ocrx_word' id='word_1_323' title='bbox 1091 2905 1173 2938; x_wconf 62' lang='lat' dir='ltr'>hui&lt;n</span> <span class='ocrx_word' id='word_1_324' title='bbox 1201 2905 1369 2939; x_wconf 73' lang='lat' dir='ltr'>intel-siet</span> <span class='ocrx_word' id='word_1_325' title='bbox 1398 2905 1485 2938; x_wconf 83' lang='lat' dir='ltr'>illud</span> 
     </span>
     <span class='ocr_line' id='line_1_39' title="bbox 412 2961 1415 3006; baseline 0.004 -15"><span class='ocrx_word' id='word_1_326' title='bbox 412 2970 624 3003; x_wconf 77' lang='lat' dir='ltr'>cognosces.</span> <span class='ocrx_word' id='word_1_327' title='bbox 677 2961 834 3004; x_wconf 84' lang='lat' dir='ltr'>primum</span> <span class='ocrx_word' id='word_1_328' title='bbox 862 2961 960 3005; x_wconf 80' lang='lat' dir='ltr'>quod</span> <span class='ocrx_word' id='word_1_329' title='bbox 986 2961 1140 2995; x_wconf 77' lang='lat' dir='ltr'>dicimus</span> <span class='ocrx_word' id='word_1_330' title='bbox 1167 2974 1245 2997; x_wconf 77' lang='lat' dir='ltr'>esse</span> <span class='ocrx_word' id='word_1_331' title='bbox 1274 2973 1415 3006; x_wconf 85' lang='lat' dir='ltr'>poema,</span> 
     </span>
    </p>
   </div>
  </div>
 </body>
</html>
