1898 3292
222 212 303 252 258
819 221 938 246 LIBER
956 220 1131 246 'rnnfrnrs

220 324 335 378 quod
378 323 538 377 legitur
583 323 697 377 apud
739 324 919 365 Aratum
964 325 1007 365 in
1055 324 1137 364 fine
1178 337 1325 365 versus
1371 326 1510 367 ἵππου
1551 325 1729 380 κρήνης,

219 395 345 436 unius
387 392 493 433 illud
533 396 598 433 est
636 393 775 434 instar
815 393 1035 443 vocabuli,
1077 392 1189 434 unde
1233 393 1362 433 etiam
1405 406 1430 432 a
1473 392 1728 436 Germanico

219 462 394 516 ponitur
444 461 487 501 in
538 461 665 502 metri
712 461 905 503 clausula
952 462 1084 516 [221]
1157 463 1347 502 ceterum
1397 460 1511 514 apud
1552 461 1729 504 Latinos

221 545 316 572 cum
356 543 409 571 ne
448 530 591 584 specie
630 529 802 583 quidem
834 543 884 570 ac
916 529 1146 571 simulacro
1180 529 1368 570 existant
1399 542 1424 569 a
1455 543 1630 571 normae
1658 530 1728 572 fir-

219 599 370 640 mitate
404 598 561 649 aliena,
603 602 765 649 tamen,
807 598 1099 651 grammaticis
1131 596 1389 650 quibusdam
1422 597 1457 638 si
1489 598 1654 650 credes,
1688 603 1729 641 et

220 667 414 710 Catullus
445 670 487 708 et
518 666 733 720 Vergilius
766 670 809 708 et
851 667 945 720 quis
983 667 1100 708 non?
1145 667 1252 707 istos
1293 679 1492 707 numeros
1534 680 1727 721 compro-

219 737 391 779 barunt.
454 735 585 776 veluti
621 735 839 776 Vahlenus
877 735 1011 776 Ennio
1055 735 1186 776 taleni
1231 734 1431 775 attribuit
1472 735 1728 778 versiculum

219 806 340 860 [126]
396 803 699 854 ‘Floralemque
745 807 958 845 Falacrem
1013 810 1052 844 et
1093 806 1343 844 Pomonalem
1388 806 1492 854 sece'l
1505 802 1530 845 ⁷.
1599 818 1729 858 porro

220 873 483 915 Ribbeckius
515 873 556 913 in
589 872 992 923 Emendationibus,
1025 885 1132 925 quas
1161 871 1345 920 vocavit,
1380 871 1636 924 Vergilianis
1675 899 1730 903 -

222 956 297 984 eae
336 956 371 982 a.
409 945 515 982 1858
549 941 791 983 Ienensium
831 940 1126 982 saecularibus
1167 939 1424 981 academicis
1467 940 1636 982 dicatae
1675 967 1730 972 —

218 1012 332 1052 hunc
355 1009 522 1051 addidit
544 1009 712 1051 Maroni
735 1010 846 1064 [aen.
869 1010 941 1060 IX,
966 1010 1037 1063 66]
1071 1008 1420 1063 spondiazontem
1447 1007 1546 1059 ‘quo
1569 1017 1730 1061 temple(

218 1083 381 1122 ratione
413 1082 549 1121 aditus
583 1086 620 1119 et
660 1094 740 1130 qua
772 1083 808 1120 m'
838 1076 1038 1120 elonsos’.
1100 1091 1202 1120 sane
1245 1077 1403 1119 similes
1444 1078 1569 1119 Marii
1603 1079 1729 1120 Plotii

219 1149 306 1203 [pg.
330 1152 441 1190 2630
469 1148 549 1201 sq]
580 1147 645 1189 vel
678 1147 892 1188 Aldhelmi
922 1148 1008 1202 [pg.
1034 1150 1115 1189 236
1139 1161 1229 1200 sqq.
1261 1146 1323 1187 ed.
1355 1146 1503 1201 Giles]
1532 1147 1730 1189 feruntur

218 1231 399 1259 errores.

336 1285 474 1339 Igitur
520 1284 635 1339 apud
682 1285 885 1326 classicos
929 1287 1081 1337 poetas
1128 1297 1212 1324 non
1258 1284 1394 1336 magis
1440 1298 1568 1337 quam
1615 1285 1729 1338 apud

221 1354 479 1396 christianos
509 1353 784 1395 inveniuntur
815 1367 963 1394 versus
994 1352 1117 1403 tales,
1148 1352 1230 1393 nisi
1260 1352 1390 1394 semel
1421 1353 1463 1393 in
1498 1353 1731 1407 Apotheosi

219 1423 442 1465 Prudentii
477 1422 618 1477 [266]:

493 1503 590 1537 ultra
616 1502 839 1547 principium
868 1501 957 1535 deus
982 1501 1100 1546 egerit
1124 1504 1187 1535 aut
1213 1512 1283 1545 (1110
1310 1504 1432 1545 pacto.

218 1573 262 1614 id
305 1576 449 1614 tamen
489 1571 588 1612 inde
632 1571 766 1612 habet
802 1571 988 1621 veniam,
1036 1570 1149 1624 quod
1194 1573 1243 1611 ut
1283 1569 1470 1612 formula
1513 1571 1555 1610 in
1598 1585 1728 1612 unum

220 1641 380 1682 coaluit
411 1639 587 1682 verbum
628 1639 734 1680 illud
775 1654 852 1690 quo
887 1646 1025 1690 paolo.
1087 1638 1251 1680 scilicet
1291 1638 1373 1679 hoc
1404 1643 1597 1680 veterum
1635 1640 1728 1693 plu—

217 1710 325 1751 rimo
358 1724 440 1750 usu
470 1709 552 1750 fuit
582 1709 752 1760 tritum,
795 1722 889 1749 cum
930 1721 1014 1748 non
1045 1707 1224 1761 perinde
1254 1707 1447 1761 placeret
1476 1707 1603 1749 medii
1636 1708 1729 1749 aevi

219 1778 425 1830 librariis,
461 1778 534 1831 qui
566 1777 798 1831 aliquando
830 1790 908 1831 per
937 1776 1228 1830 ignorantiam
1259 1776 1568 1831 depravarunt,
1610 1780 1657 1817 ut
1686 1777 1728 1817 in

218 1848 541 1902 epigrammate,
574 1846 689 1900 quod
721 1847 766 1897 Q.
800 1846 994 1887 Ciceroni
1026 1844 1290 1887 adscribitur
1319 1845 1446 1899 vulgo
1478 1845 1520 1900 [3
1554 1846 1656 1900 sq.]:

492 1926 627 1961 semina
652 1926 751 1960 nulla
776 1926 918 1969 bonast,
944 1925 1001 1959 vel
1026 1925 1055 1958 si
1081 1926 1178 1959 bona
1204 1925 1361 1969 contigit
1387 1925 1470 1968 ulla,

491 1984 691 2028 nescioquo
714 1986 824 2028 pacto
849 1994 906 2017 res
932 1983 1026 2017 mala
1051 1983 1148 2017 facta
1172 1983 1279 2017 bona.

215 2053 288 2095 ubi
332 2052 500 2094 codices
540 2052 704 2094 habent
745 2055 881 2094 nescio
922 2066 998 2102 quo
1030 2056 1134 2103 s'olo.
1178 2076 1231 2081 —
1275 2054 1464 2092 ceterum
1504 2051 1728 2093 Prudentii

216 2121 410 2176 exemplo
453 2135 537 2163 non
570 2120 699 2163 credo
735 2134 862 2174 posse
891 2120 1062 2162 defendi
1095 2120 1283 2162 Lucretii
1316 2122 1498 2161 metrum
1530 2120 1617 2162 tale
1659 2121 1729 2175 [IL

217 2191 344 2246 309]:

310 2255 313 2259 ’
492 2247 613 2282 omnia
638 2257 721 2280 cum
747 2258 870 2280 rerum
894 2246 1097 2291 primordia
1121 2246 1194 2280 sint
1218 2246 1255 2280 in
1280 2249 1394 2289 motu,

216 2316 330 2370 quod
360 2315 647 2370 probabiliter
668 2315 971 2357 Lachmannus
1001 2315 1257 2356 traiectione
1287 2329 1388 2356 usus
1417 2314 1725 2356 vocabulorum

215 2385 439 2426 constituit
479 2385 541 2426 ita
583 2385 668 2440 [pg.
705 2384 825 2439 110]:
867 2387 1000 2425 omnia
1030 2397 1115 2425 cum
1150 2387 1232 2424 sint
1271 2386 1311 2424 ‘in
1353 2390 1459 2424 motu
1494 2386 1726 2434 primordia

212 2467 363 2495 rerum.

328 2522 419 2563 Iam
462 2521 505 2562 in
545 2521 806 2574 pentametri
846 2520 1025 2562 alterius
1065 2520 1203 2574 partis
1244 2520 1327 2561 fine
1370 2519 1563 2561 Catullus
1610 2520 1726 2573 quod

213 2590 350 2632 noluit
386 2602 478 2631 esse
511 2589 725 2630 diversam
753 2589 1057 2631 multo‘artem
1090 2602 1219 2641 quam
1247 2588 1290 2629 in
1321 2588 1497 2642 prioris,
1526 2601 1611 2629 non
1642 2588 1725 2630 erit

211 2659 365 2699 mirum
399 2657 701 2712 reputantibus
724 2657 941 2699 Ciceronis
964 2657 1134 2698 demum
1169 2660 1312 2698 aetate
1342 2656 1608 2698 increbuisse
1638 2670 1722 2697 me-

211 2727 269 2767 tri
310 2726 489 2780 elegiaci
524 2740 661 2767 usum.
723 2726 882 2767 similes
923 2729 1067 2767 autem
1100 2725 1228 2766 huius
1271 2724 1572 2775 distichorum,
1612 2738 1722 2779 quae

212 2798 312 2836 sunt
342 2795 384 2836 in
419 2794 530 2836 libro
563 2793 672 2838 κατὰ
707 2793 889 2844 λεπτόν,
934 2797 1134 2835 auctores
1164 2807 1214 2834 ac
1246 2793 1496 2847 Propertius
1527 2793 1570 2834 in
1600 2792 1722 2834 libris

211 2863 428 2916 prioribus
471 2862 622 2904 tribus.
685 2865 729 2903 at
769 2862 923 2904 diversi
955 2863 1136 2904 multum
1168 2861 1362 2904 Tibullus
1395 2866 1438 2903 et
1467 2861 1642 2903 Ovidius
1672 2874 1722 2902 ac

211 2945 309 2972 mox
341 2931 685 2985 elegantissimus
718 2931 899 2984 quisque
938 2935 1090 2972 auctor
1128 2930 1314 2972 iambico
1354 2930 1624 2984 potissimum
1656 2929 1721 2970 vel
