1898 3292
186 176 198 213 1
212 177 262 212 56
759 185 877 209 LrBER
896 185 1108 209 secvnnvs.

181 287 377 327 similiter
409 287 449 326 in
490 286 602 335 aliis,
646 287 845 340 quoniam
890 301 972 327 non
1014 286 1068 327 sit
1099 287 1229 327 moris
1260 287 1302 326 111
1335 287 1486 339 quinta
1517 288 1689 339 regione

179 370 327 397 versus
359 355 520 397 heroici
554 370 714 409 ponere
749 355 997 408 spondeum.

294 426 504 475 Quartum
537 424 688 477 pedem
723 423 981 478 dactylicum
1014 423 1303 477 optinendum,
1337 424 1371 465 si
1393 425 1613 478 proximus
1637 425 1691 464 sit

180 493 412 547 spondeus,
456 507 588 546 supra
627 493 713 533 iam
756 492 952 533 indicavi.
1015 506 1143 545 quam
1185 506 1377 532 normam
1420 497 1592 533 secutus
1627 498 1692 533 est

181 561 405 603 Lucretius
444 561 636 616 [Lachm.
667 576 706 615 p.
741 561 850 614 150}
920 565 965 601 at
1007 561 1118 601 enim
1165 561 1358 602 Catullus
1405 566 1447 602 et
1492 567 1690 603 cantores

181 630 467 683 Euphorionis
509 644 587 670 nec
624 630 666 670 in
697 629 779 670 hac
810 632 934 683 parte
964 630 1216 682 peregrinae
1247 630 1517 671 immemores
1547 644 1690 671 aemu-

178 699 351 740 lationis
383 713 466 740 non
499 712 597 739 raro
629 702 671 739 et
700 702 899 751 quartam
924 697 1066 739 sedem
1093 697 1231 738 fecero
1255 698 1543 752 spondiacam,
1577 699 1691 752 quod

180 768 393 821 Vergilius
425 771 470 809 et
500 766 675 808 Ovidius
706 766 935 807 ambitioso
968 767 1185 808 retinuere
1225 767 1387 818 studio,
1430 782 1690 821 quamquam

179 837 409 878 rarissime.
472 836 574 889 quin
613 849 664 876 ne
697 835 804 876 Ciris
844 835 1014 888 quidem
1048 840 1199 876 auctor
1232 836 1471 889 promiscue
1505 836 1689 877 admisit.

178 920 276 946 nam
322 904 436 958 quod
474 904 689 945 invenitur
733 904 848 958 apud
883 904 997 945 hunc
1038 905 1157 959 [474]
1210 903 1449 946 ‘Nereidum
1491 909 1612 946 matre?
1655 914 1692 946 et

179 978 364 1025 Neptuno
396 970 597 1025 Aeqaeo’,
644 986 728 1013 11011
771 976 835 1013 est
877 973 1011 1026 ipsius
1053 987 1211 1024 versus,
1245 973 1317 1014 sed
1361 974 1537 1027 Vergilii
1579 975 1688 1029 [aen.

177 1043 250 1093 III,
284 1043 367 1097 74].
430 1056 576 1083 verum
620 1042 833 1082 enimvero
876 1056 927 1082 ex
969 1042 1295 1095 insequentibus
1328 1042 1466 1095 poetis
1499 1042 1690 1084 classicis

179 1126 301 1152 nemo
340 1111 453 1152 idem
496 1125 624 1152 ausus
664 1115 738 1152 est.
801 1125 898 1151 nam
938 1111 1051 1163 quod
1097 1111 1226 1152 semel
1257 1111 1391 1152 habes
1425 1111 1540 1164 apud
1572 1111 1690 1152 Iuve-

179 1180 318 1221 nalem
350 1179 392 1220 in
424 1179 497 1220 fini
532 1193 677 1220 versus
709 1180 765 1234 [5‚
802 1180 872 1234 38]
918 1178 1177 1230 ‘inaequales
1209 1177 1403 1228 berullo',
1445 1179 1620 1220 satirica
1648 1180 1691 1220 id

177 1248 352 1290 licentia
386 1252 629 1289 excusatur.
681 1252 726 1289 at
758 1262 780 1289 e
813 1248 1058 1289 christianis
1091 1247 1350 1289 Prudentius
1383 1263 1551 1302 semper
1582 1249 1690 1302 pede

179 1321 334 1371 quarto
357 1317 489 1358 habet
511 1316 739 1371 dactylum.
794 1331 904 1370 quae
927 1317 1138 1369 migratur
1160 1316 1393 1357 identidem
1417 1317 1692 1358 observantia

179 1386 233 1427 ab
269 1386 447 1436 Avieno,
479 1386 682 1434 Iuvenco,
717 1385 913 1435 Paulino,
946 1386 1174 1439 Drepanio.
1236 1386 1365 1427 medii
1399 1386 1611 1426 Ausonius
1651 1390 1692 1426 et

179 1454 395 1505 Sidonius,
442 1454 514 1508 qui
560 1453 738 1507 singulis
781 1454 974 1495 versibus
1017 1455 1207 1507 regulam
1253 1454 1535 1495 deseruerunt
1575 1454 1691 1495 hisce

179 1524 319 1578 [epist.
343 1528 380 1569 4,
406 1523 476 1578 55]
513 1522 708 1564 ‘nodosas
732 1530 873 1574 pestes
907 1527 1153 1564 αηὶηιαηίῑιηι
1186 1521 1451 1564 Nerinorzmc’
1489 1527 1530 1564 et
1562 1537 1691 1576 porro

179 1593 327 1647 [carm.
363 1596 398 1643 7,
431 1593 503 1647 80]
548 1591 698 1644 ‘Sylla‚
732 1595 974 1644 Asiagsenes,
1015 1594 1182 1641 Curius,
1225 1596 1397 1640 Paulus,
1440 1589 1690 1643 Pompeius&

178 1661 388 1702 hactenus
421 1661 472 1702 de
503 1661 665 1702 heroici
697 1675 844 1702 versus
880 1660 1071 1713 pedibus.

294 1730 506 1783 Deinceps
548 1729 591 1770 111
631 1730 891 1783 pentametri
932 1730 1214 1783 posteriorem
1252 1734 1419 1783 partem
1455 1729 1691 1784 spondeum

179 1798 408 1839 admittere
431 1813 483 1839 110
507 1798 838 1840 christianorum
864 1798 1032 1852 quidem
1065 1803 1291 1852 poetarum
1325 1798 1474 1849 ultimi,
1509 1813 1688 1852 quorum

180 1881 258 1921 ego
290 1867 425 1909 libros
457 1867 653 1920 legerim,
697 1868 950 1909 sustinuere.
1014 1881 1274 1921 quamquam
1309 1872 1350 1908 et
1380 1867 1462 1908 hoc
1491 1867 1691 1909 licentiae

180 1941 222 1977 et
262 1936 364 1990 quid
407 1940 521 1977 non?
582 1937 796 1978 invenitur
836 1936 878 1977 in
915 1936 1131 1990 lapidibus
1174 1936 1401 1990 inscriptis.
1464 1937 1506 1976 in
1548 1936 1691 1989 priore

179 2005 452 2046 hemistichio
484 2005 600 2046 haud
634 2005 860 2046 obscuram
893 2004 946 2046 ob
977 2019 1150 2046 causam
1174 2019 1225 2046 ea
1246 2005 1561 2058 perfectissima
1583 2005 1690 2046 iudi-

180 2078 303 2115 catur
335 2074 517 2128 species,
551 2088 637 2127 qua
666 2074 787 2115 initio
818 2073 1014 2128 dactylus
1047 2073 1298 2125 collocetur,
1331 2073 1532 2128 deinceps
1564 2088 1689 2128 spon-

180 2143 284 2185 deus
315 2143 470 2184 veluti:

455 2211 504 2245 nil
532 2211 620 2245 mihi
646 2212 848 2255 rescribas,
873 2215 1034 2245 attamen
1060 2212 1138 2256 ipse
1163 2212 1266 2255 veni,

180 2280 297 2333 quali
338 2285 475 2321 metro
517 2284 560 2322 et
590 2280 785 2322 Tibullus
828 2280 986 2334 elegias
1027 2294 1126 2321 suas
1168 2285 1210 2321 et
1249 2280 1424 2322 Ovidius
1454 2280 1689 2322 Heroidum

180 2348 336 2390 librum
366 2348 596 2400 incohavit,
628 2363 706 2390 nec
739 2349 876 2390 minus
909 2350 1053 2391 Artem
1089 2353 1130 2390 et
1160 2349 1252 2390 Ibin
1287 2349 1535 2402 Fastosque.

294 2417 427 2457 Porro
459 2417 501 2457 111
531 2421 784 2458 tetrametro
815 2431 899 2458 non
923 2418 1176 2459 catalectico
1199 2417 1311 2459 hauc
1332 2416 1484 2459 haberi
1507 2417 1688 2458 formam

180 2486 399 2539 optimam,
431 2485 570 2539 qualis
602 2491 667 2527 est
698 2487 818 2541 [Hor.
852 2500 884 2527 c.
917 2486 948 2536 I,
982 2490 1019 2536 4,
1056 2487 1118 2541 1]:

454 2560 607 2594 solvitur
632 2560 726 2594 acris
753 2561 897 2605 hiemps
923 2564 1028 2605 grata
1053 2561 1134 2595 vice

180 2627 221 2663 et
252 2623 492 2664 hexametri
526 2623 804 2665 similitudine
846 2628 1167 2665 demonstratur
1207 2628 1250 2665 et
1281 2623 1460 2665 mirifico
1494 2624 1687 2677 exemplo

179 2691 413 2732 Prudentii.
462 2707 560 2732 nam
592 2692 627 2733 is
655 2693 697 2732 in
732 2692 993 2733 archilochio
1026 2692 1102 2733 tali
1134 2693 1244 2746 [peri
1278 2693 1414 2746 steph.
1442 2696 1513 2744 123
1539 2693 1629 2747 13]:

454 2766 606 2800 solvitur
632 2762 731 2800 acris
751 2766 894 2810 hiemps
919 2769 1024 2810 grata
1049 2766 1129 2800 vice
1154 2767 1249 2800 veris
1275 2770 1313 2801 et
1340 2766 1478 2800 Favoni

179 2842 228 2868 eo
261 2842 514 2881 progressus
548 2833 612 2870 est
644 2843 790 2878 curae,
830 2833 878 2870 ut
916 2829 957 2869 in
990 2828 1184 2869 versibus
1216 2828 1350 2869 ferme
1383 2829 1491 2871 CXL
1520 2843 1689 2883 semper

179 2910 271 2938 eam
304 2911 509 2949 normam,
542 2912 670 2952 quam
700 2897 825 2939 modo
859 2897 1088 2949 declaravi,
1120 2902 1385 2952 sequeretur.
