<?xml version="1.0" encoding="UTF-8"?>
<!DOCTYPE html PUBLIC "-//W3C//DTD XHTML 1.0 Transitional//EN"
    "http://www.w3.org/TR/xhtml1/DTD/xhtml1-transitional.dtd">
<html xmlns="http://www.w3.org/1999/xhtml" xml:lang="en" lang="en">
 <head>
  <title>
</title>
<meta http-equiv="Content-Type" content="text/html;charset=utf-8" />
  <meta name='ocr-system' content='tesseract 3.04.00' />
  <meta name='ocr-capabilities' content='ocr_page ocr_carea ocr_par ocr_line ocrx_word'/>
</head>
<body>
  <div class='ocr_page' id='page_1' title='image "./deremetricapoeta00mluoft_0584.png"; bbox 0 0 1898 3292; ppageno 0'>
   <div class='ocr_carea' id='block_1_1' title="bbox 258 196 1160 234">
    <p class='ocr_par' dir='ltr' id='par_1_1' title="bbox 258 196 1160 234">
     <span class='ocr_line' id='line_1_1' title="bbox 258 196 1160 234; baseline -0.002 0"><span class='ocrx_word' id='word_1_1' title='bbox 258 196 339 234; x_wconf 82' lang='lat'>558</span> <span class='ocrx_word' id='word_1_2' title='bbox 867 205 1102 231; x_wconf 76' lang='lat' dir='ltr'><strong>OPVSOVLVM</strong></span> <span class='ocrx_word' id='word_1_3' title='bbox 1120 207 1160 232; x_wconf 88' lang='lat'>11.</span> 
     </span>
    </p>
   </div>
   <div class='ocr_carea' id='block_1_2' title="bbox 241 306 1761 2967">
    <p class='ocr_par' dir='ltr' id='par_1_2' title="bbox 248 306 1761 1458">
     <span class='ocr_line' id='line_1_2' title="bbox 256 306 1760 363; baseline 0.003 -16"><span class='ocrx_word' id='word_1_4' title='bbox 256 309 394 347; x_wconf 89' lang='lat' dir='ltr'>tatum</span> <span class='ocrx_word' id='word_1_5' title='bbox 434 306 673 348; x_wconf 82' lang='lat' dir='ltr'>reverentia</span> <span class='ocrx_word' id='word_1_6' title='bbox 715 306 1050 361; x_wconf 80' lang='lat' dir='ltr'>haudquaquam</span> <span class='ocrx_word' id='word_1_7' title='bbox 1095 312 1238 349; x_wconf 89' lang='lat' dir='ltr'>tamen</span> <span class='ocrx_word' id='word_1_8' title='bbox 1282 309 1447 362; x_wconf 75' lang='lat' dir='ltr'>optinet</span> <span class='ocrx_word' id='word_1_9' title='bbox 1492 311 1760 363; x_wconf 78' lang='lat' dir='ltr'><strong>grammatici</strong></span> 
     </span>
     <span class='ocr_line' id='line_1_3' title="bbox 255 375 1761 429; baseline 0.003 -14"><span class='ocrx_word' id='word_1_10' title='bbox 255 378 457 416; x_wconf 87' lang='lat' dir='ltr'>accentus</span> <span class='ocrx_word' id='word_1_11' title='bbox 498 375 791 426; x_wconf 86' lang='lat' dir='ltr'>observantia,</span> <span class='ocrx_word' id='word_1_12' title='bbox 833 376 985 417; x_wconf 88' lang='lat' dir='ltr'>deinde</span> <span class='ocrx_word' id='word_1_13' title='bbox 1028 377 1128 429; x_wconf 88' lang='lat' dir='ltr'>quia</span> <span class='ocrx_word' id='word_1_14' title='bbox 1171 377 1340 418; x_wconf 90' lang='lat' dir='ltr'>omnino</span> <span class='ocrx_word' id='word_1_15' title='bbox 1386 377 1602 419; x_wconf 89' lang='lat' dir='ltr'>nonlicet</span> <span class='ocrx_word' id='word_1_16' title='bbox 1633 379 1761 419; x_wconf 88' lang='lat' dir='ltr'>certis</span> 
     </span>
     <span class='ocr_line' id='line_1_4' title="bbox 254 442 1759 499; baseline 0.001 -16"><span class='ocrx_word' id='word_1_17' title='bbox 254 442 396 496; x_wconf 90' lang='lat' dir='ltr'>legum</span> <span class='ocrx_word' id='word_1_18' title='bbox 425 443 721 484; x_wconf 81' lang='lat' dir='ltr'>circumscribi</span> <span class='ocrx_word' id='word_1_19' title='bbox 742 443 910 495; x_wconf 87' lang='lat' dir='ltr'>finibus,</span> <span class='ocrx_word' id='word_1_20' title='bbox 944 458 1054 498; x_wconf 85' lang='lat' dir='ltr'>quae</span> <span class='ocrx_word' id='word_1_21' title='bbox 1079 446 1332 499; x_wconf 88' lang='lat' dir='ltr'>contemptis</span> <span class='ocrx_word' id='word_1_22' title='bbox 1365 446 1561 487; x_wconf 90' lang='lat' dir='ltr'>oriuntur</span> <span class='ocrx_word' id='word_1_23' title='bbox 1589 447 1759 499; x_wconf 85' lang='lat' dir='ltr'>regulis.</span> 
     </span>
     <span class='ocr_line' id='line_1_5' title="bbox 255 510 1760 568; baseline 0.003 -17"><span class='ocrx_word' id='word_1_24' title='bbox 255 536 306 539; x_wconf 97' lang='lat'><strong>—</strong></span> <span class='ocrx_word' id='word_1_25' title='bbox 343 510 417 552; x_wconf 92' lang='lat' dir='ltr'>sed</span> <span class='ocrx_word' id='word_1_26' title='bbox 449 511 574 565; x_wconf 88' lang='lat' dir='ltr'>plene</span> <span class='ocrx_word' id='word_1_27' title='bbox 609 526 756 554; x_wconf 85' lang='lat' dir='ltr'>versus</span> <span class='ocrx_word' id='word_1_28' title='bbox 797 513 902 554; x_wconf 85' lang='lat' dir='ltr'>istos</span> <span class='ocrx_word' id='word_1_29' title='bbox 944 526 1148 554; x_wconf 88' lang='lat' dir='ltr'>enarrare</span> <span class='ocrx_word' id='word_1_30' title='bbox 1191 527 1285 555; x_wconf 91' lang='lat' dir='ltr'>cum</span> <span class='ocrx_word' id='word_1_31' title='bbox 1319 527 1343 554; x_wconf 90' lang='lat' dir='ltr'>a</span> <span class='ocrx_word' id='word_1_32' title='bbox 1377 514 1587 568; x_wconf 86' lang='lat' dir='ltr'>gravitate</span> <span class='ocrx_word' id='word_1_33' title='bbox 1619 515 1760 567; x_wconf 87' lang='lat' dir='ltr'>operis</span> 
     </span>
     <span class='ocr_line' id='line_1_6' title="bbox 254 578 1760 636; baseline 0.002 -16"><span class='ocrx_word' id='word_1_34' title='bbox 254 578 490 621; x_wconf 88' lang='lat' dir='ltr'>habeamus</span> <span class='ocrx_word' id='word_1_35' title='bbox 530 580 728 631; x_wconf 89' lang='lat' dir='ltr'>alienum,</span> <span class='ocrx_word' id='word_1_36' title='bbox 767 581 874 622; x_wconf 89' lang='lat' dir='ltr'>haec</span> <span class='ocrx_word' id='word_1_37' title='bbox 902 582 1169 635; x_wconf 87' lang='lat' dir='ltr'>potissimum</span> <span class='ocrx_word' id='word_1_38' title='bbox 1200 582 1456 624; x_wconf 81' lang='lat' dir='ltr'>notabimus.</span> <span class='ocrx_word' id='word_1_39' title='bbox 1516 583 1646 636; x_wconf 88' lang='lat' dir='ltr'>igitur</span> <span class='ocrx_word' id='word_1_40' title='bbox 1673 584 1760 636; x_wconf 88' lang='lat' dir='ltr'>pri-</span> 
     </span>
     <span class='ocr_line' id='line_1_7' title="bbox 253 649 1759 704; baseline 0.003 -16"><span class='ocrx_word' id='word_1_41' title='bbox 253 662 367 689; x_wconf 88' lang='lat' dir='ltr'>mum</span> <span class='ocrx_word' id='word_1_42' title='bbox 399 649 647 690; x_wconf 89' lang='lat' dir='ltr'>memorabo</span> <span class='ocrx_word' id='word_1_43' title='bbox 681 653 883 691; x_wconf 87' lang='lat' dir='ltr'>accentus</span> <span class='ocrx_word' id='word_1_44' title='bbox 915 651 1125 692; x_wconf 85' lang='lat' dir='ltr'>rationem</span> <span class='ocrx_word' id='word_1_45' title='bbox 1156 651 1198 691; x_wconf 92' lang='lat' dir='ltr'>in</span> <span class='ocrx_word' id='word_1_46' title='bbox 1230 651 1371 704; x_wconf 88' lang='lat' dir='ltr'>priore</span> <span class='ocrx_word' id='word_1_47' title='bbox 1403 651 1604 701; x_wconf 75' lang='lat' dir='ltr'>maxime,</span> <span class='ocrx_word' id='word_1_48' title='bbox 1646 651 1759 704; x_wconf 85' lang='lat' dir='ltr'>quod</span> 
     </span>
     <span class='ocr_line' id='line_1_8' title="bbox 253 716 1758 773; baseline 0.002 -16"><span class='ocrx_word' id='word_1_49' title='bbox 253 716 307 757; x_wconf 89' lang='lat' dir='ltr'>ad</span> <span class='ocrx_word' id='word_1_50' title='bbox 339 718 533 770; x_wconf 90' lang='lat' dir='ltr'>quintum</span> <span class='ocrx_word' id='word_1_51' title='bbox 565 718 753 771; x_wconf 83' lang='lat' dir='ltr'>pertinet</span> <span class='ocrx_word' id='word_1_52' title='bbox 794 719 1074 772; x_wconf 78' lang='lat' dir='ltr'>semipedem,</span> <span class='ocrx_word' id='word_1_53' title='bbox 1120 719 1390 761; x_wconf 89' lang='lat' dir='ltr'>hemistichio</span> <span class='ocrx_word' id='word_1_54' title='bbox 1434 719 1620 773; x_wconf 64' lang='lat' dir='ltr'>neglegi,</span> <span class='ocrx_word' id='word_1_55' title='bbox 1664 734 1758 760; x_wconf 91' lang='lat' dir='ltr'>cum</span> 
     </span>
     <span class='ocr_line' id='line_1_9' title="bbox 251 785 1758 841; baseline 0.002 -16"><span class='ocrx_word' id='word_1_56' title='bbox 251 785 294 825; x_wconf 91' lang='lat' dir='ltr'>in</span> <span class='ocrx_word' id='word_1_57' title='bbox 332 786 541 837; x_wconf 87' lang='lat' dir='ltr'>secundo,</span> <span class='ocrx_word' id='word_1_58' title='bbox 587 790 635 828; x_wconf 90' lang='lat' dir='ltr'>ut</span> <span class='ocrx_word' id='word_1_59' title='bbox 665 787 760 840; x_wconf 88' lang='lat' dir='ltr'>ipsa</span> <span class='ocrx_word' id='word_1_60' title='bbox 805 787 889 828; x_wconf 86' lang='lat' dir='ltr'>fert</span> <span class='ocrx_word' id='word_1_61' title='bbox 927 791 1101 838; x_wconf 90' lang='lat' dir='ltr'>natura,</span> <span class='ocrx_word' id='word_1_62' title='bbox 1146 788 1250 829; x_wconf 89' lang='lat' dir='ltr'>satis</span> <span class='ocrx_word' id='word_1_63' title='bbox 1292 787 1519 841; x_wconf 80' lang='lat' dir='ltr'>diligenter</span> <span class='ocrx_word' id='word_1_64' title='bbox 1553 792 1758 829; x_wconf 86' lang='lat' dir='ltr'>servetur.</span> 
     </span>
     <span class='ocr_line' id='line_1_10' title="bbox 252 854 1759 909; baseline 0.002 -15"><span class='ocrx_word' id='word_1_65' title='bbox 252 867 349 894; x_wconf 88' lang='lat' dir='ltr'>nam</span> <span class='ocrx_word' id='word_1_66' title='bbox 387 858 430 896; x_wconf 94' lang='lat' dir='ltr'>et</span> <span class='ocrx_word' id='word_1_67' title='bbox 466 854 571 895; x_wconf 90' lang='lat' dir='ltr'>illud</span> <span class='ocrx_word' id='word_1_68' title='bbox 598 854 732 896; x_wconf 86' lang='lat' dir='ltr'>ferme</span> <span class='ocrx_word' id='word_1_69' title='bbox 770 859 966 906; x_wconf 84' lang='lat' dir='ltr'>cavetur,</span> <span class='ocrx_word' id='word_1_70' title='bbox 1026 869 1077 896; x_wconf 89' lang='lat' dir='ltr'>ne</span> <span class='ocrx_word' id='word_1_71' title='bbox 1118 855 1330 897; x_wconf 89' lang='lat' dir='ltr'>secundus</span> <span class='ocrx_word' id='word_1_72' title='bbox 1361 870 1437 909; x_wconf 88' lang='lat' dir='ltr'>pes</span> <span class='ocrx_word' id='word_1_73' title='bbox 1479 860 1554 897; x_wconf 88' lang='lat' dir='ltr'>aut</span> <span class='ocrx_word' id='word_1_74' title='bbox 1606 857 1759 897; x_wconf 85' lang='lat' dir='ltr'>tertius</span> 
     </span>
     <span class='ocr_line' id='line_1_11' title="bbox 251 922 1759 977; baseline 0.001 -14"><span class='ocrx_word' id='word_1_75' title='bbox 251 922 462 977; x_wconf 90' lang='lat' dir='ltr'>dactylico</span> <span class='ocrx_word' id='word_1_76' title='bbox 505 937 580 964; x_wconf 89' lang='lat' dir='ltr'>seu</span> <span class='ocrx_word' id='word_1_77' title='bbox 621 923 854 977; x_wconf 84' lang='lat' dir='ltr'>spondiaco</span> <span class='ocrx_word' id='word_1_78' title='bbox 905 928 1071 965; x_wconf 86' lang='lat' dir='ltr'>constet</span> <span class='ocrx_word' id='word_1_79' title='bbox 1121 924 1263 966; x_wconf 84' lang='lat' dir='ltr'>verbo.</span> <span class='ocrx_word' id='word_1_80' title='bbox 1335 928 1425 965; x_wconf 92' lang='lat' dir='ltr'>tum</span> <span class='ocrx_word' id='word_1_81' title='bbox 1469 924 1568 965; x_wconf 88' lang='lat' dir='ltr'>sede</span> <span class='ocrx_word' id='word_1_82' title='bbox 1609 925 1759 977; x_wconf 89' lang='lat' dir='ltr'>quinta</span> 
     </span>
     <span class='ocr_line' id='line_1_12' title="bbox 249 985 1758 1046; baseline 0.002 -15"><span class='ocrx_word' id='word_1_83' title='bbox 249 995 458 1045; x_wconf 89' lang='lat' dir='ltr'>perpetuo</span> <span class='ocrx_word' id='word_1_84' title='bbox 515 992 681 1046; x_wconf 82' lang='lat' dir='ltr'>optinet</span> <span class='ocrx_word' id='word_1_85' title='bbox 725 992 932 1046; x_wconf 88' lang='lat' dir='ltr'>dactylus.</span> <span class='ocrx_word' id='word_1_86' title='bbox 1022 992 1205 1046; x_wconf 88' lang='lat' dir='ltr'>denique</span> <span class='ocrx_word' id='word_1_87' title='bbox 1264 985 1412 1034; x_wconf 86' lang='lat' dir='ltr'>finitur</span> <span class='ocrx_word' id='word_1_88' title='bbox 1471 1006 1618 1034; x_wconf 88' lang='lat' dir='ltr'>versus</span> <span class='ocrx_word' id='word_1_89' title='bbox 1676 993 1758 1043; x_wconf 88' lang='lat' dir='ltr'>ille,</span> 
     </span>
     <span class='ocr_line' id='line_1_13' title="bbox 248 1060 1757 1116; baseline 0.001 -15"><span class='ocrx_word' id='word_1_90' title='bbox 248 1061 414 1114; x_wconf 89' lang='lat' dir='ltr'>pariter</span> <span class='ocrx_word' id='word_1_91' title='bbox 436 1065 483 1102; x_wconf 92' lang='lat' dir='ltr'>ut</span> <span class='ocrx_word' id='word_1_92' title='bbox 504 1061 735 1115; x_wconf 87' lang='lat' dir='ltr'>sapphicus</span> <span class='ocrx_word' id='word_1_93' title='bbox 756 1060 1153 1116; x_wconf 89' lang='lat' dir='ltr'>hendecasyllabus,</span> <span class='ocrx_word' id='word_1_94' title='bbox 1186 1075 1288 1102; x_wconf 84' lang='lat' dir='ltr'>voce</span> <span class='ocrx_word' id='word_1_95' title='bbox 1310 1061 1562 1115; x_wconf 88' lang='lat' dir='ltr'>plerumque</span> <span class='ocrx_word' id='word_1_96' title='bbox 1586 1062 1757 1115; x_wconf 86' lang='lat' dir='ltr'>quidem</span> 
     </span>
     <span class='ocr_line' id='line_1_14' title="bbox 248 1129 1758 1184; baseline 0.001 -14"><span class='ocrx_word' id='word_1_97' title='bbox 248 1130 525 1183; x_wconf 88' lang='lat' dir='ltr'>productam,</span> <span class='ocrx_word' id='word_1_98' title='bbox 578 1129 651 1170; x_wconf 89' lang='lat' dir='ltr'>sed</span> <span class='ocrx_word' id='word_1_99' title='bbox 694 1129 843 1183; x_wconf 89' lang='lat' dir='ltr'>utique</span> <span class='ocrx_word' id='word_1_100' title='bbox 886 1134 1067 1171; x_wconf 86' lang='lat' dir='ltr'>accentu</span> <span class='ocrx_word' id='word_1_101' title='bbox 1107 1130 1354 1184; x_wconf 84' lang='lat' dir='ltr'>insignitam</span> <span class='ocrx_word' id='word_1_102' title='bbox 1396 1129 1582 1171; x_wconf 84' lang='lat' dir='ltr'>habente</span> <span class='ocrx_word' id='word_1_103' title='bbox 1626 1144 1758 1184; x_wconf 89' lang='lat' dir='ltr'>paen-</span> 
     </span>
     <span class='ocr_line' id='line_1_15' title="bbox 248 1198 1755 1252; baseline 0.001 -13"><span class='ocrx_word' id='word_1_104' title='bbox 248 1198 454 1240; x_wconf 89' lang='lat' dir='ltr'>ultimam.</span> <span class='ocrx_word' id='word_1_105' title='bbox 517 1199 682 1252; x_wconf 89' lang='lat' dir='ltr'>optinet</span> <span class='ocrx_word' id='word_1_106' title='bbox 713 1202 857 1240; x_wconf 89' lang='lat' dir='ltr'>autem</span> <span class='ocrx_word' id='word_1_107' title='bbox 896 1198 1029 1240; x_wconf 86' lang='lat' dir='ltr'>ferme</span> <span class='ocrx_word' id='word_1_108' title='bbox 1071 1199 1220 1240; x_wconf 90' lang='lat' dir='ltr'>incisio</span> <span class='ocrx_word' id='word_1_109' title='bbox 1260 1198 1567 1251; x_wconf 87' lang='lat' dir='ltr'>semiquinaria</span> <span class='ocrx_word' id='word_1_110' title='bbox 1609 1199 1755 1240; x_wconf 85' lang='lat' dir='ltr'>virilis.</span> 
     </span>
     <span class='ocr_line' id='line_1_16' title="bbox 249 1266 1759 1321; baseline 0 -13"><span class='ocrx_word' id='word_1_111' title='bbox 249 1270 437 1308; x_wconf 88' lang='lat' dir='ltr'>ceterum</span> <span class='ocrx_word' id='word_1_112' title='bbox 469 1266 714 1321; x_wconf 89' lang='lat' dir='ltr'>ubicunque</span> <span class='ocrx_word' id='word_1_113' title='bbox 747 1270 949 1308; x_wconf 88' lang='lat' dir='ltr'>accentus</span> <span class='ocrx_word' id='word_1_114' title='bbox 980 1267 1223 1320; x_wconf 80' lang='lat' dir='ltr'>neglegitur</span> <span class='ocrx_word' id='word_1_115' title='bbox 1253 1267 1378 1318; x_wconf 87' lang='lat' dir='ltr'>ratio,</span> <span class='ocrx_word' id='word_1_116' title='bbox 1407 1281 1491 1308; x_wconf 93' lang='lat' dir='ltr'>non</span> <span class='ocrx_word' id='word_1_117' title='bbox 1513 1272 1657 1309; x_wconf 92' lang='lat' dir='ltr'>tamen</span> <span class='ocrx_word' id='word_1_118' title='bbox 1689 1268 1759 1308; x_wconf 87' lang='lat' dir='ltr'>lex</span> 
     </span>
     <span class='ocr_line' id='line_1_17' title="bbox 248 1335 1757 1390; baseline 0.001 -15"><span class='ocrx_word' id='word_1_119' title='bbox 248 1335 440 1377; x_wconf 90' lang='lat' dir='ltr'>succedit</span> <span class='ocrx_word' id='word_1_120' title='bbox 471 1336 783 1389; x_wconf 83' lang='lat' dir='ltr'>quantitatum,</span> <span class='ocrx_word' id='word_1_121' title='bbox 823 1336 897 1377; x_wconf 89' lang='lat' dir='ltr'>sed</span> <span class='ocrx_word' id='word_1_122' title='bbox 937 1336 1046 1376; x_wconf 88' lang='lat' dir='ltr'>mira</span> <span class='ocrx_word' id='word_1_123' title='bbox 1088 1337 1230 1389; x_wconf 90' lang='lat' dir='ltr'>potius</span> <span class='ocrx_word' id='word_1_124' title='bbox 1270 1336 1602 1387; x_wconf 87' lang='lat' dir='ltr'>inconcinnitas,</span> <span class='ocrx_word' id='word_1_125' title='bbox 1647 1350 1757 1390; x_wconf 91' lang='lat' dir='ltr'>quae</span> 
     </span>
     <span class='ocr_line' id='line_1_18' title="bbox 248 1403 990 1458; baseline 0.001 -14"><span class='ocrx_word' id='word_1_126' title='bbox 248 1403 362 1445; x_wconf 88' lang='lat' dir='ltr'>iusta</span> <span class='ocrx_word' id='word_1_127' title='bbox 392 1404 646 1458; x_wconf 91' lang='lat' dir='ltr'>plerumque</span> <span class='ocrx_word' id='word_1_128' title='bbox 678 1418 828 1446; x_wconf 89' lang='lat' dir='ltr'>norma</span> <span class='ocrx_word' id='word_1_129' title='bbox 860 1408 990 1446; x_wconf 90' lang='lat' dir='ltr'>caret.</span> 
     </span>
    </p>

    <p class='ocr_par' dir='ltr' id='par_1_3' title="bbox 243 1473 1757 1926">
     <span class='ocr_line' id='line_1_19' title="bbox 363 1473 1756 1527; baseline 0.001 -14"><span class='ocrx_word' id='word_1_130' title='bbox 363 1473 507 1526; x_wconf 86' lang='lat' dir='ltr'>Longe</span> <span class='ocrx_word' id='word_1_131' title='bbox 539 1474 730 1527; x_wconf 90' lang='lat' dir='ltr'>apertior</span> <span class='ocrx_word' id='word_1_132' title='bbox 772 1477 837 1514; x_wconf 92' lang='lat' dir='ltr'>est</span> <span class='ocrx_word' id='word_1_133' title='bbox 878 1473 1076 1514; x_wconf 88' lang='lat' dir='ltr'>modulus</span> <span class='ocrx_word' id='word_1_134' title='bbox 1115 1473 1156 1514; x_wconf 89' lang='lat' dir='ltr'>in</span> <span class='ocrx_word' id='word_1_135' title='bbox 1195 1473 1477 1515; x_wconf 88' lang='lat' dir='ltr'>iambicorum</span> <span class='ocrx_word' id='word_1_136' title='bbox 1514 1473 1756 1514; x_wconf 89' lang='lat' dir='ltr'>trochaico-</span> 
     </span>
     <span class='ocr_line' id='line_1_20' title="bbox 248 1541 1756 1597; baseline 0 -15"><span class='ocrx_word' id='word_1_137' title='bbox 248 1555 428 1596; x_wconf 88' lang='lat' dir='ltr'>rumque</span> <span class='ocrx_word' id='word_1_138' title='bbox 460 1542 726 1597; x_wconf 87' lang='lat' dir='ltr'>rythmorum</span> <span class='ocrx_word' id='word_1_139' title='bbox 759 1542 1044 1583; x_wconf 88' lang='lat' dir='ltr'>observantia.</span> <span class='ocrx_word' id='word_1_140' title='bbox 1106 1556 1203 1583; x_wconf 91' lang='lat' dir='ltr'>nam</span> <span class='ocrx_word' id='word_1_141' title='bbox 1237 1542 1280 1582; x_wconf 93' lang='lat' dir='ltr'>in</span> <span class='ocrx_word' id='word_1_142' title='bbox 1320 1541 1386 1582; x_wconf 91' lang='lat' dir='ltr'>his</span> <span class='ocrx_word' id='word_1_143' title='bbox 1428 1546 1551 1583; x_wconf 87' lang='lat' dir='ltr'>extra</span> <span class='ocrx_word' id='word_1_144' title='bbox 1590 1542 1756 1582; x_wconf 90' lang='lat' dir='ltr'>initium</span> 
     </span>
     <span class='ocr_line' id='line_1_21' title="bbox 249 1610 1757 1664; baseline 0.001 -14"><span class='ocrx_word' id='word_1_145' title='bbox 249 1614 363 1651; x_wconf 86' lang='lat' dir='ltr'>certe</span> <span class='ocrx_word' id='word_1_146' title='bbox 394 1610 676 1652; x_wconf 89' lang='lat' dir='ltr'>iambicorum</span> <span class='ocrx_word' id='word_1_147' title='bbox 719 1624 802 1652; x_wconf 92' lang='lat' dir='ltr'>non</span> <span class='ocrx_word' id='word_1_148' title='bbox 844 1610 951 1652; x_wconf 88' lang='lat' dir='ltr'>solet</span> <span class='ocrx_word' id='word_1_149' title='bbox 990 1610 1216 1651; x_wconf 80' lang='lat' dir='ltr'>violentius</span> <span class='ocrx_word' id='word_1_150' title='bbox 1260 1611 1418 1651; x_wconf 89' lang='lat' dir='ltr'>mutari</span> <span class='ocrx_word' id='word_1_151' title='bbox 1461 1610 1757 1664; x_wconf 85' lang='lat' dir='ltr'>pronuntiatio</span> 
     </span>
     <span class='ocr_line' id='line_1_22' title="bbox 246 1679 1756 1733; baseline -0.001 -13"><span class='ocrx_word' id='word_1_152' title='bbox 246 1679 447 1732; x_wconf 78' lang='lat' dir='ltr'>vulgaris.</span> <span class='ocrx_word' id='word_1_153' title='bbox 523 1679 638 1733; x_wconf 92' lang='lat' dir='ltr'>quod</span> <span class='ocrx_word' id='word_1_154' title='bbox 674 1683 818 1720; x_wconf 91' lang='lat' dir='ltr'>tamen</span> <span class='ocrx_word' id='word_1_155' title='bbox 864 1679 1037 1719; x_wconf 90' lang='lat' dir='ltr'>minime</span> <span class='ocrx_word' id='word_1_156' title='bbox 1084 1693 1187 1720; x_wconf 90' lang='lat' dir='ltr'>cura</span> <span class='ocrx_word' id='word_1_157' title='bbox 1233 1682 1435 1720; x_wconf 91' lang='lat' dir='ltr'>accentus</span> <span class='ocrx_word' id='word_1_158' title='bbox 1487 1679 1756 1732; x_wconf 86' lang='lat' dir='ltr'>grammatici</span> 
     </span>
     <span class='ocr_line' id='line_1_23' title="bbox 246 1746 1756 1802; baseline 0 -14"><span class='ocrx_word' id='word_1_159' title='bbox 246 1746 458 1799; x_wconf 84' lang='lat' dir='ltr'>effectum,</span> <span class='ocrx_word' id='word_1_160' title='bbox 491 1747 565 1789; x_wconf 89' lang='lat' dir='ltr'>sed</span> <span class='ocrx_word' id='word_1_161' title='bbox 595 1748 690 1802; x_wconf 91' lang='lat' dir='ltr'>ipsa</span> <span class='ocrx_word' id='word_1_162' title='bbox 721 1748 887 1790; x_wconf 88' lang='lat' dir='ltr'>ratione</span> <span class='ocrx_word' id='word_1_163' title='bbox 919 1751 1166 1799; x_wconf 86' lang='lat' dir='ltr'>metrorum,</span> <span class='ocrx_word' id='word_1_164' title='bbox 1199 1746 1250 1788; x_wconf 90' lang='lat' dir='ltr'>de</span> <span class='ocrx_word' id='word_1_165' title='bbox 1283 1747 1438 1800; x_wconf 87' lang='lat' dir='ltr'>quibus</span> <span class='ocrx_word' id='word_1_166' title='bbox 1470 1747 1624 1800; x_wconf 86' lang='lat' dir='ltr'>agitur,</span> <span class='ocrx_word' id='word_1_167' title='bbox 1669 1761 1756 1788; x_wconf 89' lang='lat' dir='ltr'>ser-</span> 
     </span>
     <span class='ocr_line' id='line_1_24' title="bbox 245 1815 1756 1870; baseline -0.001 -13"><span class='ocrx_word' id='word_1_168' title='bbox 245 1816 467 1870; x_wconf 89' lang='lat' dir='ltr'>monisque</span> <span class='ocrx_word' id='word_1_169' title='bbox 509 1816 650 1858; x_wconf 88' lang='lat' dir='ltr'>Latini</span> <span class='ocrx_word' id='word_1_170' title='bbox 693 1820 850 1858; x_wconf 89' lang='lat' dir='ltr'>natura</span> <span class='ocrx_word' id='word_1_171' title='bbox 884 1816 978 1858; x_wconf 90' lang='lat' dir='ltr'>loco</span> <span class='ocrx_word' id='word_1_172' title='bbox 1026 1830 1158 1870; x_wconf 89' lang='lat' dir='ltr'>supra</span> <span class='ocrx_word' id='word_1_173' title='bbox 1206 1820 1442 1858; x_wconf 84' lang='lat' dir='ltr'>memorato</span> <span class='ocrx_word' id='word_1_174' title='bbox 1489 1815 1756 1857; x_wconf 87' lang='lat' dir='ltr'>demonstra-</span> 
     </span>
     <span class='ocr_line' id='line_1_25' title="bbox 243 1888 388 1926; baseline 0 0"><span class='ocrx_word' id='word_1_175' title='bbox 243 1888 388 1926; x_wconf 90' lang='lat' dir='ltr'>tumst.</span> 
     </span>
    </p>

    <p class='ocr_par' dir='ltr' id='par_1_4' title="bbox 241 1953 1755 2967">
     <span class='ocr_line' id='line_1_26' title="bbox 359 1953 1754 2008; baseline 0 -14"><span class='ocrx_word' id='word_1_176' title='bbox 359 1953 496 2007; x_wconf 89' lang='lat' dir='ltr'>Igitur</span> <span class='ocrx_word' id='word_1_177' title='bbox 537 1954 641 1995; x_wconf 88' lang='lat' dir='ltr'>satis</span> <span class='ocrx_word' id='word_1_178' title='bbox 685 1953 913 2008; x_wconf 85' lang='lat' dir='ltr'>diligenter</span> <span class='ocrx_word' id='word_1_179' title='bbox 954 1957 1151 2005; x_wconf 83' lang='lat' dir='ltr'>cavetur,</span> <span class='ocrx_word' id='word_1_180' title='bbox 1192 1967 1244 1995; x_wconf 91' lang='lat' dir='ltr'>ne</span> <span class='ocrx_word' id='word_1_181' title='bbox 1277 1953 1511 2008; x_wconf 87' lang='lat' dir='ltr'>spondiaca</span> <span class='ocrx_word' id='word_1_182' title='bbox 1551 1957 1627 1994; x_wconf 89' lang='lat' dir='ltr'>aut</span> <span class='ocrx_word' id='word_1_183' title='bbox 1667 1956 1754 1994; x_wconf 90' lang='lat' dir='ltr'>tro-</span> 
     </span>
     <span class='ocr_line' id='line_1_27' title="bbox 245 2021 1755 2076; baseline 0 -14"><span class='ocrx_word' id='word_1_184' title='bbox 245 2021 396 2063; x_wconf 86' lang='lat' dir='ltr'>chaica</span> <span class='ocrx_word' id='word_1_185' title='bbox 435 2022 568 2064; x_wconf 86' lang='lat' dir='ltr'>verba</span> <span class='ocrx_word' id='word_1_186' title='bbox 603 2023 736 2063; x_wconf 91' lang='lat' dir='ltr'>ictum</span> <span class='ocrx_word' id='word_1_187' title='bbox 779 2022 993 2076; x_wconf 87' lang='lat' dir='ltr'>accipiant</span> <span class='ocrx_word' id='word_1_188' title='bbox 1032 2023 1073 2063; x_wconf 87' lang='lat' dir='ltr'>in</span> <span class='ocrx_word' id='word_1_189' title='bbox 1115 2022 1303 2063; x_wconf 87' lang='lat' dir='ltr'>secunda</span> <span class='ocrx_word' id='word_1_190' title='bbox 1336 2025 1514 2076; x_wconf 87' lang='lat' dir='ltr'>excepto</span> <span class='ocrx_word' id='word_1_191' title='bbox 1549 2021 1755 2075; x_wconf 82' lang='lat' dir='ltr'>principio</span> 
     </span>
     <span class='ocr_line' id='line_1_28' title="bbox 244 2090 1754 2146; baseline -0.001 -15"><span class='ocrx_word' id='word_1_192' title='bbox 244 2090 422 2142; x_wconf 89' lang='lat' dir='ltr'>numeri,</span> <span class='ocrx_word' id='word_1_193' title='bbox 455 2095 497 2132; x_wconf 91' lang='lat' dir='ltr'>et</span> <span class='ocrx_word' id='word_1_194' title='bbox 527 2091 663 2144; x_wconf 86' lang='lat' dir='ltr'>magis</span> <span class='ocrx_word' id='word_1_195' title='bbox 696 2091 847 2141; x_wconf 86' lang='lat' dir='ltr'>etiam,</span> <span class='ocrx_word' id='word_1_196' title='bbox 879 2105 931 2132; x_wconf 87' lang='lat' dir='ltr'>ne</span> <span class='ocrx_word' id='word_1_197' title='bbox 963 2090 1181 2146; x_wconf 73' lang='lat' dir='ltr'>dactylum</span> <span class='ocrx_word' id='word_1_198' title='bbox 1213 2095 1288 2132; x_wconf 90' lang='lat' dir='ltr'>aut</span> <span class='ocrx_word' id='word_1_199' title='bbox 1326 2091 1530 2131; x_wconf 89' lang='lat' dir='ltr'>creticum</span> <span class='ocrx_word' id='word_1_200' title='bbox 1562 2091 1649 2131; x_wconf 88' lang='lat' dir='ltr'>sive</span> <span class='ocrx_word' id='word_1_201' title='bbox 1680 2090 1754 2131; x_wconf 87' lang='lat' dir='ltr'>tri-</span> 
     </span>
     <span class='ocr_line' id='line_1_29' title="bbox 243 2157 1755 2214; baseline -0.001 -14"><span class='ocrx_word' id='word_1_202' title='bbox 243 2158 453 2201; x_wconf 84' lang='lat' dir='ltr'>brachum</span> <span class='ocrx_word' id='word_1_203' title='bbox 493 2159 710 2213; x_wconf 86' lang='lat' dir='ltr'>explentia</span> <span class='ocrx_word' id='word_1_204' title='bbox 749 2159 792 2200; x_wconf 90' lang='lat' dir='ltr'>in</span> <span class='ocrx_word' id='word_1_205' title='bbox 824 2159 965 2200; x_wconf 90' lang='lat' dir='ltr'>media</span> <span class='ocrx_word' id='word_1_206' title='bbox 998 2159 1163 2214; x_wconf 84' lang='lat' dir='ltr'>syllaba</span> <span class='ocrx_word' id='word_1_207' title='bbox 1198 2158 1389 2200; x_wconf 87' lang='lat' dir='ltr'>habeant</span> <span class='ocrx_word' id='word_1_208' title='bbox 1423 2162 1670 2209; x_wconf 88' lang='lat' dir='ltr'>accentum,</span> <span class='ocrx_word' id='word_1_209' title='bbox 1711 2157 1755 2198; x_wconf 89' lang='lat' dir='ltr'>id</span> 
     </span>
     <span class='ocr_line' id='line_1_30' title="bbox 244 2227 1753 2281; baseline -0.001 -12"><span class='ocrx_word' id='word_1_210' title='bbox 244 2227 359 2281; x_wconf 87' lang='lat' dir='ltr'>quod</span> <span class='ocrx_word' id='word_1_211' title='bbox 389 2242 442 2269; x_wconf 96' lang='grc'>116</span> <span class='ocrx_word' id='word_1_212' title='bbox 483 2228 526 2268; x_wconf 93' lang='lat' dir='ltr'>in</span> <span class='ocrx_word' id='word_1_213' title='bbox 567 2227 739 2269; x_wconf 91' lang='lat' dir='ltr'>heroico</span> <span class='ocrx_word' id='word_1_214' title='bbox 781 2227 951 2281; x_wconf 89' lang='lat' dir='ltr'>quidem</span> <span class='ocrx_word' id='word_1_215' title='bbox 994 2232 1131 2269; x_wconf 87' lang='lat' dir='ltr'>metro</span> <span class='ocrx_word' id='word_1_216' title='bbox 1169 2227 1337 2269; x_wconf 89' lang='lat' dir='ltr'>videtur</span> <span class='ocrx_word' id='word_1_217' title='bbox 1377 2227 1547 2269; x_wconf 89' lang='lat' dir='ltr'>admitti</span> <span class='ocrx_word' id='word_1_218' title='bbox 1577 2240 1602 2268; x_wconf 89' lang='lat' dir='ltr'>a</span> <span class='ocrx_word' id='word_1_219' title='bbox 1633 2227 1753 2268; x_wconf 90' lang='lat' dir='ltr'>Com-</span> 
     </span>
     <span class='ocr_line' id='line_1_31' title="bbox 243 2295 1753 2349; baseline -0.001 -12"><span class='ocrx_word' id='word_1_220' title='bbox 243 2295 454 2337; x_wconf 89' lang='lat' dir='ltr'>modiano.</span> <span class='ocrx_word' id='word_1_221' title='bbox 514 2300 703 2337; x_wconf 87' lang='lat' dir='ltr'>ceterum</span> <span class='ocrx_word' id='word_1_222' title='bbox 734 2296 777 2337; x_wconf 89' lang='lat' dir='ltr'>in</span> <span class='ocrx_word' id='word_1_223' title='bbox 811 2297 998 2338; x_wconf 90' lang='lat' dir='ltr'>numeris</span> <span class='ocrx_word' id='word_1_224' title='bbox 1030 2296 1173 2338; x_wconf 90' lang='lat' dir='ltr'>iambo</span> <span class='ocrx_word' id='word_1_225' title='bbox 1203 2296 1459 2347; x_wconf 87' lang='lat' dir='ltr'>exeuntibus</span> <span class='ocrx_word' id='word_1_226' title='bbox 1489 2295 1753 2349; x_wconf 86' lang='lat' dir='ltr'>intellegitur</span> 
     </span>
     <span class='ocr_line' id='line_1_32' title="bbox 241 2363 1752 2419; baseline -0.001 -14"><span class='ocrx_word' id='word_1_227' title='bbox 241 2363 549 2417; x_wconf 83' lang='lat' dir='ltr'>paenultimam</span> <span class='ocrx_word' id='word_1_228' title='bbox 592 2363 802 2419; x_wconf 85' lang='lat' dir='ltr'>syllabam</span> <span class='ocrx_word' id='word_1_229' title='bbox 842 2364 1015 2406; x_wconf 88' lang='lat' dir='ltr'>brevem</span> <span class='ocrx_word' id='word_1_230' title='bbox 1058 2378 1149 2406; x_wconf 90' lang='lat' dir='ltr'>esse</span> <span class='ocrx_word' id='word_1_231' title='bbox 1194 2368 1404 2417; x_wconf 84' lang='lat' dir='ltr'>oportere.</span> <span class='ocrx_word' id='word_1_232' title='bbox 1474 2377 1612 2417; x_wconf 90' lang='lat' dir='ltr'>neque</span> <span class='ocrx_word' id='word_1_233' title='bbox 1652 2377 1752 2405; x_wconf 84' lang='lat' dir='ltr'>vero</span> 
     </span>
     <span class='ocr_line' id='line_1_33' title="bbox 244 2431 1751 2474; baseline -0.001 -1"><span class='ocrx_word' id='word_1_234' title='bbox 244 2432 362 2473; x_wconf 89' lang='lat' dir='ltr'>locus</span> <span class='ocrx_word' id='word_1_235' title='bbox 395 2436 459 2474; x_wconf 90' lang='lat' dir='ltr'>est</span> <span class='ocrx_word' id='word_1_236' title='bbox 480 2432 524 2473; x_wconf 91' lang='lat' dir='ltr'>in</span> <span class='ocrx_word' id='word_1_237' title='bbox 547 2432 808 2474; x_wconf 89' lang='lat' dir='ltr'>carminibus</span> <span class='ocrx_word' id='word_1_238' title='bbox 830 2433 896 2474; x_wconf 90' lang='lat' dir='ltr'>his</span> <span class='ocrx_word' id='word_1_239' title='bbox 925 2437 1000 2474; x_wconf 90' lang='lat' dir='ltr'>aut</span> <span class='ocrx_word' id='word_1_240' title='bbox 1030 2432 1257 2474; x_wconf 88' lang='lat' dir='ltr'>solvendae</span> <span class='ocrx_word' id='word_1_241' title='bbox 1281 2433 1367 2474; x_wconf 88' lang='lat' dir='ltr'>arsi</span> <span class='ocrx_word' id='word_1_242' title='bbox 1390 2436 1464 2474; x_wconf 90' lang='lat' dir='ltr'>aut</span> <span class='ocrx_word' id='word_1_243' title='bbox 1486 2431 1751 2473; x_wconf 87' lang='lat' dir='ltr'>admittendo</span> 
     </span>
     <span class='ocr_line' id='line_1_34' title="bbox 242 2500 1752 2556; baseline 0 -15"><span class='ocrx_word' id='word_1_244' title='bbox 242 2505 490 2555; x_wconf 87' lang='lat' dir='ltr'>anapaesto,</span> <span class='ocrx_word' id='word_1_245' title='bbox 522 2505 570 2542; x_wconf 94' lang='lat' dir='ltr'>ut</span> <span class='ocrx_word' id='word_1_246' title='bbox 601 2500 871 2543; x_wconf 81' lang='lat' dir='ltr'>abundantes</span> <span class='ocrx_word' id='word_1_247' title='bbox 902 2501 1117 2543; x_wconf 89' lang='lat' dir='ltr'>interdum</span> <span class='ocrx_word' id='word_1_248' title='bbox 1140 2501 1328 2556; x_wconf 85' lang='lat' dir='ltr'>syllabas</span> <span class='ocrx_word' id='word_1_249' title='bbox 1360 2515 1443 2542; x_wconf 89' lang='lat' dir='ltr'>non</span> <span class='ocrx_word' id='word_1_250' title='bbox 1466 2501 1601 2554; x_wconf 88' lang='lat' dir='ltr'>magis</span> <span class='ocrx_word' id='word_1_251' title='bbox 1624 2514 1752 2554; x_wconf 89' lang='lat' dir='ltr'>quam</span> 
     </span>
     <span class='ocr_line' id='line_1_35' title="bbox 243 2569 1751 2623; baseline -0.001 -13"><span class='ocrx_word' id='word_1_252' title='bbox 243 2569 490 2611; x_wconf 86' lang='lat' dir='ltr'>deficientes</span> <span class='ocrx_word' id='word_1_253' title='bbox 528 2570 740 2623; x_wconf 89' lang='lat' dir='ltr'>sapientia</span> <span class='ocrx_word' id='word_1_254' title='bbox 772 2570 960 2623; x_wconf 88' lang='lat' dir='ltr'>quadam</span> <span class='ocrx_word' id='word_1_255' title='bbox 1002 2574 1227 2612; x_wconf 89' lang='lat' dir='ltr'>auctorum</span> <span class='ocrx_word' id='word_1_256' title='bbox 1258 2570 1460 2619; x_wconf 88' lang='lat' dir='ltr'>metrica,</span> <span class='ocrx_word' id='word_1_257' title='bbox 1502 2569 1576 2611; x_wconf 88' lang='lat' dir='ltr'>sed</span> <span class='ocrx_word' id='word_1_258' title='bbox 1608 2569 1751 2622; x_wconf 90' lang='lat' dir='ltr'>potius</span> 
     </span>
     <span class='ocr_line' id='line_1_36' title="bbox 241 2637 1751 2692; baseline 0 -14"><span class='ocrx_word' id='word_1_259' title='bbox 241 2638 458 2692; x_wconf 86' lang='lat' dir='ltr'>imperitia</span> <span class='ocrx_word' id='word_1_260' title='bbox 499 2637 768 2691; x_wconf 88' lang='lat' dir='ltr'>stultitiaque</span> <span class='ocrx_word' id='word_1_261' title='bbox 813 2639 1001 2680; x_wconf 87' lang='lat' dir='ltr'>evenisse</span> <span class='ocrx_word' id='word_1_262' title='bbox 1034 2639 1090 2680; x_wconf 90' lang='lat' dir='ltr'>sit</span> <span class='ocrx_word' id='word_1_263' title='bbox 1130 2638 1345 2680; x_wconf 87' lang='lat' dir='ltr'>credibile.</span> <span class='ocrx_word' id='word_1_264' title='bbox 1389 2663 1443 2668; x_wconf 97' lang='lat'><strong>—</strong></span> <span class='ocrx_word' id='word_1_265' title='bbox 1486 2651 1616 2692; x_wconf 90' lang='lat' dir='ltr'>porro</span> <span class='ocrx_word' id='word_1_266' title='bbox 1657 2651 1751 2678; x_wconf 89' lang='lat' dir='ltr'>cae-</span> 
     </span>
     <span class='ocr_line' id='line_1_37' title="bbox 242 2706 1750 2761; baseline -0.001 -14"><span class='ocrx_word' id='word_1_267' title='bbox 242 2720 368 2748; x_wconf 86' lang='lat' dir='ltr'>surae</span> <span class='ocrx_word' id='word_1_268' title='bbox 399 2707 442 2747; x_wconf 92' lang='lat' dir='ltr'>in</span> <span class='ocrx_word' id='word_1_269' title='bbox 471 2707 677 2747; x_wconf 86' lang='lat' dir='ltr'>trimetris</span> <span class='ocrx_word' id='word_1_270' title='bbox 707 2710 783 2748; x_wconf 89' lang='lat' dir='ltr'>aut</span> <span class='ocrx_word' id='word_1_271' title='bbox 812 2707 1078 2748; x_wconf 89' lang='lat' dir='ltr'>tetrametris</span> <span class='ocrx_word' id='word_1_272' title='bbox 1109 2707 1329 2761; x_wconf 85' lang='lat' dir='ltr'>rythmicis</span> <span class='ocrx_word' id='word_1_273' title='bbox 1353 2706 1540 2757; x_wconf 86' lang='lat' dir='ltr'>eaedem,</span> <span class='ocrx_word' id='word_1_274' title='bbox 1573 2720 1682 2760; x_wconf 90' lang='lat' dir='ltr'>quae</span> <span class='ocrx_word' id='word_1_275' title='bbox 1708 2706 1750 2746; x_wconf 90' lang='lat' dir='ltr'>in</span> 
     </span>
     <span class='ocr_line' id='line_1_38' title="bbox 242 2774 1752 2829; baseline -0.001 -13"><span class='ocrx_word' id='word_1_276' title='bbox 242 2775 452 2825; x_wconf 87' lang='lat' dir='ltr'>metricis,</span> <span class='ocrx_word' id='word_1_277' title='bbox 497 2778 744 2826; x_wconf 79' lang='lat' dir='ltr'>servantur,</span> <span class='ocrx_word' id='word_1_278' title='bbox 787 2775 826 2816; x_wconf 88' lang='lat' dir='ltr'>h.</span> <span class='ocrx_word' id='word_1_279' title='bbox 863 2790 896 2817; x_wconf 85' lang='lat' dir='ltr'>e.</span> <span class='ocrx_word' id='word_1_280' title='bbox 937 2775 1286 2829; x_wconf 87' lang='lat' dir='ltr'>penthemimeris</span> <span class='ocrx_word' id='word_1_281' title='bbox 1327 2779 1369 2816; x_wconf 91' lang='lat' dir='ltr'>et</span> <span class='ocrx_word' id='word_1_282' title='bbox 1411 2788 1521 2828; x_wconf 86' lang='lat' dir='ltr'>quae</span> <span class='ocrx_word' id='word_1_283' title='bbox 1566 2774 1614 2815; x_wconf 91' lang='lat' dir='ltr'>fit</span> <span class='ocrx_word' id='word_1_284' title='bbox 1654 2778 1752 2828; x_wconf 87' lang='lat' dir='ltr'>post</span> 
     </span>
     <span class='ocr_line' id='line_1_39' title="bbox 243 2843 1750 2897; baseline -0.001 -13"><span class='ocrx_word' id='word_1_285' title='bbox 243 2847 444 2896; x_wconf 86' lang='lat' dir='ltr'>quartum</span> <span class='ocrx_word' id='word_1_286' title='bbox 493 2843 765 2895; x_wconf 89' lang='lat' dir='ltr'>trochaeum,</span> <span class='ocrx_word' id='word_1_287' title='bbox 818 2858 895 2885; x_wconf 89' lang='lat' dir='ltr'>nec</span> <span class='ocrx_word' id='word_1_288' title='bbox 945 2844 1084 2885; x_wconf 89' lang='lat' dir='ltr'>minus</span> <span class='ocrx_word' id='word_1_289' title='bbox 1129 2844 1170 2884; x_wconf 90' lang='lat' dir='ltr'>in</span> <span class='ocrx_word' id='word_1_290' title='bbox 1214 2843 1420 2897; x_wconf 87' lang='lat' dir='ltr'>sapphico</span> <span class='ocrx_word' id='word_1_291' title='bbox 1456 2857 1632 2884; x_wconf 87' lang='lat' dir='ltr'>numero</span> <span class='ocrx_word' id='word_1_292' title='bbox 1675 2846 1750 2883; x_wconf 87' lang='lat' dir='ltr'>aut</span> 
     </span>
     <span class='ocr_line' id='line_1_40' title="bbox 241 2911 1672 2967; baseline -0.001 -14"><span class='ocrx_word' id='word_1_293' title='bbox 241 2911 514 2966; x_wconf 85' lang='lat' dir='ltr'>asclepiadeo</span> <span class='ocrx_word' id='word_1_294' title='bbox 547 2916 646 2953; x_wconf 88' lang='lat' dir='ltr'>ante</span> <span class='ocrx_word' id='word_1_295' title='bbox 681 2912 888 2967; x_wconf 86' lang='lat' dir='ltr'>syllabam</span> <span class='ocrx_word' id='word_1_296' title='bbox 921 2926 946 2953; x_wconf 84' lang='lat' dir='ltr'>a</span> <span class='ocrx_word' id='word_1_297' title='bbox 976 2912 1058 2953; x_wconf 87' lang='lat' dir='ltr'>fine</span> <span class='ocrx_word' id='word_1_298' title='bbox 1092 2917 1254 2954; x_wconf 84' lang='lat' dir='ltr'>sextam</span> <span class='ocrx_word' id='word_1_299' title='bbox 1288 2912 1426 2952; x_wconf 88' lang='lat' dir='ltr'>oratio</span> <span class='ocrx_word' id='word_1_300' title='bbox 1456 2911 1672 2952; x_wconf 87' lang='lat' dir='ltr'>inciditur.</span> 
     </span>
    </p>
   </div>
  </div>
 </body>
</html>
