1898 3292
231 177 311 214 344
820 182 940 207 mnan
960 181 1152 212 QVARrvs.

224 284 374 337 ‘quare
406 283 523 337 «σε’,
558 284 689 325 semel
721 288 763 325 et
795 285 1003 326 Iuvencus
1036 282 1094 338 [h.
1118 297 1151 324 e.
1174 283 1226 334 II,
1251 283 1351 337 594]
1395 281 1564 333 ‘quanto
1588 279 1734 333 iqitur’

232 358 274 395 et
306 355 465 396 Arator
497 354 638 409 [epist.
671 353 726 395 ad
758 352 903 396 Parth.
936 353 1005 407 19]
1049 351 1151 394 ‘vide'
1183 349 1297 403 ‹350ss
1332 355 1424 393 tum
1455 351 1741 393 Maximianus

231 423 312 478 [11,
344 424 416 478 63]
463 421 562 465 ‘non
603 436 663 464 me
707 419 850 472 Μεθ’,
896 421 1080 475 denique
1122 421 1383 463 Octavianus
1427 420 1624 475 exemplo
1664 419 1741 460 tali

232 492 377 548 [200]:

438 559 527 582 auro
553 547 658 582 ardet
683 547 833 590 Glauce,
860 546 988 581 Danae
1016 547 1266 591 corrumpitur
1291 557 1391 588 auro,

438 617 526 640 auro
553 605 686 639 emitur
711 603 859 647 Pluton,
885 603 1117 648 Phlegethon
1143 602 1418 637 transcenditur
1443 614 1543 645 auro,

438 663 609 708 proditur
634 661 881 706 Amphiaraus
910 665 948 696 et
971 660 1118 695 Hector
1141 660 1313 695 venditur
1335 672 1434 694 auro.

233 744 308 786 sed
349 744 460 785 enim
500 743 565 784 his
597 741 792 783 versibus
823 767 878 771 —-
910 755 1017 795 quos
1051 740 1363 783 Columbanum
1397 741 1441 781 in
1472 740 1659 794 epistula
1690 741 1745 782 ad

233 812 456 855 Fedolium
486 811 647 853 imitari
675 814 764 851 tam
798 814 1006 852 certumst
1035 824 1164 864 quam
1186 810 1342 851 mirum
1370 834 1428 841 —-
1456 809 1744 864 multiplicato

234 885 329 923 {mari
366 879 575 922 vocabulo
617 882 799 933 paratur
838 879 962 920 venia
1006 878 1195 920 elisionis
1242 878 1442 920 durioris.
1513 882 1644 932 atque
1683 879 1746 919 ita

235 951 362 1004 plane
395 950 437 990 in
471 948 758 1002 descriptione
791 947 886 989 auri
919 961 1142 998 noxarum,
1177 961 1310 1000 quem·
1326 960 1592 988 communem
1618 946 1746 988 fuisse

233 1019 395 1060 ultimis
435 1017 607 1071 imperii
637 1016 819 1057 Romani
860 1015 1044 1057 saeculis
1085 1016 1225 1070 poetis
1256 1015 1396 1056 locum
1427 1016 1556 1056 etiam
1589 1015 1745 1056 Nama-

233 1088 377 1129 tianus
421 1086 547 1127 docet
589 1085 638 1140 [1,
673 1085 940 1139 355—362],
983 1085 1105 1126 annis
1142 1084 1232 1125 fere
1263 1084 1329 1126 CL
1360 1084 1479 1138 prior
1511 1084 1746 1126 Octaviano

234 1156 503 1205 Tiberianus,
535 1154 662 1196 homo
689 1167 826 1207 aeque
850 1153 965 1195 circa
987 1153 1184 1195 elisiones
1213 1153 1401 1195 difficilis
1434 1155 1489 1208 [2,
1515 1153 1583 1207 19]
1617 1152 1744 1194 dixit:

441 1253 529 1275 auro
559 1241 692 1275 emitur
718 1240 869 1283 facinus,
896 1239 1016 1285 pudor
1042 1240 1156 1274 almus
1181 1239 1353 1274 venditur
1378 1251 1478 1273 auro.

234 1322 464 1372 praeterea
486 1315 660 1369 Corippi
682 1319 781 1356 sunt
802 1315 910 1356 haec
943 1316 1112 1370 [paneg.
1137 1314 1356 1356 Anastasii
1379 1317 1454 1366 383
1484 1328 1581 1368 pan.
1601 1314 1747 1356 lustin.

233 1388 304 1437 IV,
336 1386 459 1440 320]:
504 1384 566 1425 ‘in
599 1392 635 1425 le
668 1382 846 1433 oculos';
889 1383 1020 1436 ‘quod
1045 1398 1089 1425 se
1119 1380 1344 1432 humilem',
1387 1387 1430 1424 et
1460 1382 1636 1424 Homeri
1669 1383 1747 1423 La-

234 1456 312 1497 tini
360 1456 481 1510 [5873
526 1457 629 1505 6433
674 1454 772 1508 733]
829 1452 948 1505 ‘erqo
995 1449 1103 1502 ubil
1152 1451 1269 1506 quod
1314 1450 1459 1493 tamen
1506 1452 1749 1505 exemplum

235 1525 376 1566 minus
421 1526 629 1565 certumst
659 1522 888 1564 vacillante
920 1522 1006 1563 iani
1039 1536 1069 1563 s.
1099 1536 1137 1575 p.
1170 1521 1266 1562 Chr.
1299 1521 1319 1562 1
1358 1521 1476 1562 finali
1514 1521 1749 1574 particula-

235 1608 331 1635 rum
361 1593 404 1633 in
437 1607 458 1633 ο
490 1592 737 1634 exeuntium
766 1590 882 1632 haud
912 1604 1162 1645 paucarum,
1208 1588 1334 1631 “cellro
1365 1589 1524 1639 etiam’,
1569 1588 1750 1641 ‘praeda

237 1658 437 1710 umeros',
477 1661 581 1702 item
621 1659 882 1702 Columellae
925 1661 1047 1714 [2303
1082 1662 1184 1711 2943
1218 1659 1288 1712 35]
1330 1658 1397 1700 bis
1447 1657 1597 1709 ‘quare
1631 1662 1749 1710 aqe',

237 1730 367 1773 semel
410 1728 529 1781 ‘erqo
567 1726 683 1781 aye'.
728 1754 778 1759 —
825 1728 1026 1781 deinceps
1066 1727 1200 1769 habes
1238 1726 1354 1781 apud
1394 1727 1615 1768 Lucanum
1659 1728 1750 1782 [HL

238 1803 338 1850 6763
378 1798 494 1849 VIII,
528 1801 632 1849 2893
675 1798 746 1848 VI,
782 1801 882 1848 7953
926 1797 1002 1847 IX,
1038 1797 1135 1850 133]
1192 1795 1324 1837 ‘multi
1367 1793 1547 1847 inopes’‚
1602 1794 1752 1847 ‘quare

237 1864 387 1920 ayite',
417 1867 519 1908 item
552 1865 618 1907 bis
662 1863 765 1907 ‘vide'
797 1863 910 1917 egso',
943 1866 1090 1919 itaque
1119 1865 1235 1918 apud
1265 1864 1509 1906 Martialem
1542 1864 1590 1919 [1,
1614 1868 1679 1915 58,
1702 1868 1751 1917 23

238 1937 285 1987 V,
320 1940 384 1986 79,
420 1940 465 1987 53
503 1935 572 1985 VI,
604 1938 670 1984 44,
704 1938 747 1986 5;
792 1934 880 1985 VII,
916 1937 979 1985 18,
1016 1937 1089 1985 143
1121 1934 1172 1984 II,
1206 1937 1273 1984 40,
1307 1937 1352 1986 23
1385 1934 1437 1984 II,
1471 1937 1535 1985 74,
1569 1933 1611 1987 6]
1655 1932 1753 1974 ‘risi

238 2003 352 2057 eyo',
397 2003 548 2055 ‘quare
582 2000 697 2055 eqo',
744 2001 802 2044 ‘at
832 2006 867 2043 si
901 2000 1016 2055 eyo’,
1060 2000 1118 2043 ‘et
1149 2005 1185 2043 si
1216 2000 1359 2052 (Μεθ’,
1398 2001 1510 2043 ‘novel
1540 1999 1751 2051 hominis',

230 2072 321 2115 ‘laos
352 2077 410 2114 illi
438 2070 626 2114 anzicos'.

354 2143 410 2183 At
438 2145 680 2182 ceterorum
711 2141 754 2181 in
785 2140 1049 2182 carminibus
1081 2139 1291 2181 notabilia
1321 2139 1462 2181 inveni
1494 2139 1613 2180 haec.
1665 2139 1751 2180 Ho-

238 2211 375 2252 ratius
405 2210 448 2251 in
472 2210 639 2251 Saturis
663 2224 758 2250 cum
785 2210 890 2250 satis
923 2223 1052 2263 saepe
1086 2208 1292 2250 adhibeat
1323 2208 1554 2258 elisionem,
1587 2207 1638 2249 de
1668 2222 1753 2261 qua

240 2278 415 2330 dicitur,
460 2279 682 2332 aliquanto
713 2279 852 2319 minus
884 2279 927 2319 in
960 2277 1185 2331 Epistulis,
1230 2277 1409 2318 eandem
1440 2278 1483 2318 in
1515 2276 1679 2318 melicis
1711 2280 1754 2317 et

239 2348 435 2389 iambicis
481 2347 684 2400 probavit
730 2350 885 2400 quater
931 2347 1024 2401 [111,
1057 2350 1094 2397 4,
1129 2350 1200 2398 173
1243 2350 1316 2398 313
1362 2350 1398 2397 5,
1433 2348 1507 2398 213
1547 2349 1612 2395 27,
1657 2346 1752 2400 22],

240 2430 369 2470 porro
393 2415 556 2456 Tullius
583 2415 715 2457 semel
747 2415 934 2457 secundo
966 2415 1088 2468 pede,
1121 2414 1196 2456 sed
1228 2414 1421 2456 subiecto
1452 2414 1621 2455 nomine
1654 2428 1753 2468 pro-

240 2485 336 2539 prio
379 2482 442 2524 ‘at
479 2491 656 2535 propter
697 2498 741 2524 se
783 2481 951 2534 qucila'
1005 2485 1132 2538 [arat.
1163 2483 1258 2537 87],
1305 2487 1397 2524 tum
1439 2482 1666 2524 Petronius
1710 2482 1753 2523 in

239 2552 504 2595 hexametris
543 2565 777 2605 numquam
818 2556 992 2605 praeter
1035 2552 1220 2605 primum
1260 2551 1415 2605 pedem
1454 2551 1626 2604 longam
1658 2565 1753 2592 cum

239 2621 360 2663 brevi
393 2620 569 2674 copulat
601 2624 644 2661 et
675 2620 847 2674 quidem
878 2621 921 2661 in
957 2621 1145 2662 carmine
1177 2620 1230 2661 de
1252 2620 1365 2662 bello
1399 2619 1512 2661 civili
1544 2621 1657 2675 [120‚
1681 2624 1752 2671 943

245 2694 338 2741 121,
374 2690 484 2743 111].
544 2703 644 2730 nam
675 2689 886 2730 incertum
918 2689 1059 2739 valde,
1104 2690 1213 2730 sitne
1256 2688 1446 2730 eiusdem
1489 2689 1755 2742 epigramma

242 2758 366 2809 illud,
408 2757 522 2811 quod
551 2757 704 2811 incipit
733 2758 795 2798 ita
837 2757 1015 2812 [anthol.
1053 2761 1143 2807 146,
1180 2761 1197 2797 1
1233 2757 1328 2811 Μ.;]
1370 2761 1460 2798 nolo
1492 2771 1565 2808 eqo
1595 2770 1754 2807 semper

244 2831 349 2868 idem
371 2830 497 2878 capiti
517 2830 759 2878 suffundere
782 2833 944 2867 costum.
993 2829 1195 2877 ceterum,
1217 2830 1266 2867 ut
1287 2825 1426 2866 obiter
1447 2825 1528 2866 hoc
1544 2838 1754 2876 moneam,

242 2896 286 2937 in
320 2895 402 2936 hoc
434 2895 646 2949 exemplo,
679 2898 727 2941 ut
759 2894 880 2946 alibi,
912 2908 990 2950 pro
1021 2894 1149 2948 longa
1181 2894 1329 2949 accepi
1361 2908 1382 2935 ο
1413 2893 1601 2945 finalem,
1640 2892 1755 2950 quod
