1898 3292
210 276 232 313 6
821 282 1099 307 ΡΒοΗυΕΜΠΜ.

210 386 487 427 metricarum
535 389 742 425 concentu
787 385 912 425 facile
959 400 1004 426 se
1051 384 1401 425 accommodasse
1450 385 1719 425 constantiae

210 454 456 507 regularum
488 468 572 494 non
605 457 669 494 est
698 453 852 494 mirum
885 453 1119 495 secundum
1150 452 1258 494 illud
1279 452 1451 494 Horatii
1475 451 1571 504 ‘quo
1600 458 1723 494 semel

211 530 271 563 est
301 525 450 563 imbuta
481 536 625 563 recens
656 525 833 563 set-cubil
867 526 1030 563 Odorem
1059 529 1163 563 testa
1195 519 1298 572 (ὕει’,
1339 535 1433 562 011111
1465 522 1721 575 praesertim

210 591 351 632 nullus
384 590 571 632 omnium
603 590 657 631 ab
683 590 906 643 Apollonio
934 604 1070 644 usque
1092 590 1148 631 ad
1170 590 1472 631 Manethonem
1496 593 1719 631 auctorum

211 674 260 700 eo
294 662 407 700 esset
437 659 605 712 poetico
639 659 793 712 spiritu
826 662 901 700 aut
935 672 986 700 ea
1017 658 1245 700 altitudine
1277 659 1455 712 ingenii,
1497 661 1545 700 ut
1583 658 1721 700 libera

210 742 287 782 per
332 741 514 768 vacuum
561 727 705 781 potius
745 741 905 781 ponere
950 741 1080 781 quam
1129 727 1270 769 aliena
1315 741 1510 781 premere
1559 727 1722 768 valeret

212 797 404 850 vestigia.
466 795 577 837 adde
619 796 734 849 quod
774 796 910 846 illam,
953 809 1082 849 quam
1124 796 1239 850 apud
1270 796 1485 837 Romanos
1527 796 1721 837 extitisse

213 868 415 915 notumst,
448 864 827 917 grammaticorum
861 867 992 917 atque
1024 868 1249 918 poetarum
1281 864 1462 913 invicem
1484 864 1721 905 iuvantium

211 933 551 974 communionem
573 933 702 974 etiam
725 933 840 986 apud
865 933 1055 975 Graecos
1088 947 1247 984 eorum,
1280 933 1332 974 de
1365 932 1521 986 quibus
1551 932 1720 984 dicitur,

211 1006 452 1055 temporum
482 1001 615 1042 fuisse
648 1005 828 1042 constat.
890 1002 976 1043 iam
1007 1002 1216 1051 invenies,
1250 1001 1323 1055 qui
1357 1002 1414 1042 sit
1450 1001 1630 1052 factum,
1661 1005 1721 1052 ut,

211 1071 322 1111 sicut
353 1070 396 1110 in
429 1069 583 1110 ceteris
615 1069 832 1123 partibuS,
864 1070 927 1111 ita
957 1071 1000 1111 in
1031 1084 1232 1112 versuum
1264 1073 1357 1111 arte
1389 1070 1647 1124 elegantiam
1680 1074 1723 1112 et

212 1138 520 1191 aequalitatem
553 1141 595 1178 et
629 1138 870 1179 doctrinam
906 1139 1042 1193 pluris
1084 1138 1297 1181 haberent
1334 1139 1425 1190 illa,
1472 1153 1582 1193 quae
1624 1153 1721 1193 pro-

210 1207 348 1261 priast
392 1207 636 1260 principum
678 1211 927 1261 poetarum,
973 1207 1226 1249 multiformi
1268 1208 1479 1249 varietate
1520 1207 1721 1261 facilique

210 1276 424 1317 libertate.
497 1278 538 1316 et
570 1279 635 1317 est
675 1275 756 1316 1100
793 1276 964 1318 0111111110
1009 1276 1261 1330 disciplinae
1306 1276 1538 1327 scholicae,
1585 1277 1722 1330 magis

212 1348 260 1385 ut
290 1345 594 1398 plerorumque
615 1344 835 1386 hominum
859 1345 1130 1399 aequabilem
1152 1345 1495 1387 mediocritatem
1518 1345 1724 1399 respiciat

212 1428 341 1466 quam
376 1427 638 1454 summorum
671 1414 940 1467 ingeniorum
974 1415 1235 1468 singularem
1266 1414 1597 1468 praestantiam,
1631 1414 1723 1468 qui-

212 1482 294 1523 bus
333 1495 469 1523 novae
509 1496 638 1535 saepe
684 1483 778 1524 viae
824 1482 1106 1524 recluduntur
1156 1483 1370 1525 humanae
1417 1482 1635 1524 sollertiae
1681 1486 1724 1524 et

213 1550 370 1603 quibus
400 1550 634 1602 interdum,
666 1565 777 1604 quae
811 1551 1158 1593 doctissimorum
1190 1552 1411 1593 hominum
1443 1551 1723 1605 suptilissima

214 1619 545 1660 ratiocinatione
578 1623 621 1660 et
653 1633 862 1661 consensu
894 1620 1020 1662 unico
1052 1621 1147 1662 fieri
1180 1634 1306 1674 posse
1348 1623 1628 1674 pernegatur,
1673 1634 1724 1662 ca

215 1702 261 1728 re
294 1688 390 1742 ipsa
421 1688 601 1741 ipsoque
634 1692 811 1742 aspectu
843 1690 1090 1742 praesentia
1123 1693 1271 1731 extare
1306 1688 1625 1742 comprobatur.

329 1756 419 1797 Iam
452 1770 749 1810 quaecumque
781 1761 880 1798 sunt
910 1758 1124 1811 exposita,
1167 1758 1292 1811 longe
1335 1758 1464 1798 etiam
1496 1757 1632 1810 magis
1668 1757 1723 1798 ad

215 1826 392 1867 Latinos
429 1825 649 1878 pertinent
693 1830 857 1879 poetas.
919 1827 1067 1880 itaque
1115 1841 1199 1868 non
1240 1826 1460 1868 intercedo
1512 1825 1722 1879 equidem,

213 1894 317 1946 quin
353 1894 536 1935 saturnii
567 1907 727 1944 versus,
761 1895 916 1947 quibus
948 1896 1045 1936 olim
1079 1895 1230 1937 diebus
1261 1895 1381 1937 festis
1402 1895 1505 1936 lusit
1525 1895 1722 1936 iuventus

214 1963 425 2014 Romana,
468 1962 618 2016 pingui
649 1962 841 2004 Minerva
884 1964 1087 2018 nullaque
1130 1964 1327 2005 doctrina
1370 1963 1456 2005 sint
1498 1963 1723 2017 compositi

215 2045 449 2084 eorumque
481 2031 639 2085 peritia
667 2035 813 2072 vatum
835 2032 1019 2074 modulis
1043 2036 1085 2074 et
1106 2046 1339 2087 puerorum
1362 2032 1586 2074 cantilenis
1608 2031 1722 2073 311111-

213 2100 312 2141 liter
343 2103 586 2153 propagata
617 2104 660 2140 et
682 2101 932 2142 continuata
955 2104 1085 2155 atque
1116 2102 1231 2156 apud
1253 2101 1565 2144 vetustissimos
1588 2100 1722 2142 Grae-

214 2182 360 2210 corum
392 2167 568 2209 Homeri
599 2172 835 2210 metrorum
867 2174 909 2211 et
941 2170 1197 2212 Archilochi.

328 2238 384 2277 At
414 2250 553 2289 neque
586 2237 731 2279 Livius
754 2238 1034 2289 Andronicus,
1072 2240 1144 2292 qui
1174 2240 1349 2293 primus,
1383 2242 1592 2292 quantum
1623 2252 1721 2280 con-

214 2308 318 2356 stat,
354 2305 467 2346 inter
498 2305 674 2346 Latinos
717 2320 819 2348 usus
861 2311 926 2348 est
954 2308 1103 2349 metris
1136 2321 1158 2349 e
1193 2308 1377 2349 Graecia
1408 2307 1601 2358 adscitis,
1643 2321 1723 2348 nec

214 2373 286 2427 qui
330 2374 419 2414 eius
461 2374 596 2415 secuti
640 2378 739 2415 sunt
775 2376 956 2429 vestigia
998 2380 1233 2430 potuerunt
1270 2390 1419 2417 versus
1456 2375 1721 2417 Graecorum

214 2446 290 2483 aut
319 2443 543 2496 percipere
577 2446 652 2484 aut
684 2443 887 2497 effingere
921 2445 1010 2486 sine
1040 2445 1229 2486 scholica
1261 2444 1447 2498 quadam
1480 2444 1721 2485 eruditione

214 2514 257 2551 et
286 2510 421 2551 multo
452 2511 591 2552 minus
622 2511 670 2561 is,
703 2513 788 2564 qui,
820 2516 868 2553 ut
898 2513 1068 2566 ingenio
1100 2513 1182 2554 fuit
1209 2513 1438 2563 maximus,
1466 2513 1529 2554 ita
1561 2512 1722 2566 optime

214 2579 415 2629 omnium,
448 2582 490 2620 et
521 2579 593 2632 qui
616 2581 860 2633 praegressi
883 2585 982 2622 sunt
1004 2596 1099 2623 eum
1123 2586 1165 2623 et
1187 2582 1260 2635 qui
1282 2581 1513 2632 subsecuti,
1543 2581 1722 2622 meritus

214 2651 279 2688 est
311 2647 362 2688 de
395 2650 488 2688 arte
511 2647 678 2699 Latina,
710 2649 756 2698 Q.
780 2649 875 2690 dico
906 2650 1101 2691 Ennium.
1154 2654 1197 2691 et
1224 2664 1324 2692 vero
1346 2649 1535 2691 traditur
1556 2649 1721 2690 Livium

213 2715 483 2768 Enniumque
515 2719 700 2769 utraque
731 2716 879 2770 lingua
911 2718 1106 2760 docuisse
1139 2719 1465 2772 grammaticam
1495 2721 1570 2759 aut
1590 2718 1721 2758 inter-

213 2787 435 2837 pretantes
459 2784 628 2825 Graeca
660 2789 735 2826 aut
766 2786 908 2838 siquid
939 2787 1020 2840 ipsi
1042 2787 1193 2828 Latine
1230 2788 1569 2841 composuissent
1596 2800 1721 2839 prae-

212 2852 415 2905 legentes.
484 2853 586 2905 quin
636 2852 777 2905 fuere,
831 2855 903 2907 qui
955 2855 1010 2896 ad
1053 2855 1236 2896 Ennium
1282 2856 1416 2897 libros
1468 2855 1519 2896 de
1564 2855 1720 2896 litteris

213 2920 485 2974 syllabisque,
517 2921 619 2962 item
651 2922 703 2962 de
736 2923 882 2964 metris
913 2923 1134 2964 referrent.
1184 2924 1227 2964 111
1260 2938 1345 2977 qua
1380 2939 1426 2965 re
1458 2938 1719 2977 quamquam

213 2989 572 3042 acquiescendum
614 2991 810 3032 existimo
854 3005 920 3042 eo,
964 2992 1079 3045 quod
1112 2992 1339 3033 Suetonius
1383 3008 1476 3033 cum
1512 2993 1636 3034 Cotta
1675 2993 1718 3035 id
