1898 3292
226 248 248 286 3
255 248 307 286 50
814 252 933 277 menn
953 252 1138 283 QVARTvs.

226 358 387 400 circa
428 359 610 398 artem
650 356 1005 408 insequente
1048 355 1287 396 vocalem
1329 354 1570 395 hiantem
1612 368 1731 395 ora-

226 426 396 468 tionis
442 429 600 479 parte
648 424 770 474 tali,
820 438 976 477 quae,
1023 438 1134 464 cum
1181 427 1395 464 natura
1440 437 1541 464 sua
1588 423 1733 464 fera-

226 499 313 536 tur
345 494 408 535 ad
440 493 753 546 sequentia,
797 497 1028 545 propter
1066 505 1408 532 numerorum
1440 491 1631 544 legem,
1675 491 1734 532 de

226 577 328 616 qua
371 562 485 603 dixi
530 562 555 602 1.
593 561 685 612 ΙΙΙ,
739 560 919 601 artius
967 561 1039 601 sit
1085 560 1355 602 nectenda
1399 560 1734 613 praeceden-

224 631 388 673 tibus.
449 630 590 671 unde
635 630 741 670 iam
786 632 1046 682 apparet,
1094 642 1188 670 cur
1235 628 1378 682 apud
1425 628 1731 681 Vergilium

226 700 479 753 aliosque
512 702 616 740 tani
653 711 814 751 saepe
848 698 1205 738 inveniantur
1236 697 1563 747 hexametri,
1606 710 1734 749 quo-

225 783 336 810 rum
381 781 612 809 caesura
652 766 758 806 fiat
795 767 845 806 in
888 766 1279 807 coniunctione
1323 765 1404 806 vel
1449 765 1735 819 praeposi-

225 838 374 878 tione
407 834 788 890 monosyllaba
821 838 872 875 et
905 848 929 875 a
960 834 1139 875 vocali
1174 834 1456 884 incohata,
1489 838 1564 875 ut:

431 916 511 950 vela
536 915 674 949 dabant
698 914 786 948 laeti
811 917 843 947 et
868 926 1016 958 spumas
1042 914 1126 948 salis
1152 925 1234 947 aere
1262 915 1428 948 ruebant.

343 986 483 1038 Atque
516 984 615 1025 hinc
647 984 777 1024 etiam
822 983 1144 1036 explicandum,
1182 977 1430 1036 quod'item
1462 996 1589 1035 saepe
1623 982 1739 1035 apud

228 1053 463 1107 Vergilium
496 1052 688 1106 aliosque
720 1052 877 1093 multos
913 1052 1188 1093 inveniuntur
1229 1051 1629 1105 hephthemimeris,
1670 1051 1737 1091 cui

227 1135 310 1162 non
341 1121 563 1175 praecedit
599 1120 766 1162 finitum
806 1121 848 1161 in
889 1121 1094 1162 trochaeo
1137 1120 1266 1161 tertio
1299 1120 1494 1169 verbum,
1543 1118 1739 1172 exempla

227 1190 355 1231 talia:

433 1247 531 1281 iussa
556 1249 678 1280 tamen
708 1245 830 1279 dirum
858 1247 1069 1290 eoesequitur
1098 1246 1325 1289 classemque
1352 1245 1486 1279 revisit.

432 1307 511 1337 tum
534 1315 620 1338 vero
654 1303 784 1337 Teucri
810 1304 1032 1337 incumbunt
1057 1306 1094 1336 et
1120 1302 1227 1336 litore
1253 1305 1345 1336 toto.

225 1374 269 1414 in
301 1372 457 1426 quibus
490 1372 850 1426 penthemimerin
872 1372 989 1413 velut
1018 1372 1290 1413 auxiliariam
1323 1371 1528 1421 additam,
1559 1370 1603 1411 id
1625 1370 1740 1423 quod

228 1441 465 1483 Guilelmus
510 1441 696 1482 Meierus
745 1442 946 1495 opinatur
992 1441 1063 1495 [de
1095 1440 1189 1481 hex.
1222 1454 1283 1493 gr.
1321 1443 1363 1481 et
1390 1439 1462 1480 lat.
1494 1453 1562 1493 pg.
1600 1439 1740 1493 1047],

227 1510 342 1551 nullo
374 1514 503 1564 pacto
533 1509 813 1563 probabilest.
865 1510 1048 1563 primuni
1083 1509 1193 1549 enim
1226 1508 1329 1562 quid
1360 1507 1435 1549 fiet
1466 1508 1613 1549 metris
1645 1508 1740 1548 tali-

229 1578 320 1630 bus,
352 1578 426 1620 ubi
456 1592 541 1619 non
572 1578 621 1619 fit
653 1578 772 1620 elisio
804 1579 847 1619 in
878 1578 1212 1632 praepositione,
1244 1577 1383 1618 velut:

434 1659 619 1703 impulerat
643 1659 740 1701 ferro
767 1658 963 1703 Argolicas
991 1657 1138 1692 foedare
1164 1657 1334 1692 latebras.

227 1741 327 1768 nam
360 1741 584 1769 caesuram
616 1741 699 1768 non
731 1741 858 1780 posse
892 1726 1003 1768 effici
1036 1726 1116 1767 nisi
1148 1730 1223 1767 aut
1249 1725 1333 1767 fine
1361 1725 1480 1767 verbi
1511 1728 1586 1766 aut
1615 1739 1740 1778 prae-

227 1796 441 1850 positione
488 1796 715 1850 compositi
761 1795 828 1837 vel
873 1796 1074 1849 negativo
1122 1799 1160 1835 in
1207 1795 1312 1836 satis
1359 1794 1743 1835 demonstratumst

226 1865 252 1906 l.
285 1865 357 1905 ΙΙΙ.
407 1868 637 1918 praeterea
670 1879 753 1918 quo
787 1878 889 1906 casu
922 1863 1130 1905 accidisse
1173 1863 1380 1909 dicemus,
1415 1867 1481 1913 ut,
1525 1877 1619 1904 cum
1651 1866 1741 1904 tam

229 1947 357 1987 saepe
396 1937 550 1986 poetae
596 1937 663 1975 sat
706 1933 907 1986 castigati
949 1931 1229 1973 admitterent
1268 1933 1311 1972 in
1347 1931 1607 1973 subsidiaria
1637 1932 1741 1973 inci-

229 2002 346 2044 sione
378 2003 552 2053 tmesin‚
596 2002 776 2043 eandem
813 2001 869 2043 ad
899 2000 1182 2054 principalem
1215 2000 1483 2042 efficiendam
1514 2000 1579 2042 vel
1612 2001 1741 2042 raris-

230 2071 336 2112 sime
369 2070 626 2112 adhiberent
657 2070 723 2112 vel
754 2070 1020 2123 numquam?

346 2140 400 2180 At
432 2153 516 2193 quo
560 2139 656 2193 quis
702 2143 929 2181 auctorum
974 2138 1110 2192 magis
1148 2138 1230 2179 fuit
1269 2138 1421 2179 anxius
1464 2137 1743 2180 observandis

231 2207 419 2249 elisionis
456 2208 624 2262 legibus
661 2209 805 2262 priore
846 2211 970 2262 parte
1002 2207 1128 2248 huius
1161 2206 1466 2261 disputationis
1498 2206 1743 2260 propositis,

231 2290 341 2329 quae
372 2276 546 2330 'quidem
583 2280 740 2318 natura
771 2276 964 2318 finalium
996 2275 1208 2317 vocalium
1250 2279 1292 2316 et
1322 2276 1640 2328 insequentium
1671 2288 1744 2316 eas

231 2345 527 2396 continentur,
568 2359 739 2399 quoque
770 2345 911 2387 rarior
941 2345 984 2385 in
1027 2344 1216 2385 elisionis
1256 2358 1358 2394 usu,
1404 2357 1453 2385 eo
1497 2344 1744 2385 accuratius

230 2414 345 2455 intra
374 2413 481 2455 fines
513 2427 644 2467 supra
676 2414 921 2468 propositos
953 2413 992 2454 h.
1017 2427 1050 2454 e.
1083 2412 1208 2453 initia
1239 2412 1435 2454 ordinum
1466 2413 1743 2470 metricorum

231 2482 480 2524 continuere
517 2496 622 2524 eam.
685 2497 770 2536 qua
809 2483 852 2523 in
880 2495 927 2523 re
958 2481 1205 2523 differentia
1236 2481 1421 2522 maxime
1453 2480 1744 2522 memorabilis

231 2554 454 2604 comparet
491 2550 603 2592 inter
642 2551 820 2604 Vergilii
858 2554 997 2592 artem
1042 2554 1084 2592 et
1126 2549 1277 2592 Ovidii.
1347 2563 1446 2591 mox
1487 2549 1640 2591 horum
1683 2548 1743 2590 al-

231 2622 445 2660 terutrum
477 2619 614 2660 secuti
646 2622 746 2660 sunt
779 2622 923 2661 aetate
954 2620 1228 2673 posteriores.

348 2687 485 2741 Igitur
515 2687 558 2730 in
589 2688 729 2741 prima
772 2687 1014 2729 hexametri
1056 2687 1369 2741 pentametrive
1411 2687 1497 2727 arsi
1539 2686 1744 2740 exemplis

233 2756 385 2810 paucis
418 2770 514 2797 cum
557 2756 747 2797 admissa
785 2760 898 2797 esset
940 2756 1142 2810 synizesis
1174 2755 1228 2796 ab
1260 2755 1414 2806 Ennio,
1448 2754 1629 2805 Lucilio,
1662 2754 1744 2795 Lu-

233 2824 388 2875 cretio,
429 2824 615 2876 Catullo,
655 2825 837 2865 Horatio
880 2825 923 2865 in
967 2824 1136 2865 Saturis
1178 2822 1248 2878 [cf.
1283 2823 1463 2864 Froehd.
1496 2822 1641 2876 philol.
1672 2823 1744 2873 XI,

234 2893 355 2947 533],
396 2893 540 2934 media
571 2893 743 2946 quidem
785 2893 1038 2947 plerumque
1072 2892 1209 2933 vocali
1248 2892 1353 2933 elisa
1384 2892 1471 2933 sive
1504 2891 1653 2932 eadem
1681 2892 1743 2931 in-

233 2965 438 3014 sequente
493 2962 620 3015 longa
666 2962 789 3016 [Eun.
826 2975 920 3002 ann.
955 2964 1056 3012 1933
1102 2961 1199 3001 Luc.
1233 2961 1312 3001 inc.
1344 2959 1435 3014 69],
1481 2960 1523 3000 in
1572 2959 1743 3000 relicuis
