1898 3292
810 190 933 214 Νυκτὶ(
957 183 993 215 11.
1568 183 1647 219 637

259 286 468 332 Publilius
509 289 640 345 Syrus
682 294 745 331 77.
788 294 940 331 auctor
979 291 1104 332 metri
1137 291 1318 343 eligendi
1352 291 1549 333 Phaedro
1583 296 1648 333 87.

147 362 240 400 525.
302 359 392 400 eius
424 360 582 400 senarii
616 363 709 400 528.

259 441 377 480 puer.
422 427 473 468 cf.
504 427 551 468 l.:
583 427 691 480 puri.

259 496 478 549 puerities.
511 495 563 536 cf.
595 495 642 536 l.:
673 495 864 549 puritieS.

258 563 397 617 pulvis
423 567 516 605 399.

259 631 419 685 Pupius
450 632 640 686 tragicus
668 635 732 673 76.

258 701 355 753 puri
385 714 464 754 pro
495 701 617 753 pueri
651 704 744 742 298.

257 768 438 821 purities
469 782 547 822 pro
579 769 784 822 puerities
817 772 910 811 298.

259 986 314 1027 qu
355 973 398 1014 in
444 973 582 1015 medio
612 973 820 1016 vocabulo
852 973 1053 1029 producit
1094 974 1284 1016 vocalem
1316 976 1646 1029 praecedentem

146 1044 238 1082 382.
286 1041 337 1082 cf.
365 1045 459 1083 443.

259 1109 593 1164 quadrangulus,
627 1124 730 1152 non:
763 1111 1102 1165 quadriangulus
1130 1114 1223 1152 305.

258 1191 419 1231 quaeso
449 1182 542 1220 510.

259 1260 400 1300 quam,
434 1247 630 1300 quamde,
663 1247 845 1301 quande,
878 1248 1038 1301 quandi
1073 1252 1166 1289 499.

257 1315 604 1369 quandoquidem
636 1320 728 1357 518.
762 1316 805 1357 cf
845 1319 939 1357 437.
972 1320 1066 1357 442.

259 1384 526 1436 quantitates
567 1385 795 1426 verborum
835 1398 913 1438 per
946 1385 1245 1438 repetitionem
1278 1386 1470 1427 variatae
1504 1389 1556 1426 30
1589 1400 1650 1440 sq.

258 1456 525 1507 quapropter
557 1457 649 1495 518.

259 1521 382 1574 quasi
413 1525 507 1563 409.
536 1525 631 1563 412.

257 1592 433 1642 quattor
465 1593 558 1631 299.

259 1670 341 1711 que
366 1661 428 1699 71.
462 1661 555 1700 209.
589 1661 682 1700 382.
715 1662 809 1710 442,
843 1662 878 1701 3.
924 1673 1025 1700 num
1047 1658 1278 1712 aliquando
1302 1672 1379 1714 per
1409 1673 1454 1700 se
1487 1663 1652 1702 constet

144 1727 239 1777 464,
272 1729 308 1767 5.
369 1739 452 1779 que
482 1740 559 1781 per
592 1727 889 1781 compendium
922 1728 1130 1782 scriptum
1163 1731 1256 1769 594.
1318 1741 1544 1782 que—que
1583 1742 1648 1782 ap.

145 1793 345 1836 Plautum
378 1798 473 1836 432.

258 1876 380 1916 queo.
413 1864 530 1917 quivi
559 1867 652 1905 508.

260 1932 345 1985 qui.
393 1932 513 1974 cuius
560 1932 779 1987 monosyll.
827 1933 892 1974 vel
932 1932 1250 1988 pyrrichiacum
1292 1936 1395 1984 319,
1444 1937 1507 1974 20.
1583 1935 1651 1975 cui

142 1999 458 2054 pyrrichiacum
500 2004 593 2043 318.
662 2001 892 2043 iambicum
936 2004 1029 2052 318,
1072 2004 1108 2042 9.
1148 2001 1366 2056 monosyll.
1411 2002 1653 2056 correptai

144 2071 238 2110 319.
301 2069 372 2122 qui
403 2082 482 2122 pro
515 2069 583 2110 cui
616 2072 710 2111 319.

258 2137 332 2190 qui
364 2140 406 2178 et
437 2138 531 2191 quis
552 2139 808 2192 pronomina
835 2139 1147 2192 interrogativa
1178 2138 1293 2179 elata
1324 2152 1402 2192 per
1424 2142 1648 2180 accentum

144 2209 316 2247 acutum
347 2208 441 2246 467.

258 2274 359 2327 quia
390 2277 484 2316 409.
518 2279 613 2317 412.
645 2276 865 2330 monosyll.
898 2278 991 2317 323.

259 2343 461 2396 quianam
495 2347 588 2385 518.

258 2410 362 2464 quid
393 2412 458 2452 sin
484 2415 577 2453 506.

257 2479 545 2530 Quintilianus
579 2483 643 2531 57,
677 2484 713 2521 8.
751 2484 844 2531 235,
878 2485 914 2522 6.
946 2484 1040 2522 467.
1076 2484 1169 2531 573,
1198 2483 1234 2521 4.
1269 2480 1384 2521 alibi.
1415 2494 1491 2521 ein.
1531 2481 1579 2533 (I,
1613 2485 1649 2532 5,

144 2548 214 2600 72)
248 2550 340 2589 567.
402 2547 493 2602 (IX,
527 2552 565 2599 4,
600 2550 697 2601 140)
734 2552 824 2590 160.
859 2550 927 2603 (X,
963 2553 997 2600 1,
1026 2550 1097 2603 95)
1131 2552 1195 2590 70.

257 2616 352 2669 quis
383 2615 596 2657 infinitum
628 2617 800 2670 quando
832 2618 1062 2658 inclinetur
1095 2620 1189 2658 466.

259 2683 354 2737 quis
384 2683 752 2738 interrogativum.
787 2684 837 2726 cf.
869 2685 915 2727 l.:
946 2686 1018 2739 qui
1051 2689 1094 2727 et
1123 2686 1229 2739 quis.

257 2752 406 2806 quivis.
437 2753 575 2806 quivis
613 2753 781 2795 dativus
814 2757 906 2795 594.

258 2820 399 2874 quead
430 2824 524 2862 289.
586 2821 728 2875 quoad
758 2823 1081 2876 pronuntiatum
1114 2822 1228 2876 qued
1261 2825 1354 2864 324.

259 2890 463 2943 quocirca
494 2893 587 2931 518.
