1898 3292
228 294 279 328 VI

210 401 274 438 set
319 395 594 445 ingeniorum
646 392 861 433 subtilitas
907 394 948 431 et
995 390 1220 442 elegantia.
1285 389 1356 442 qui
1403 389 1435 429 si
1483 389 1537 429 ab
1583 388 1730 429 inferis

218 479 480 528 resurgeret,
523 473 624 526 quid
668 473 859 513 dicturus
905 475 1016 512 esset
1060 470 1111 511 de
1145 469 1288 511 multis
1320 473 1563 510 nostrorum
1595 469 1730 509 homi-

220 570 319 596 num
353 554 538 595 scholis?

334 636 399 675 Ita
445 633 689 674 informatis
737 632 950 673 mentibus
998 645 1047 671 ac
1093 631 1364 684 praeparatis
1415 629 1517 682 quid
1563 629 1729 678 mirum,

211 714 325 767 quod
348 714 507 754 relictis
532 712 657 765 vulgo
690 711 894 765 exemplis
928 711 1173 752 studiorum
1206 710 1379 763 optimis
1412 710 1729 760 multorumque

213 794 480 835 saeculorum
515 792 803 833 admiratione
837 791 1101 832 consecratis
1142 790 1421 830 diversissimi
1452 791 1535 830 iam
1567 786 1730 831 honore

213 878 255 914 et
286 874 423 926 gratia
457 873 610 914 florent
640 872 870 912 auctores?

330 953 408 1001 An,
451 952 484 992 si
530 953 711 992 rectiore
756 954 946 991 staret-ur
985 950 1164 997 iudicio„
1198 950 1305 990 Zola
1336 955 1377 990 et
1409 950 1728 992 Sudermannus

218 1033 488 1086 plurimique.
522 1032 592 1083 qui
626 1035 829 1071 secuntur
862 1044 945 1077 eos,
979 1034 1142 1070 tantum
1179 1035 1357 1082 potuere
1383 1031 1554 1083 assequi
1588 1031 1727 1071 famae

215 1128 264 1152 ao
298 1112 467 1152 laudis?
513 1111 647 1163 quid?
688 1110 871 1153 theatra,
910 1124 1019 1161 qua-e
1054 1109 1149 1149 olim
1185 1110 1414 1162 plurimum
1450 1110 1725 1151 contulerunt

216 1192 269 1231 ad
305 1191 538 1231 excolenda
570 1191 740 1242 ingenia
772 1193 811 1229 ct
846 1188 1115 1230 exornanda.
1155 1189 1310 1241 quibus
1341 1190 1423 1229 iam
1458 1190 1595 1230 solent
1627 1206 1721 1243 per-

213 1275 405 1323 strepere
439 1270 628 1310 fabulis?

326 1349 419 1390 Tali
462 1349 594 1401 igitur
641 1363 780 1388 rerum
831 1352 946 1388 statu
990 1348 1060 1400 qui
1105 1348 1334 1388 Homerum
1373 1362 1423 1389 ac
1467 1349 1721 1402 Sophoclem

212 1431 544 1481 ('ice1·‹›ne1nque
587 1432 628 1468 et
672 1428 897 1468 Horatium
944 1427 1186 1479 expulerint
1227 1443 1277 1467 ex
1321 1429 1573 1479 gymnasiis„
1623 1429 1722 1481 quid

211 1509 327 1550 aliud
351 1509 509 1548 facient
536 1522 662 1560 quam
696 1512 742 1547 ut
775 1507 1017 1547 barbariem
1051 1507 1181 1557 illam,
1215 1523 1340 1560 quam
1377 1510 1499 1560 quasi
1533 1509 1723 1560 proximo

210 1594 401 1642 tempore
448 1589 716 1640 ingruentem
767 1587 1015 1640 perhorruit
1061 1587 1286 1635 'Niburius5
1335 1589 1632 1628 commendent
1680 1594 1722 1629 et

211 1668 519 1709 introducant?

328 1748 415 1788 lam
449 1747 503 1787 ad
537 1747 777 1800 supplenda
800 1746 942 1787 studia
964 1747 1211 1795 iuventutis,
1244 1747 1454 1799 siquando
1478 1748 1721 1799 proturbati

213 1831 355 1868 essent
387 1827 554 1868 classici
588 1830 765 1870 veteres,
798 1826 870 1866 alii
894 1841 1035 1866 rerum
1059 1826 1332 1880 physicarum
1359 1826 1722 1880 cliimivarumquo

210 1907 465 1956 doctrinam,
497 1907 567 1947 alii
601 1907 886 1946 recentiorum
920 1906 1162 1958 linguarum
1186 1912 1444 1947 censuerunt
1467 1908 1719 1959 augendam.

324 1987 516 2039 Denique
551 1986 724 2038 quidam
760 1985 885 2026 medii
917 1986 1027 2033 aevi,
1066 1986 1178 2038 quod
1212 1986 1381 2036 dicitur,
1417 1991 1581 2039 poetas,
1619 2002 1719 2027 suae

209 2080 420 2119 quemque
456 2066 611 2118 gentis,
646 2080 772 2118 quam
807 2066 990 2105 maxime
1023 2066 1105 2105 iam
1137 2066 1387 2106 tractandos
1427 2066 1718 2117 crediderunt,

209 2160 388 2198 quorum
422 2145 603 2185 lectione
626 2145 793 2198 pariter
816 2149 858 2185 et
881 2159 1025 2185 amore
1057 2146 1225 2198 patriae
1249 2150 1291 2185 et
1312 2159 1477 2186 morum
1509 2147 1720 2187 avitorum

210 2226 367 2279 peritia
398 2225 728 2277 reverentiaque
758 2224 891 2264 imbui
920 2229 1096 2277 possent
1128 2225 1257 2264 animi
1292 2239 1534 2278 puerorum.

326 2305 455 2355 Quasi
490 2318 588 2345 vero
622 2319 801 2357 usquam
835 2312 902 2344 aut
942 2304 1126 2344 clariora
1153 2306 1320 2357 patriae
1344 2306 1501 2345 amoris
1524 2306 1721 2358 exempla

210 2388 406 2424 extarent
449 2398 576 2436 quan]
621 2384 735 2437 apud
778 2384 966 2424 Graecos
1009 2387 1050 2423 et
1093 2385 1307 2424 Romanos
1349 2389 1422 2424 aut
1460 2385 1718 2425 luculentius

210 2463 428 2504 celebrata
461 2477 589 2516 quam
618 2464 660 2503 in
694 2463 866 2515 scriptis
900 2477 1064 2512 00111111,
1107 2478 1157 2503 ac
1198 2464 1395 2504 iuventus
1438 2464 1588 2504 horum
1630 2469 1717 2505 stu-

209 2543 289 2582 diis
332 2542 498 2583 imbuta
539 2556 739 2595 umquam
785 2543 955 2595 segnior
995 2543 1207 2583 extitisset
1247 2543 1300 2583 ad
1331 2543 1499 2584 labores
1532 2547 1574 2584 et
1604 2545 1715 2596 peri—

210 2622 305 2662 cula
334 2636 412 2675 pro
444 2622 588 2674 patria
621 2622 855 2662 subeunda.

324 2702 456 2741 Porro
489 2715 582 2742 cum
616 2701 763 2741 dicunt
795 2701 920 2741 medii
952 2702 1043 2741 aevi
1075 2706 1273 2741 auctores
1302 2702 1367 2741 vel
1398 2702 1493 2742 ideo
1527 2708 1714 2743 tractan-

210 2781 307 2829 dos,
352 2780 466 2833 quod
511 2780 741 2833 plurimum
789 2780 1011 2820 conferant
1056 2781 1109 2821 ad
1149 2782 1487 2833 cognoscendam
1529 2782 1713 2823 indolem

208 2860 487 2913 principalem
521 2873 570 2900 ac
597 2863 794 2899 naturam
829 2860 1114 2900 recentiorum
1149 2861 1350 2912 gentium,
1384 2874 1434 2900 ex
1466 2866 1589 2914 parte
1620 2866 1714 2902 tan-

208 2944 299 2981 tum
331 2955 476 2981 verum
511 2954 603 2981 esse
635 2944 829 2994 apparet.
892 2954 969 2980 1100
1001 2941 1110 2981 enim
1143 2941 1204 2981 illi
1236 2941 1506 2994 popularium
1540 2956 1713 2984 suorum
