1898 3292
746 278 1026 304 PROHOEMIVM.
1617 272 1640 309 7

130 382 303 434 negavit
337 395 381 422 se
412 380 572 421 habere
605 385 740 431 recte,
783 381 1000 435 aliumque
1042 382 1189 422 horum
1238 381 1497 422 voluminum
1540 398 1635 424 auc-

130 453 268 491 torem
290 449 422 491 fuisse
444 449 627 491 Ennium
658 474 712 480 ——
743 450 817 503 qui
839 450 950 490 enim
972 450 1058 491 iam
1079 449 1229 491 licebit
1251 454 1443 491 statuere
1466 451 1639 502 certius,

131 533 226 559 cum
254 532 305 559 ne
336 531 423 559 una
453 517 625 571 quidem
657 531 708 558 ex
738 517 804 559 his
836 518 957 560 libris
980 518 1168 572 supersit
1197 518 1376 559 littera?
1408 544 1464 548 —-
1495 522 1639 560 tamen

128 601 206 640 per
238 601 283 628 se
315 586 485 628 diversa
508 586 650 640 opinio
673 586 789 627 haud
813 601 1031 641 quaquam
1054 586 1262 628 abhorret
1284 600 1310 627 a
1331 586 1639 640 probabilitate

129 658 205 697 aut
243 656 523 709 incongruast
567 655 644 705 eis,
692 669 802 709 quae
847 669 872 696 a
916 656 1045 697 Festo
1091 655 1274 709 aliisque
1313 655 1546 697 traduntur
1587 656 1640 698 de

128 727 283 778 poetae
313 723 466 765 studiis
498 723 803 777 grammaticis.

243 792 344 834 Mox
365 792 519 834 Lucilii
541 792 746 846 Acciique
779 796 967 846 quantae
989 792 1151 834 fuerint
1172 793 1215 833 in
1238 792 1388 834 eadem
1409 806 1456 833 re
1477 795 1637 846 partes,

127 861 286 903 nemini
315 862 520 915 ignotum.
572 861 671 902 111110
702 865 911 914 quantum
942 861 997 902 ad
1027 875 1175 902 versus
1208 875 1355 902 eorum
1386 860 1640 902 redundarit

128 929 356 981 commodi,
400 944 452 971 110
492 944 605 971 1111110
641 929 814 983 quidem
855 929 1022 984 pridem
1054 929 1292 983 deperditis
1321 929 1513 984 ipsorum
1546 944 1638 972 car-

127 998 313 1040 minibus
343 999 529 1053 perspici
563 1012 647 1040 non
678 998 790 1040 licet.

240 1067 331 1109 Iam
361 1067 405 1108 in
434 1066 602 1119 scholis,
636 1081 743 1121 quas
775 1067 873 1108 inde
907 1081 932 1108 a
963 1067 1102 1109 medio
1135 1067 1193 1108 IV
1221 1081 1257 1108 a.
1281 1066 1377 1108 Chr.
1404 1081 1442 1107 n.
1466 1067 1638 1108 saeculo

126 1136 242 1190 apud
292 1136 508 1177 Romanos
560 1136 692 1178 fuisse
742 1136 1036 1190 probabilest,
1089 1150 1173 1177 non
1223 1135 1355 1177 ullam
1403 1139 1637 1177 metrorum

127 1205 443 1246 enarrationem
487 1204 618 1246 fuisse
661 1218 745 1246 non
784 1208 849 1246 est
891 1205 1006 1258 quod
1047 1205 1262 1246 miremur.
1331 1204 1447 1258 quod
1488 1208 1639 1246 contra

125 1274 222 1328 plus
245 1287 373 1326 quam
405 1273 676 1315 verisimilest
705 1273 824 1325 illud,
857 1274 1122 1327 quantitates
1155 1277 1272 1314 certe
1301 1273 1564 1328 syllabarum
1597 1278 1640 1315 et

125 1356 248 1383 veras
279 1341 587 1396 pronuntiandi
617 1342 807 1383 rationes
837 1342 879 1383 in
913 1342 974 1383 eis
1002 1342 1117 1383 tradi
1150 1342 1298 1383 solitas
1330 1342 1487 1396 pueris.
1539 1356 1638 1383 nam

125 1410 206 1452 hoc
237 1410 317 1452 nisi
348 1410 509 1459 factum
543 1414 672 1461 esset,
717 1411 789 1464 qui
827 1411 1019 1465 potuerit
1050 1425 1186 1464 usque
1219 1410 1275 1452 ad
1305 1411 1413 1451 Livii
1442 1414 1638 1464 tempora

126 1479 389 1533 syllabarum
421 1482 463 1520 et
493 1479 547 1520 ad
577 1479 745 1521 radices
777 1479 1008 1520 verborum
1032 1479 1151 1520 etad
1183 1479 1390 1520 flexiones
1420 1479 1635 1533 pertinen-

125 1548 231 1589 tium
264 1561 325 1598 ea,
359 1561 488 1601 quam
519 1548 724 1599 videmus,
756 1562 931 1590 manere
952 1548 1194 1601 integritas,
1225 1547 1342 1589 haud
1364 1547 1490 1589 facile
1523 1548 1638 1601 quis-

126 1630 254 1670 quam
294 1616 532 1670 explicarit.
603 1617 685 1658 nisi
729 1615 841 1658 forte
893 1631 988 1658 011111
1037 1616 1141 1658 dicit
1182 1616 1410 1670 Pompeius
1466 1617 1523 1671 [p.
1555 1621 1636 1658 422

126 1684 335 1740 Lindem]
384 1699 460 1726 suo
507 1688 701 1740 tempore
747 1685 1001 1739 plerumque
1045 1685 1157 1726 male
1203 1685 1522 1738 pronuntiando
1563 1689 1639 1727 aut

126 1753 278 1795 breves
310 1753 499 1808 syllabas
526 1754 654 1807 longo
686 1758 831 1795 tractu
854 1768 1007 1796 sonare
1030 1757 1105 1795 aut
1126 1754 1276 1807 longas
1301 1754 1496 1795 breviore
1520 1768 1636 1805 sono,

126 1825 366 1864 statuemus
398 1822 498 1863 huic
532 1822 633 1864 vitio
665 1836 750 1864 non
781 1823 912 1864 fuisse
945 1822 1154 1864 obnoxios
1185 1826 1352 1864 veteres
1385 1823 1560 1864 Latinos
1594 1827 1637 1864 et

125 1890 286 1944 fugisse
333 1891 504 1932 omnino
546 1891 660 1945 quod
705 1891 942 1933 cultissima
982 1891 1216 1933 Domitiani
1264 1894 1407 1932 aetate
1458 1891 1633 1943 factum,

126 1973 212 2013 qua
253 1959 482 2013 plerosque
522 1960 749 2001 verborum
791 1964 1006 2002 extremas
1050 1959 1237 2014 syllabas
1279 1974 1363 2001 non
1393 1961 1634 2013 pertulisse,

124 2028 317 2082 priorum
365 2027 466 2069 dum
516 2042 619 2070 sono
669 2028 965 2083 indulgerent,
1028 2032 1180 2069 auctor
1229 2031 1294 2070 est
1345 2028 1634 2079 Quintilianus

125 2096 216 2152 [XL
249 2099 285 2147 3,
317 2096 400 2151 33].

239 2164 323 2206 Sed
356 2164 589 2206 scholicam
619 2165 738 2206 illam
768 2179 1001 2219 puerorum
1031 2165 1333 2216 eruditionem,
1377 2179 1505 2218 quam
1538 2180 1636 2219 pro-

125 2232 315 2274 babilest
355 2236 454 2287 post
498 2233 609 2275 Aelii
654 2234 828 2275 Stilonis
874 2238 1072 2288 tempora
1118 2234 1256 2287 magis
1299 2233 1539 2287 magisque,
1589 2238 1637 2275 ut

126 2301 282 2343 asserit
310 2302 550 2353 Suetonius,
583 2303 724 2355 gratia
755 2317 944 2356 curaque
976 2303 1082 2344 artis
1113 2303 1380 2344 increscente
1411 2316 1547 2355 usque
1581 2302 1635 2343 ad

125 2373 293 2412 sextum
340 2371 654 2425 septimumque
700 2386 739 2425 p.
773 2371 868 2413 Chr.
898 2386 936 2413 n.
981 2371 1242 2425 perdurasse
1289 2370 1529 2421 saeculum,
1576 2370 1636 2412 sic

127 2438 333 2480 describit
366 2438 530 2480 Seneca
560 2439 854 2494 Epistularum
886 2440 910 2481 l.
946 2440 1047 2481 XIII
1089 2440 1174 2494 [88,
1209 2439 1270 2494 3]‚
1311 2442 1359 2480 ut
1394 2438 1511 2480 dicat
1543 2453 1635 2480 esse

126 2507 396 2561 grammatici
418 2507 681 2562 syllabarum
704 2508 1023 2550 enarrationem
1046 2513 1087 2550 et
1108 2508 1338 2550 verborum
1367 2508 1633 2561 diligentiam

126 2580 168 2617 et
198 2575 443 2617 fabularum
464 2577 715 2618 memoriam
739 2581 781 2618 et
802 2591 1002 2619 versuum
1022 2577 1160 2631 legem
1184 2591 1234 2618 ac
1256 2577 1632 2618 modificationem.

126 2644 194 2685 cui
226 2648 325 2686 sunt
350 2644 582 2697 simillima,
625 2659 736 2698 quae
777 2645 928 2687 scribit
959 2645 1245 2696 Quintilianus
1276 2646 1300 2686 1.
1336 2646 1355 2686 Ι
1387 2646 1443 2699 [8,
1480 2645 1550 2699 13]
1582 2644 1634 2685 de

125 2727 171 2754 re
210 2713 360 2754 eadem
394 2712 455 2754 ‘in
475 2718 760 2766 praeleqendo
790 2718 1081 2766 qrammaticzm
1114 2722 1151 2755 et
1182 2718 1252 2756 illa
1287 2717 1445 2764 quidem
1476 2717 1635 2754 minora

122 2788 342 2832 praestare
383 2784 557 2831 debebit,
600 2790 641 2823 ut
676 2789 821 2833 partes
863 2786 1059 2824 orationis
1096 2786 1217 2824 reddi
1247 2785 1324 2823 sibi
1355 2785 1482 2822 soluto
1515 2795 1635 2822 versu

127 2853 332 2890 desideret
370 2857 408 2890 et
445 2855 598 2901 pedam
637 2854 942 2901 proprietates,
988 2865 1091 2902 quae
1135 2855 1237 2891 adeo
1277 2850 1319 2903 (i.
1352 2864 1386 2891 e.
1426 2854 1487 2890 vel
1525 2851 1634 2903 ideo)

125 2920 270 2958 debent
296 2931 383 2959 esse
413 2926 533 2960 notae
564 2923 604 2959 in
636 2922 897 2968 carminibus,
941 2926 983 2960 td
1030 2923 1147 2961 etiam
1190 2922 1230 2958 in
1262 2921 1445 2959 oratoria
1477 2931 1633 2968 compo-

125 2989 270 3026 sitione
302 2990 596 3038 decimentur?
646 2987 757 3028 hanc
779 2991 923 3029 autem
944 2991 992 3028 ut
1023 2991 1189 3028 ceteras
1212 2986 1465 3027 eruditionis
1486 2989 1633 3039 partes
