1898 3292
771 206 890 230 LIBER
908 206 1062 230 PRnrvs.
1620 197 1671 235 55

166 324 313 362 grave,
355 310 438 349 iam
486 310 623 361 magis
667 309 888 361 magisque
928 309 971 348 in
1014 312 1305 360 contemptum
1341 308 1486 347 venire
1519 309 1672 361 coepit,

165 379 227 419 ita
266 381 315 419 ut
355 381 601 419 nostrorum
643 381 885 430 temporum
923 379 1063 427 vates,
1111 376 1222 429 siqui
1261 379 1405 415 tamen
1445 375 1530 416 iam
1575 380 1674 416 sunt

167 445 355 497 omnino,
388 460 526 499 neque
557 446 640 486 hae
670 445 959 499 appellatione
991 458 1130 498 neque
1163 444 1396 485 vetustiore
1428 444 1553 497 longe
1585 444 1671 495 illa,

166 529 191 555 a
224 514 426 555 dictando
459 528 570 567 quae
602 513 834 564 descendit⁷
872 513 956 554 sint
984 513 1185 563 contenti,
1219 512 1293 553 sed
1315 512 1477 553 nullum
1498 517 1673 566 praeter

165 586 344 624 cantoris
376 582 631 624 vocabulum
663 582 768 623 satis
792 581 981 635 amplum
1018 581 1101 622 sibi
1130 581 1385 622 existiment.
1433 595 1531 621 nam
1558 582 1673 634 quod

165 651 262 692 olim
295 651 607 692 Germanorum
638 650 830 692 nonnulli
861 651 1052 704 reperire
1084 649 1166 691 sibi
1198 653 1296 691 sunt
1338 649 1416 690 visi
1456 649 1672 702 quandam

164 719 400 761 bardorum
433 723 474 761 et
507 723 653 760 vatum
684 719 1018 769 similitudinem,
1052 718 1219 759 silentio
1251 718 1511 772 praeteribo.

280 788 364 830 Sed
394 788 480 829 iam
512 788 641 829 redeo
665 788 720 828 ad
741 788 936 828 Ennium,
988 787 1039 828 de
1063 801 1147 840 quo
1168 786 1335 841 plenius
1358 801 1470 828 nunc
1492 788 1672 829 rectius-

164 871 246 910 que
275 870 404 910 quam
435 860 534 897 ante
565 870 699 898 annos
729 856 909 909 triginta
939 855 1039 896 licet
1068 855 1264 896 iudicari.

277 925 414 978 Igitur
447 924 615 966 duabus
657 925 927 979 potissimum
969 924 1098 965 rebus
1142 923 1340 965 effectast
1380 938 1515 965 novae
1556 925 1672 974 artis,

165 1008 293 1047 quam
322 993 491 1034 induxit
520 993 603 1044 ille,
636 993 873 1034 diversitas.

278 1062 387 1103 Nam
435 1076 530 1103 cum
575 1075 775 1103 versuum
816 1061 1061 1102 italicorum
1105 1065 1147 1102 et
1190 1061 1557 1114 graecanicoruim
1601 1062 1674 1115 qui

165 1135 264 1173 ante
296 1145 391 1171 eum
423 1131 466 1171 in
506 1145 586 1171 usu
629 1130 817 1180 fuerant,
868 1144 986 1171 arses
1026 1134 1202 1184 possent
1242 1144 1388 1170 ornnes
1430 1130 1552 1176 solvi,
1592 1131 1674 1171 nisi

168 1200 302 1241 thesis
333 1202 588 1252 sequeretur
618 1198 747 1249 nulla,
779 1198 924 1240 theses
947 1202 1091 1240 autem
1114 1199 1266 1240 breves
1287 1203 1462 1253 praeter
1482 1199 1672 1240 iambum

164 1269 364 1310 ultimum
393 1267 647 1321 plerumque
677 1271 853 1321 possent
883 1267 1041 1308 mutari
1072 1281 1156 1308 non
1178 1268 1304 1309 modo
1334 1268 1512 1321 singulis
1534 1268 1672 1320 longis

165 1336 352 1392 syllabis,
383 1336 458 1377 sed
487 1340 529 1377 et
559 1335 762 1377 brevibus
795 1336 924 1386 binis,
956 1336 999 1376 in
1031 1336 1283 1378 hexametro
1315 1340 1672 1390 pentametroque

162 1405 297 1460 priori
324 1405 524 1446 licentiae
557 1404 727 1446 0111111110
759 1418 842 1445 11011
874 1408 938 1445 est
982 1418 1209 1446 concessus
1250 1405 1387 1456 locus,
1429 1405 1568 1446 altera
1611 1406 1673 1446 ita

163 1477 426 1528 temperata,
466 1476 515 1514 ut
551 1473 687 1514 thesis
728 1487 811 1514 non
843 1477 990 1527 posset
1017 1474 1176 1514 mutari
1206 1474 1289 1515 nisi
1321 1474 1511 1515 eiusdem
1544 1474 1672 1527 plane

163 1556 389 1584 mensurae
434 1541 662 1595 semipede.
733 1556 863 1596 porro
909 1556 1003 1583 cum
1055 1542 1211 1595 tragici
1259 1556 1310 1583 ac
1358 1542 1493 1584 multo
1537 1543 1673 1596 magis

164 1611 314 1653 comici
353 1611 397 1651 in
441 1609 668 1652 efferendis
709 1611 1027 1664 quantitatibus
1067 1611 1330 1665 syllabarum
1380 1625 1508 1665 saepe
1556 1612 1671 1665 vulgi

163 1681 306 1735 potius
345 1693 470 1720 usum
512 1683 554 1720 et
595 1679 892 1732 quotidianam
940 1680 1338 1733 pronuntiationem
1386 1684 1670 1733 sequerentur

164 1763 293 1802 quam
325 1748 424 1789 olim
454 1752 652 1802 receptas
684 1748 799 1801 leges
822 1748 1029 1789 sermonis
1052 1748 1206 1799 Latini,
1240 1761 1350 1801 quae
1379 1749 1482 1801 quin
1514 1748 1671 1789 Graeci

164 1816 333 1871 legibus
362 1815 525 1857 fuerint
553 1816 794 1858 simillimae
816 1817 886 1858 vix
916 1820 1061 1870 potest
1093 1816 1295 1867 dubitari,
1329 1816 1382 1858 ab
1406 1817 1543 1858 Ennio
1565 1817 1673 1858 haec

165 1886 307 1928 omnia
328 1885 383 1926 ad
406 1885 671 1927 Graecorum
692 1889 896 1927 revocata
918 1889 1017 1926 sunt
1039 1885 1211 1939 placita.
1254 1899 1351 1926 nam
1374 1900 1452 1927 nec
1474 1885 1671 1935 iambica,

165 1968 274 2008 quae
319 1953 569 2007 frequenter
613 1954 934 1996 adhibebantur
977 1958 1178 2008 correpta
1214 1954 1352 2005 finali,
1400 1954 1673 2008 pyrrichiaca

163 2022 365 2076 usurpari
390 2022 477 2062 iam
497 2036 651 2076 passus
675 2027 739 2064 est
759 2027 934 2076 praeter
956 2036 1095 2076 pauca
1119 2022 1355 2076 eademque
1376 2023 1560 2076 plurimo
1594 2038 1674 2064 usu

163 2091 280 2132 velut
313 2090 492 2142 detrita,
534 2091 578 2131 in
606 2091 796 2132 vocalem
829 2105 940 2144 quae
973 2091 1157 2142 exirent,
1196 2105 1274 2132 1100
1304 2091 1530 2145 positionis
1558 2091 1673 2132 ultra

165 2159 309 2213 sperni
349 2173 562 2210 normam,
613 2173 699 2212 qua
744 2160 941 2213 neglecta
985 2173 1114 2213 saepe
1156 2159 1434 2212 sequentibus
1478 2161 1674 2201 consonis

166 2227 345 2279 duabus,
370 2241 481 2281 quae
497 2241 582 2269 non
600 2231 743 2269 essent
758 2232 878 2269 muta
896 2242 991 2269 cum
1007 2227 1184 2281 liquida,
1208 2227 1493 2269 servabantur
1510 2228 1672 2269 breves.

281 2297 341 2337 Ac
370 2310 424 2337 ne
456 2297 697 2350 scripturae
728 2296 904 2338 licentia
934 2311 1084 2338 rursus
1130 2297 1400 2337 elevarentur
1436 2310 1546 2350 quae
1579 2311 1673 2337 san-

164 2365 309 2415 xisset²
343 2378 450 2418 quas
479 2364 695 2418 loquendo
718 2365 958 2419 geminatas
979 2365 1225 2419 proferrent
1246 2365 1427 2406 Romani
1451 2379 1672 2416 consonas,

166 2434 295 2475 etiam
328 2433 554 2475 scribendo
585 2433 711 2475 iussit
743 2433 966 2487 duplicari.

280 2502 514 2543 Praeterea
549 2516 645 2543 cum
676 2506 797 2543 muta
826 2507 868 2544 et
899 2502 1066 2555 liquida
1099 2502 1273 2544 additae
1304 2506 1478 2556 praeter
1508 2517 1576 2553 qn,
1608 2517 1674 2554 (sm

166 2570 474 2611 nihilomnino
505 2571 741 2611 valuissent
783 2570 837 2611 ad
879 2570 1181 2624 producendas
1225 2571 1394 2621 breves,
1436 2570 1548 2611 idem
1589 2584 1673 2610 non

167 2653 297 2679 ausus
342 2652 432 2679 rem
482 2638 700 2680 Homerici
746 2653 850 2680 usus
895 2653 1085 2692 aequare
1136 2639 1377 2690 severitati,
1431 2653 1558 2692 quam
1608 2638 1675 2679 vel

168 2707 324 2748 Graeci
363 2707 463 2748 olim
503 2707 766 2748 emollissent
794 2712 967 2761 poetae,
1013 2711 1158 2748 tamen
1200 2707 1406 2758 obtinuit,
1455 2706 1568 2760 quod
1610 2707 1673 2747 in-

167 2775 361 2816 auditum
394 2779 533 2826 antea,
565 2779 613 2816 ut
641 2790 720 2829 pro
754 2776 934 2817 arbitrio
965 2777 1052 2817 iam
1079 2777 1122 2817 in
1144 2775 1338 2817 versibus
1360 2789 1444 2816 non
1466 2775 1674 2816 scaenicis

167 2843 327 2884 vocalis
358 2843 499 2884 brevis
532 2844 781 2885 condicione
813 2844 890 2884 tali
926 2845 1240 2886 extenderetur.

283 2911 347 2952 De
380 2911 567 2953 elisionis
599 2912 780 2953 raritate
811 2912 991 2954 notabili
1023 2913 1190 2954 dicetur
1223 2912 1248 2952 l.
1280 2912 1349 2953 IV.
