1898 3292
287 230 367 267 612
958 239 1086 264 mnEx
1104 240 1128 265 I.

400 340 764 381 Substantiva
797 340 1006 382 Graeca
1038 345 1248 383 487—97.

400 409 700 450 Prohoemium
734 413 827 453 487.
891 410 1053 451 Ennius
1089 414 1184 460 487,
1218 414 1254 452 8.
1317 411 1470 451 Accius
1511 414 1552 451 et
1593 410 1792 451 Lucilius.

286 492 311 518 a
342 477 637 519 Gracchorum
671 482 813 519 aetate
856 493 966 531 quae
1005 478 1155 519 finales
1188 478 1382 519 Graecae
1427 479 1667 532 promiscue
1710 479 1795 519 sint

285 546 506 587 adhibitae
538 550 632 587 488.
694 547 981 600 Euphorionis
1023 551 1220 588 cantores
1253 551 1347 588 488.
1411 548 1603 600 Augusto
1636 560 1793 599 aequa-

284 615 345 655 les
377 619 471 656 488.
533 615 752 656 nominum
787 615 1051 656 Graecorum
1084 630 1186 656 usus
1229 620 1322 657 488.
1385 615 1614 656 declinatio
1656 616 1795 668 prima

284 687 482 725 488—93
524 684 839 738 (patronymica
881 685 1135 737 graecanico
1178 684 1301 725 modo
1334 684 1464 724 ducta
1497 698 1521 724 a
1553 684 1794 724 nominibus

284 752 448 793 Latinis
478 756 572 802 491,
608 753 662 806 2).
725 752 913 793 secunda
945 757 1154 795 493-95,
1216 753 1346 794 tertia
1376 757 1586 794 495—97.

399 820 693 862 Adiectiva
726 820 936 862 Graeca
968 825 1062 871 497,
1097 825 1133 863 8.

400 889 702 942 Antiquiorum
735 903 836 930 usus
869 893 963 940 497,
997 894 1032 932 8.
1094 890 1304 943 positivus
1336 889 1495 942 gradus
1526 893 1620 931 498.
1683 903 1794 930 com-

284 958 505 1012 parativus
539 958 820 1010 graecanicus
852 961 946 1000 498.

401 1027 624 1068 Formae
654 1026 922 1081 hybridae
955 1031 1049 1075 498,
1083 1031 1119 1069 9.

398 1095 675 1138 Adverbia
705 1099 802 1146 499,
833 1100 926 1138 500.

400 1164 831 1207 Coniunctiones
865 1167 1103 1206 500—506.

398 1236 465 1285 At,
497 1238 564 1275 ast
594 1237 773 1276 500-2,
835 1248 885 1275 ac
919 1238 1012 1284 502,
1047 1238 1082 1276 3
1143 1248 1239 1285 nec,
1274 1248 1410 1287 neque
1445 1237 1524 1275 503
1589 1239 1624 1275 5.
1686 1234 1795 1275 aliae

285 1307 379 1354 505,
411 1306 448 1345 6.

400 1371 577 1413 Verba
611 1374 821 1413 506-14.

399 1440 568 1482 Finales
612 1443 770 1491 -erunt,
803 1454 906 1490 -ere,
940 1440 1029 1491 —ris,
1059 1454 1136 1490 —re,
1167 1440 1211 1486 -i,
1244 1440 1326 1480 -ier
1361 1442 1454 1487 506,
1486 1443 1521 1480 7.
1582 1439 1794 1493 perfecto-

284 1524 377 1550 rum
423 1510 466 1550 in
510 1510 569 1549 -vi
612 1509 859 1550 exeuntium
900 1509 1138 1550 contractio
1184 1512 1278 1559 507,
1321 1512 1356 1549 8.
1420 1508 1710 1561 perfectorum
1753 1509 1793 1548 in

284 1578 351 1629 —si,
383 1579 479 1631 -psi,
511 1578 572 1618 -xi
601 1577 820 1618 finitorum
855 1591 1058 1632 syncope,
1099 1591 1209 1631 quae
1252 1581 1431 1630 putatur
1462 1577 1587 1629 vulgo
1632 1580 1724 1624 508,
1759 1582 1795 1618 9.

285 1647 442 1696 ausim,
481 1646 602 1696 faxo,
647 1645 777 1686 faxim
821 1649 914 1687 509.
977 1646 1222 1699 coniugatio
1268 1646 1408 1699 prima
1453 1648 1546 1686 509.
1608 1645 1796 1686 secunda

286 1718 378 1756 509.
430 1715 561 1756 tertia
594 1718 785 1756 509—11
823 1715 940 1768 (huic
971 1728 1048 1768 per
1080 1715 1408 1768 metaplasmum
1431 1713 1580 1754 addita
1613 1718 1706 1763 509,
1733 1717 1794 1755 10.

283 1784 526 1837 imperativi
566 1783 758 1824 nonnulli
801 1783 958 1824 omissa
998 1797 1019 1824 e
1063 1787 1157 1825 510.
1220 1783 1306 1824 alia
1348 1782 1561 1836 quaedam
1602 1786 1695 1833 510,
1732 1786 1794 1823 11.

283 1852 504 1903 memordi,
538 1852 694 1893 similia
718 1854 830 1901 511).
893 1857 1050 1905 quarta
1084 1856 1177 1903 511,
1201 1856 1223 1893 2
1258 1852 1432 1905 (parire,
1465 1851 1624 1901 moriri,
1649 1852 1795 1905 cupis<¹

285 1926 378 1963 511.
421 1922 564 1975 potior
595 1925 637 1962 et
659 1921 774 1962 orior
807 1925 901 1972 511,
926 1925 961 1962 2.
1013 1921 1160 1971 -ibam,
1193 1920 1299 1962 -ibo
1319 1924 1411 1962 512.
1464 1920 1550 1961 alia
1583 1920 1795 1973 quaedam

286 1992 398 2044 512).
454 1990 713 2044 deponentia
737 1994 829 2032 512.
881 1990 1081 2031 anomala
1104 1993 1300 2031 512-14
1333 1990 1419 2042 (aio
1454 1992 1545 2030 512.
1598 1989 1677 2030 edo
1702 1993 1795 2039 512,

288 2062 349 2100 13.
413 2073 461 2101 eo
495 2063 588 2100 513.
651 2059 737 2099 alia
770 2063 863 2109 513,
896 2060 952 2113 4).

399 2127 612 2169 Omissum
645 2127 759 2182 apud
792 2127 1103 2168 vetustissimos
1135 2126 1444 2181 dactylicorum
1477 2126 1654 2168 verbum
1688 2124 1791 2168 ‘est'

283 2197 349 2239 vel
390 2194 526 2238 ‘sunt'
566 2201 659 2238 514.

354 2272 357 2276 ’
397 2266 789 2307 Derivationes
823 2268 1031 2307 514-17,

398 2335 672 2376 Deminutiva
704 2338 798 2385 515,
830 2337 865 2375 6.
928 2333 1150 2375 abstracta
1187 2334 1230 2374 in
1271 2334 1344 2383 -ia,
1386 2334 1457 2384 -io,
1501 2334 1616 2383 -itas,
1659 2333 1794 2383 -tudo,

284 2418 354 2445 -us
386 2403 588 2444 exeuntia
621 2406 714 2445 516.
775 2402 926 2444 finales
962 2416 1078 2443 -men
1111 2406 1153 2443 et
1184 2406 1393 2443 -mentum
1427 2406 1519 2443 516.
1582 2402 1795 2443 adiectiva

282 2473 325 2513 in
368 2475 498 2521 -atus,
541 2471 658 2521 -itus,
701 2475 819 2512 -utus
857 2470 1052 2512 finientia
1097 2474 1188 2512 516.
1249 2471 1291 2510 in
1335 2470 1465 2519 -talis,
1511 2470 1631 2520 -silis,
1676 2470 1793 2520 -tilis,

283 2540 400 2581 -bilis
425 2544 518 2582 516.
551 2565 605 2570 —
637 2540 844 2581 adverbia
866 2539 1031 2580 suffixis
1063 2540 1152 2590 -im,
1185 2539 1303 2589 -itus,
1333 2539 1435 2579 -iter
1459 2542 1552 2589 516,
1577 2543 1612 2579 7.
1664 2538 1795 2579 verba

283 2609 602 2662 frequentativa
634 2612 677 2649 et
708 2608 954 2649 incohativa
989 2612 1082 2649 517.

397 2677 620 2718 Vocabula
652 2676 866 2730 quaedam
897 2676 964 2717 vel
1007 2677 1228 2717 rarissime
1271 2679 1481 2729 usurpata
1511 2675 1577 2716 vel
1608 2689 1633 2716 a
1666 2675 1794 2717 certis

282 2746 422 2799 poetis
453 2746 590 2786 vitata
623 2749 717 2795 517,
752 2748 813 2786 18.

397 2813 603 2867 Epilogus
635 2816 716 2855 518
779 2816 843 2854 23.

397 2882 565 2923 Niburii
597 2882 649 2922 de
685 2882 820 2922 Ennio
854 2882 1030 2935 eiusque
1072 2881 1360 2923 sectatoribus
1399 2881 1542 2935 opinio
1584 2883 1791 2922 518—21.

283 2955 509 3004 poetarum
541 2951 792 2992 Latinorum
825 2951 1134 3004 dactylicorum
1166 2951 1320 2991 merita
1353 2954 1560 2991 521—23.
