1898 3292
727 251 847 276 LIBER
865 251 1075 277 SECVNDVS.
1575 242 1652 280 189

148 354 433 396 Philoctetam
465 352 530 393 his
563 353 705 394 vorbis
737 353 984 394 Alcmenam
1022 356 1198 406 propter
1238 352 1313 393 filii
1354 353 1515 393 obitum
1556 366 1650 393 con-

149 424 332 465 solatum
364 435 456 463 esse
486 422 715 476 perhibent
744 422 914 476 [1831]:

834 501 980 535 debitos
1007 503 1092 534 nato
1120 500 1266 544 quidem

423 569 606 603 conpesce
632 557 750 601 fletus,
775 560 893 591 mater
920 557 1074 591 Alcidae
1099 557 1228 591 incliti.

421 626 495 649 non
521 618 577 649 est
603 614 805 660 gemendus
831 626 898 649 nec
926 615 1028 659 gravi
1053 614 1238 659 urgendus
1264 625 1364 656 nece,

421 672 558 707 virtute
584 671 746 716 quisquis
773 671 924 706 abstulit
948 671 1032 705 fatis
1058 671 1138 705 iter.

149 743 222 796 qui
242 741 385 796 potuit
404 741 549 794 urgeri
566 740 773 782 Hercules
797 740 916 793 gravi
938 754 1041 781 nece
1064 740 1135 794 qui
1157 740 1243 781 iam
1265 744 1444 781 mortem
1469 740 1655 780 obisset?

149 810 423 853 scribendum
452 823 594 860 prece.
657 809 752 862 quis
785 809 894 850 enim
926 809 1098 862 ignorat
1127 809 1342 862 Propertii
1371 809 1498 849 illud:

376 888 511 932 desine,
537 888 674 932 Paulle⁷
702 900 825 923 meum
849 889 1009 922 lacrimis
1034 900 1192 933 urguere
1217 889 1438 933 sepulcrum.

377 946 551 991 panditur
576 946 621 980 ad
647 946 762 979 nullas
786 946 895 980 ianua
920 946 1025 990 nigra
1049 957 1189 990 preces.

150 1015 265 1070 quod
296 1029 380 1069 quo
411 1015 628 1069 pertineat
649 1015 753 1056 satis
776 1015 930 1068 amplis
953 1015 1158 1069 exemplis
1181 1015 1364 1056 docuere
1386 1015 1656 1069 interpretes.

150 1089 280 1139 atque
310 1084 423 1126 idem
456 1084 638 1125 coniecit
667 1083 972 1138 Perlcampius.
1015 1109 1067 1113 —
1109 1084 1207 1125 dein
1237 1084 1345 1125 haec
1376 1084 1574 1125 feruntur
1605 1084 1657 1125 de

149 1153 289 1195 Nioba
319 1153 489 1208 [1849]:

904 1213 942 1244 et
967 1212 1047 1244 toto
1074 1211 1178 1244 stetit

492 1267 635 1301 succisa
659 1267 736 1301 fetu
760 1267 888 1311 bisque
915 1270 1088 1311 septenos
1113 1278 1246 1312 greges

491 1324 682 1368 deplanxit
707 1336 788 1358 una.

151 1406 203 1447 de
236 1405 403 1446 Niobae
434 1404 669 1446 liberorum
700 1418 877 1445 numero
911 1418 1172 1458 quamquam
1214 1405 1257 1445 in
1299 1404 1469 1445 diversa
1498 1404 1657 1455 abiere,

153 1474 315 1516 Gellius
345 1477 394 1515 ut
414 1476 614 1524 testatur,
647 1476 845 1514 auctores
868 1476 1046 1524 veteres,
1077 1476 1222 1514 tamen
1245 1473 1317 1526 qui
1340 1472 1486 1526 plures
1508 1473 1657 1526 viginti

149 1543 281 1584 fuisse
321 1541 604 1593 tradiderint,
646 1555 730 1582 non
770 1541 951 1582 invenio.
1013 1555 1038 1582 a
1076 1541 1153 1582 tali
1196 1541 1408 1582 modestia
1450 1546 1657 1595 quantum

151 1611 316 1653 Seneca
346 1611 542 1656 recessit,
575 1610 611 1651 si
642 1610 832 1651 librariis
865 1609 1098 1660 credimus,
1134 1610 1207 1663 qui
1238 1610 1329 1651 eius
1362 1610 1428 1651 bis
1460 1615 1659 1665 septenos

151 1694 302 1734 greges
337 1693 429 1721 esse
462 1679 631 1720 dixerit.
692 1678 966 1720 scribendum
997 1682 1150 1730 yreffl's.
1211 1678 1274 1719 ita
1304 1678 1503 1719 Cornelia
1544 1679 1660 1732 apud

152 1748 424 1802 Propertium
455 1747 696 1802 [V‚11,98]
741 1745 867 1788 ‘venit
897 1750 938 1787 in
971 1750 1168 1797 exequias
1201 1753 1282 1788 tota
1314 1754 1480 1788 caterva
1509 1745 1659 1797 meas’‚·

152 1820 281 1870 atque
312 1817 405 1870 ipse
437 1815 601 1857 Seneca
632 1816 739 1857 alias
781 1815 926 1870 [Herc.
958 1815 1039 1856 fur.
1075 1816 1201 1870 1149]
1248 1813 1335 1856 ‘ubi
1370 1819 1441 1856 illa
1473 1823 1659 1857 natorum

150 1899 279 1937 φερε
320 1888 503 1926 animosa
544 1887 751 1925 coniunx?
794 1909 850 1913 —
895 1883 1078 1937 denique
1123 1884 1168 1924 in
1208 1883 1292 1925 fine
1332 1884 1446 1925 illius
1487 1884 1659 1925 fabulae

153 1953 260 1994 haec
290 1953 493 2007 leguntur
527 1952 661 1994 verba
683 1953 914 1993 Alcmenae
947 1952 1166 2005 querentis
1195 1952 1247 1993 de
1269 1952 1454 1993 Hercule
1490 1952 1658 2009 [1857]:

427 2043 584 2088 agedum
609 2043 721 2078 senile
749 2045 890 2088 pectus,
917 2054 937 2076 o
963 2043 1117 2077 miserae
1142 2054 1281 2086 manus,

426 2101 581 2145 pulsate.
631 2104 668 2134 et
692 2112 763 2134 una
788 2099 906 2134 funeri
930 2102 1033 2134 tanto
1060 2103 1174 2134 satest

425 2157 634 2202 grandaeva
658 2169 747 2191 anus
774 2157 928 2201 defecta,
955 2157 1053 2202 quod
1080 2160 1180 2192 totus
1204 2158 1307 2192 brevi

426 2215 499 2249 iam
524 2218 676 2260 quaeret
704 2215 813 2250 orbis.
862 2215 995 2260 expedi
1019 2215 1057 2248 in
1081 2215 1250 2260 planctus
1274 2218 1397 2249 tamen

426 2272 569 2307 defessa
593 2284 812 2316 quamquam
831 2272 992 2307 brachia.

154 2365 248 2393 cum
282 2355 494 2405 appareat
524 2365 575 2393 ea
613 2366 723 2406 quae
755 2355 854 2393 sunt
895 2350 997 2393 ‘una
1031 2355 1179 2404 funeri
1217 2359 1327 2393 lanto
1368 2359 1495 2394 sales!
1534 2367 1662 2404 qram-

156 2424 285 2461 daeva
327 2434 430 2461 anus
475 2418 658 2472 defecta’
712 2434 797 2462 non
838 2435 931 2462 esse
972 2419 1247 2472 affirmantis,
1295 2420 1371 2462 sed
1410 2421 1661 2472 dubitantis,

155 2502 249 2529 cum
282 2487 438 2529 Bothio
480 2489 611 2530 scribi
650 2488 780 2530 debet
819 2496 881 2539 at,
923 2493 1040 2530 totus
1081 2492 1131 2530 ut
1173 2503 1322 2530 sensus
1362 2503 1440 2542 per
1477 2489 1661 2530 interro-

155 2556 370 2610 gationem
415 2556 631 2598 efferatur.
697 2571 796 2598 mox
837 2571 915 2611 pro
960 2571 1031 2608 eo⁷
1073 2557 1188 2611 quod
1223 2557 1372 2611 utique
1414 2557 1661 2610 ineptumst,

147 2621 359 2675 ‘quaeret'
406 2625 650 2677 ponendum
682 2626 878 2667 existimo
924 2623 1111 2677 ‘ploret'.
1174 2623 1330 2667 ‘curet’
1375 2626 1504 2675 enim⁷
1546 2626 1661 2678 quod

153 2693 332 2745 propius
364 2692 488 2734 abest
519 2707 544 2734 a
574 2693 748 2744 tradito,
778 2708 863 2735 non
895 2695 999 2735 satis
1028 2693 1201 2735 fortiter
1230 2693 1401 2735 videtur
1431 2693 1526 2734 dici.

269 2761 421 2801 Restat
448 2776 558 2802 unus
590 2761 794 2803 Octaviae
824 2762 955 2803 locus.
1015 2762 1163 2816 itaque
1203 2762 1247 2802 in
1284 2761 1499 2802 aetatibus
1532 2762 1661 2802 variis

154 2828 330 2868 humani
360 2829 528 2881 generis
559 2829 852 2870 describendis
883 2830 1086 2883 leguntur
1118 2830 1226 2871 haec
1260 2828 1397 2885 [406]:

772 2909 841 2943 alia
866 2909 930 2944 sed
955 2910 1101 2943 soboles
1125 2909 1245 2942 minus

500 2969 700 3009 conspecta
724 2966 834 3000 mitis
882 2967 1033 3000 tertium
1057 2966 1185 3000 sollers
1210 2976 1325 3009 genus
