1898 3292
729 283 849 308 LIBER
867 283 1076 309 SECVNDVS.
1578 274 1656 311 165

423 389 519 420 nunc
544 386 661 429 vidua,
692 397 786 419 nunc
808 386 968 429 expulsa,
994 397 1090 419 nunc
1124 385 1221 427 feror
1246 385 1388 418 obruta.

700 454 817 485 causa,
845 454 889 476 ne
917 442 1062 476 dubites
1089 441 1161 484 diu,

422 501 613 544 utriusque
640 499 735 533 mala
760 500 817 542 sit,
843 500 871 533 si
896 500 1025 541 minus⁷
1054 499 1153 532 mala
1178 499 1225 532 sit
1248 509 1340 532 mea.

423 561 610 603 praestare
636 557 754 590 fateor
779 568 885 601 posse
912 568 970 590 me
995 556 1145 590 tacitam
1170 555 1290 598 fidem,

422 615 450 649 si
476 614 615 649 scelere
638 617 772 648 careat.
822 613 968 647 interim
993 612 1106 646 scelus
1132 615 1187 646 est
1212 612 1312 646 fides.

150 709 411 750 quamquam
441 695 482 735 in
516 694 721 747 exemplis
753 693 940 734 secundo
973 696 1015 734 et
1045 693 1174 733 tertio
1204 691 1279 732 illa
1312 695 1363 732 sit
1399 695 1441 732 et
1472 700 1529 731 est
1561 705 1656 731 cum

151 762 511 818 praecedentibus
542 764 634 804 iure
667 762 835 803 enclisis
865 761 1122 802 coalescunt.
1174 774 1359 813 namque
1391 759 1444 800 ob
1477 759 1656 800 eandem

149 847 323 874 causam
356 831 464 873 bene
496 831 649 881 habet,
691 830 805 883 quod
846 834 1000 883 quater
1030 843 1108 882 pro
1137 832 1372 882 anapaesto
1404 828 1486 868 loci
1519 828 1656 880 quinti

145 901 320 955 ponitur
360 904 461 941 satis
505 907 584 948 est,
626 904 853 952 praeterea
895 898 1073 951 singulis
1112 897 1216 938 locis
1246 904 1356 937 vetus
1391 904 1450 944 est
1489 899 1532 936 et
1559 899 1656 936 levis

147 977 217 1010 est.
271 969 418 1009 durius
450 972 593 1009 autem
625 967 813 1021 paullost
844 967 957 1020 quod
980 966 1184 1008 Octaviae
1215 980 1324 1006 unus
1353 978 1500 1005 versus
1534 964 1655 1018 [393]

147 1037 207 1078 sic
248 1037 396 1078 finitur
439 1035 586 1087 ‘yenzcs
629 1033 830 1086 e'mpe'wn’,
881 1048 1143 1088 quamquam
1186 1047 1265 1074 nec
1310 1033 1391 1074 hoc
1440 1047 1517 1073 sua
1559 1035 1656 1084 eget

146 1106 434 1147 excusatione.
496 1108 541 1145 at
583 1108 734 1145 contra
775 1103 889 1157 quod
930 1103 1089 1156 legitur
1121 1102 1165 1142 in
1199 1101 1352 1142 Medea
1382 1101 1504 1155 [398]
1538 1100 1655 1141 exitu

145 1174 269 1215 metri
313 1171 435 1224 ‘eqon
463 1179 506 1213 ut
537 1169 698 1224 faces’,
740 1176 856 1214 recte
897 1171 957 1212 ibi
988 1172 1074 1212 iam
1105 1171 1311 1223 Peiperus
1344 1183 1393 1210 ac
1426 1168 1654 1209 Richterus

146 1257 240 1283 cum
282 1241 403 1282 libris
447 1240 639 1294 scriptis:
686 1255 831 1292 eyone,
875 1244 922 1281 ut
962 1239 1158 1280 firmetur
1196 1239 1270 1289 ita,
1313 1237 1427 1290 quod
1459 1240 1655 1277 statuunt

146 1310 416 1364 grammatici
447 1309 621 1362 quidam
644 1309 867 1350 encliticae
888 1307 1226 1361 interrogativae
1248 1320 1331 1347 non
1355 1305 1512 1346 debere
1542 1305 1654 1345 abici

148 1378 337 1420 vocalem
383 1377 464 1418 nisi
508 1378 760 1430 insequente
812 1390 1012 1418 consona.
1082 1380 1271 1417 ceterum
1317 1375 1440 1424 haec,
1490 1373 1653 1426 qualia-

145 1460 326 1499 cumque
357 1445 494 1496 fuere,
533 1445 741 1498 originem
771 1448 999 1486 traxerunt
1030 1458 1054 1485 a
1085 1444 1343 1485 necessitate
1375 1441 1653 1495 comparandi

147 1514 381 1568 spondeum
423 1517 499 1555 aut
538 1527 687 1567 parem
731 1514 769 1555 ei
807 1513 961 1567 pedem
998 1513 1174 1566 quintae
1205 1526 1352 1553 versus
1385 1510 1486 1551 sedi.
1548 1509 1652 1550 alibi

145 1587 288 1623 autem
316 1582 458 1623 nullus
488 1582 607 1623 locus
642 1586 707 1623 est
736 1582 936 1623 licentiae
967 1581 1056 1622 tali.
1104 1594 1203 1621 nam
1237 1579 1351 1633 quod
1381 1579 1424 1619 in
1447 1577 1652 1620 Octaviae

143 1651 344 1703 carmine,
376 1651 482 1692 satis
513 1650 585 1691 illo
619 1654 834 1704 corrupto,
866 1650 1026 1703 legitur
1057 1649 1203 1704 [447]:

417 1745 538 1776 aetate
564 1742 600 1775 in
624 1741 692 1776 hac
719 1742 806 1775 satis
832 1752 910 1775 esse
937 1740 1080 1775 consilii
1104 1751 1198 1782 reor,

145 1822 325 1863 credant
357 1822 567 1875 equidem,
601 1821 756 1875 quibus
787 1822 905 1871 libet,
938 1821 1241 1862 auctoritatem
1271 1818 1482 1860 librorum
1504 1831 1650 1858 recen-

143 1891 405 1932 tissimorum
445 1891 657 1944 potiorem
702 1904 794 1931 esse
840 1890 1011 1943 penitus
1056 1892 1285 1943 perspecta
1327 1886 1432 1928 artis
1469 1885 1650 1926 Latinae

145 1959 324 2000 ratione.
376 1972 453 2000 nos
484 1963 629 2000 tamen
651 1972 785 1999 vacuo
809 1959 862 1999 ab
886 1957 1265 2011 superstitionibus
1287 1956 1428 1996 animo
1451 1953 1650 1995 tollentes

147 2027 357 2082 syllabam
378 2041 455 2081 per
478 2041 666 2068 errorem
691 2027 949 2080 geminatam
971 2039 1179 2080 ponemus
1212 2024 1295 2066 ‘sat
1316 2020 1442 2065 esse’.
1494 2022 1651 2063 etenim

147 2095 262 2149 quod
289 2095 572 2137 Terentianus
603 2095 665 2136 ita
694 2095 870 2136 incohat
900 2097 1200 2136 tetrametrum
1231 2092 1499 2134 trochaicum
1529 2091 1650 2145 [748]

137 2163 236 2205 ‘non
268 2170 398 2205 tamen
431 2167 554 2214 prior
585 2178 611 2204 u
643 2162 814 2212 vicZerf,
863 2163 961 2204 inde
996 2166 1250 2212 excusatur,
1290 2159 1405 2214 quod
1435 2159 1507 2200 ille
1536 2159 1650 2200 litte-

143 2245 289 2273 rarum
310 2232 555 2286 pedumque
577 2231 772 2272 notiones
794 2231 920 2285 plane
953 2231 1115 2281 eadem,
1146 2243 1231 2284 qua
1262 2228 1439 2283 propria
1465 2227 1650 2276 nomina,

143 2299 276 2341 habet
314 2299 527 2341 libertate.
597 2313 697 2340 nam
744 2314 796 2341 ne
844 2314 895 2340 ex
945 2299 1191 2341 christianis
1238 2297 1409 2351 quidem
1457 2295 1650 2349 regulam

142 2368 268 2409 istam
312 2368 513 2421 migravit
558 2368 784 2421 quisquam
830 2371 1005 2422 praeter
1046 2367 1281 2408 Ausonium
1328 2369 1370 2406 et
1413 2365 1650 2414 Paulinum,

145 2450 325 2489 quorum
355 2435 548 2477 libertati
577 2436 789 2477 accedunt
819 2436 1040 2477 rarissima
1072 2434 1268 2488 exempla
1291 2433 1449 2474 Avieni.
1501 2435 1651 2473 contra

147 2504 316 2545 omnino
348 2507 490 2545 servat
520 2517 695 2545 normae
727 2508 928 2558 receptae
960 2504 1208 2545 firmitatem
1241 2501 1512 2543 Prudentius.

256 2572 346 2612 Iam
384 2572 658 2613 tenendumst
700 2573 810 2614 sicut
850 2572 1186 2626 antiquissimos,
1231 2572 1294 2612 ita
1330 2570 1503 2611 ultimos
1535 2567 1650 2608 Lati—

144 2653 293 2681 norum
331 2643 379 2681 ut
415 2641 645 2693 plurimum
680 2640 895 2682 abstinere
925 2644 1172 2693 anapaesto.
1235 2638 1348 2693 quod
1382 2645 1424 2678 et
1455 2636 1651 2677 similiter

145 2708 285 2749 evenit
334 2708 449 2761 apud
496 2708 684 2749 Graecos
727 2709 797 2763 [cf.
831 2709 1054 2750 Henrichs.
1098 2708 1150 2749 de
1190 2722 1297 2748 vers.
1331 2705 1450 2759 polit.
1486 2704 1649 2753 Graec„

143 2790 182 2829 p.
225 2779 300 2827 313
333 2776 417 2829 33].
492 2790 620 2829 quam
663 2777 834 2830 quidem
877 2777 1014 2830 legem
1059 2774 1337 2817 vetustissimi
1379 2771 1517 2813 vivido
1566 2772 1650 2812 ele-

147 2843 318 2895 gantiae
360 2857 505 2894 sensu,
547 2844 685 2885 ultimi
728 2845 955 2886 severitate
998 2844 1248 2898 disciplinae
1290 2840 1503 2883 scholicae
1541 2839 1649 2892 opti-

143 2924 285 2952 nuere.
346 2911 421 2952 sed
452 2911 503 2952 de
538 2913 799 2965 singulorum
833 2928 912 2954 usu
944 2926 1218 2966 exponamus.
1280 2923 1365 2962 qua
1402 2908 1443 2948 in
1477 2921 1523 2947 re
1553 2920 1650 2959 per-

145 2979 337 3033 spicuam
359 2980 413 3021 ob
438 2993 612 3021 causam
633 2994 717 3022 non
740 2981 887 3022 eadem
910 2981 1029 3022 fuere
1052 2980 1252 3029 Senecae,
1276 2990 1386 3032 quae
1409 2979 1649 3017 ceterorum
