1898 3292
780 196 900 221 LIBER
918 195 1073 221 Pssmvs.
1602 189 1617 225 1
1629 188 1680 226 25

175 313 226 339 ex
246 313 337 340 usu.
390 298 526 351 magis
561 298 734 350 viguere
767 297 958 350 epodica.
1010 297 1060 337 (le
1085 297 1239 350 quibus
1263 298 1539 339 notandumst
1562 298 1678 347 illud,

174 367 288 421 quod
318 366 531 407 Martialis
563 380 614 407 ex
645 366 852 407 trimetris
883 365 1181 419 hipponacteis
1222 370 1264 407 et
1300 366 1494 407 dimetris
1535 367 1679 408 iambo

173 435 427 477 exeuntibus
459 434 661 476 conflavit
700 434 748 489 [L
781 434 867 488 61].
928 437 973 474 at
1016 434 1127 476 aliae
1163 448 1298 475 novae
1340 435 1504 487 species
1546 439 1679 489 syste-

173 508 334 545 matum
368 507 466 545 sunt
497 507 635 552 ortae,
680 515 862 555 quarum
892 502 1056 556 primus
1085 506 1236 544 auctor
1273 502 1353 543 fuit
1383 502 1563 554 Seneca,
1608 505 1680 557 qui

173 571 302 613 semel
322 572 366 612 in
388 571 541 613 Medea
562 571 826 626 [607—669]
858 571 1078 625 stropham
1101 570 1297 612 versibus
1320 572 1483 612 octonis
1507 572 1679 626 sapphi-

173 641 233 682 cis
275 644 318 681 et
356 640 533 694 singulis
576 639 742 680 adoniis
785 643 1051 681 constantem
1093 639 1302 681 adhibuit.
1363 654 1460 681 nani
1494 641 1608 693 quod
1638 642 1679 681 in

171 709 254 750 fine
285 709 482 750 feruntur
514 708 751 749 continuati
784 708 930 749 decem
959 712 1001 749 et
1029 712 1193 761 septem
1216 708 1412 762 sapphici
1435 713 1477 750 et
1500 709 1680 750 adonius

171 792 302 827 unus,
342 777 589 819 foedissima
622 776 728 818 illud
760 777 1093 830 interpolatione
1126 777 1265 817 evenit
1301 777 1461 818 vitium.
1524 779 1679 818 etenim

172 860 267 887 cum
288 859 425 886 nonus
448 859 500 886 ex
520 845 587 886 his
608 859 755 886 versus
778 845 877 885 talis
901 848 1013 886 esset
1042 845 1228 886 traditus
1267 844 1502 896 ‘patre'oqtce
1529 851 1681 896 pende(
1740 873 1747 877 -

172 918 340 955 crimine
370 911 565 965 poenas',
596 913 791 968 plerique
813 917 861 954 ut
882 913 1085 954 tollerent
1105 914 1266 964 vitium,
1300 918 1490 955 ceterum
1514 914 1679 956 clavum

172 983 291 1024 clavo
335 982 620 1036 expellentes,
664 982 917 1036 sapphicum
957 986 1140 1024 metrum
1183 983 1493 1024 instauravere.
1556 984 1680 1025 satis-

171 1051 322 1093 fecerit
353 1051 542 1092 Senecae
584 1052 657 1105 qui
699 1065 777 1105 pro
818 1051 960 1092 verbis
1000 1052 1095 1092 istis
1136 1055 1285 1105 aperte
1330 1052 1515 1105 glossam
1548 1054 1680 1094 conti-

171 1120 371 1162 nentibus
394 1120 668 1161 substituerit
698 1120 814 1161 velut
853 1119 1042 1161 ‘crinzz'ne
1073 1117 1245 1161 amoris'
1289 1120 1359 1175 [cf.
1383 1134 1474 1162 aen.
1497 1122 1547 1172 X,
1569 1122 1679 1176 188]

173 1189 286 1243 quod
322 1189 357 1230 si
387 1189 558 1242 scripsit
585 1189 648 1230 ita
670 1189 846 1239 Seneca,
878 1188 982 1230 dicit
1003 1188 1188 1242 Nauplio
1213 1189 1331 1230 exitii
1354 1203 1527 1231 causam
1551 1190 1681 1231 fuisse

173 1272 362 1300 amorem
394 1257 638 1299 Palamedis
665 1257 742 1298 filii
775 1258 951 1311 eiusque
989 1257 1223 1298 ulciscendi
1264 1257 1451 1299 studium
1492 1259 1681 1300 nimium.

286 1327 481 1368 Anniano
515 1340 566 1367 ac
588 1327 747 1368 Sereno
778 1326 982 1379 tertiique
1003 1341 1043 1380 p.
1067 1326 1163 1367 Chr.
1185 1340 1224 1367 n.
1248 1326 1408 1368 saeculi
1431 1328 1681 1369 auctoribus

171 1400 383 1450 quatenus
404 1395 647 1449 placuerint
669 1398 904 1450 systemata
925 1409 1125 1436 versuum
1149 1395 1228 1436 etsi
1248 1409 1333 1436 non
1356 1396 1460 1436 satis
1477 1399 1680 1445 notumst,

171 1465 240 1505 vix
279 1468 425 1506 tamen
467 1463 564 1505 falsi
596 1464 754 1505 erimus
787 1463 1017 1505 statuendo
1049 1464 1186 1517 magis
1217 1463 1313 1505 illos
1346 1464 1623 1506 abhorruisse
1656 1479 1682 1506 a

169 1533 330 1575 talibus
372 1546 502 1586 quam
549 1533 837 1587 posteriorum
884 1546 1143 1585 quemquam
1196 1536 1272 1573 aut
1315 1532 1680 1586 praecedentium.

173 1606 324 1643 contra
355 1601 588 1652 Ausonius,
621 1601 881 1652 Martianus,
914 1600 1121 1642 Boethius
1163 1604 1211 1642 ut
1241 1614 1441 1642 versuum
1471 1601 1681 1643 multifor-

170 1671 314 1721 mium,
356 1670 417 1711 sic
457 1673 738 1725 systematum
778 1669 994 1711 variorum
1026 1670 1236 1711 inusitata
1277 1670 1466 1711 novitate
1508 1674 1681 1724 captum

169 1739 313 1781 ierunt
344 1739 520 1780 animos.
580 1738 713 1797 igitur
748 1752 843 1779 cum
875 1738 1068 1780 Catullus
1101 1743 1143 1780 et
1174 1738 1382 1780 Horatius
1422 1739 1681 1793 optimorum

171 1807 463 1862 exemplorum
496 1807 783 1849 aemulatione
814 1807 984 1860 iugatos
1024 1821 1109 1848 non
1152 1808 1493 1861 composuissent
1533 1821 1681 1849 versus

170 1877 251 1918 nisi
283 1890 375 1927 eos,
420 1876 492 1929 qui
535 1875 814 1917 similitudine
847 1876 1023 1929 originis
1055 1879 1097 1917 et
1128 1889 1289 1917 arcana
1320 1876 1489 1917 ratione
1517 1877 1681 1918 musica

171 1945 296 1999 quasi
327 1948 480 1999 sponte
512 1945 675 1986 coirent
705 1945 749 1986 in
787 1948 993 1999 systema,
1037 1944 1155 1985 haud
1197 1958 1299 1985 sane
1342 1944 1491 1986 eadem
1524 1946 1680 1986 aetatis

169 2014 346 2055 ultimae
376 2014 596 2055 hominum
626 2012 708 2054 fuit
729 2013 952 2064 modestia,
986 2014 1059 2066 qui
1080 2013 1304 2054 varietatis
1326 2015 1469 2067 potius
1491 2013 1680 2055 studium

171 2095 369 2124 casumve
402 2086 480 2123 aut
510 2082 738 2123 arbitrium
772 2085 988 2123 secuntur.
1040 2082 1156 2135 quod
1191 2082 1337 2124 statim
1360 2082 1517 2123 additis
1540 2096 1680 2123 exem-

169 2151 251 2206 plis
296 2150 506 2205 probabo.
577 2151 724 2204 itaque
774 2150 888 2204 apud
938 2151 1173 2192 Ausonium
1217 2150 1353 2192 habes
1403 2154 1681 2193 tetrametros

169 2220 413 2262 trochaicos
454 2233 550 2261 cum
591 2220 800 2260 trimetris
839 2219 1036 2261 iambicis
1076 2219 1297 2273 coiugatos
1330 2223 1372 2261 et
1403 2223 1681 2261 tetrametros

171 2288 405 2344 dactylicos
439 2302 533 2330 cum
569 2288 762 2329 dimetris
804 2287 1080 2329 catalecticis.
1140 2301 1270 2342 porro
1305 2288 1419 2343 apud
1451 2288 1680 2330 Boethium

170 2361 322 2399 ext-ant
358 2371 507 2398 versus
545 2357 741 2411 sapphici
783 2371 877 2398 curn
918 2357 1123 2412 glyconiis
1159 2357 1339 2398 invicem
1382 2357 1570 2411 copula-ti
1602 2371 1680 2398 nec

169 2440 254 2467 non
298 2425 557 2480 asclepiadei
599 2426 786 2467 minores
828 2439 923 2467 cum
955 2425 1148 2467 dimetris
1177 2425 1374 2467 iambicis
1410 2429 1453 2466 et
1479 2439 1574 2467 cum
1604 2426 1680 2466 tri-

169 2495 318 2536 metris
360 2509 508 2536 versus
556 2494 735 2547 elegiaci
777 2498 819 2535 et
858 2493 1072 2548 phalaecii
1113 2508 1208 2536 cum
1253 2494 1428 2535 alcaicis
1467 2494 1679 2535 hendeca-

170 2563 367 2619 syllabis,
398 2563 502 2605 item
534 2577 630 2604 cum
662 2562 899 2617 sapphicis3
941 2576 1040 2605 nam
1071 2563 1150 2614 III,
1186 2565 1250 2614 10,
1283 2565 1306 2604 2
1339 2566 1567 2616 corruptus
1602 2566 1678 2603 est.

169 2632 288 2685 piget
323 2631 450 2685 plura
489 2631 611 2682 addi,
654 2645 750 2673 cum
793 2635 892 2672 ante
935 2632 1079 2673 oculos
1119 2645 1188 2673 res
1226 2631 1282 2673 sit
1320 2631 1480 2684 posita,
1523 2630 1679 2684 quibus

172 2699 420 2741 ultimorum
450 2700 620 2754 imperii
650 2704 892 2753 temporum
926 2700 1117 2741 carmina
1148 2699 1439 2753 perlustrandi
1461 2712 1536 2740 seu
1568 2698 1676 2740 desi-

171 2768 336 2809 derium
377 2769 544 2810 venerit
586 2782 662 2810 seu
703 2768 952 2809 necessitas.
1011 2767 1118 2809 illud
1158 2768 1294 2810 solum
1332 2767 1506 2821 dignum
1537 2766 1677 2818 laude,

171 2836 285 2889 quod
317 2840 433 2878 certe
456 2836 756 2878 concinnitatis
779 2836 1017 2890 spatiorum
1047 2836 1294 2878 habuerunt
1325 2836 1578 2889 plerumque
1610 2849 1676 2876 ra-

168 2905 328 2946 tionem
368 2919 451 2946 non
494 2906 620 2946 nimis
661 2905 855 2959 dispares
895 2905 1077 2946 circuitu
1106 2906 1266 2946 interse
1298 2904 1486 2958 iugando
1518 2919 1682 2946 versus.
