1898 3292
233 219 314 258 370
823 225 943 250 LIBER
962 224 1150 257 QVARTvs.

231 330 524 383 insequente),
571 342 700 382 saepe
746 328 920 369 eliditur
970 331 1175 381 sequente
1222 342 1299 379 aye
1345 329 1624 381 (quamquam
1667 329 1737 369 alii

231 397 378 440 dixere
412 411 459 439 en
492 399 600 452 aye),
631 410 863 451 numquam
901 396 1091 438 admittit
1121 396 1298 438 hiatum.

345 467 579 508 Praeterea
609 465 893 507 Terentianus
926 469 974 506 ut
1003 465 1046 506 in
1079 465 1284 519 exemplis
1317 464 1546 506 afferendis
1578 466 1740 507 maiore

235 535 423 589 quadam
455 535 593 576 utitur
623 534 770 575 hiandi
802 534 1017 584 libertate,
1057 533 1120 574 ita
1162 547 1395 586 numquam
1439 534 1559 575 elidit
1590 534 1740 575 finales

230 604 473 645 litterarum
504 601 909 657 monosyllabarum.
970 615 1069 643 nam
1098 616 1133 642 v.
1163 605 1244 643 809
1277 601 1572 643 scribendum:
1608 616 1740 653 porro

232 676 270 722 d,
303 688 343 724 y,
376 680 548 721 cetera&
581 685 687 713 non:
720 684 849 724 porro
883 674 920 719 d,
952 686 979 721 {l
1012 678 1049 711 et
1080 677 1250 711 ceteras.

346 740 633 782 Vehementer
676 743 821 781 autem
867 738 1086 792 displicuit
1123 738 1188 779 vel
1220 739 1520 780 vetustissimis
1562 738 1740 793 dactyli-

233 823 378 851 corum
410 809 555 850 hiatus
585 808 697 859 talis,
731 821 815 861 quo
848 807 1119 849 breviaretur
1144 806 1311 860 syllaba
1332 821 1415 848 non
1448 807 1564 858 elisa,
1600 808 1741 861 qualis

231 878 305 919 ubi
351 877 566 932 reperitur
605 876 870 918 Graecorum
913 876 1166 930 plerumque
1207 876 1404 929 provenit
1442 876 1740 917 aemulatione.

232 946 454 999 aliquanto
493 945 729 1000 patientius
770 945 883 985 omni
927 948 1069 985 aetate
1112 943 1251 985 tulere
1290 943 1535 986 dihaeresin
1575 944 1618 985 in
1656 944 1742 985 arsi

232 1015 478 1065 admissam,
510 1027 596 1067 qua
625 1013 755 1065 longa
788 1017 983 1054 maneret
1011 1012 1172 1053 vocalis
1202 1012 1340 1066 prior,
1373 1026 1633 1066 quamquam
1665 1013 1742 1053 mi-

231 1084 343 1125 nime
364 1082 600 1137 probantes
619 1081 883 1123 Graecorum
907 1081 1201 1135 exemplorum
1222 1080 1522 1134 frequentiam.
1552 1085 1740 1123 ceterum

232 1165 317 1193 non
353 1155 470 1193 recte
513 1150 743 1192 credentur
783 1150 929 1192 hiatus
972 1150 1147 1191 licentia
1178 1149 1363 1191 voluisse
1402 1150 1465 1190 uti
1506 1149 1741 1200 christiani,

229 1220 490 1273 ubicumque
513 1219 667 1273 spiritu
698 1219 833 1260 initiis
855 1218 973 1260 verbi
1005 1217 1216 1260 collocato
1248 1217 1513 1271 praecedens
1545 1222 1742 1259 servatur

231 1288 410 1343 syllaba,
445 1288 647 1342 quoniam
678 1287 927 1329 ultimorum
955 1289 1198 1340 temporum
1220 1286 1416 1339 magistri
1439 1299 1533 1327 eum
1556 1287 1741 1340 plerum-

232 1371 314 1412 que
345 1370 558 1399 consonae
588 1356 680 1397 vice
722 1355 841 1409 fungi
886 1355 1204 1407 existimarunt,
1249 1359 1297 1396 ut
1330 1359 1447 1397 recte
1492 1358 1628 1396 staret
1673 1369 1743 1396 ars

230 1440 356 1468 versu
386 1425 468 1467 hoc
499 1424 751 1466 Maximiani
783 1423 836 1480 [2,
871 1422 963 1479 13]:

508 1504 605 1538 hunc
634 1515 702 1549 ogo
728 1503 850 1547 dilexi,
876 1503 935 1537 hic
962 1514 1019 1537 me
1046 1502 1260 1547 complexus
1286 1503 1429 1537 amavit.

230 1574 338 1616 haec
374 1574 486 1616 enim
513 1587 615 1615 vera
644 1573 783 1614 lectio.
836 1586 974 1626 neque
1006 1576 1151 1614 tamen
1184 1572 1296 1614 thesi
1326 1572 1613 1627 praecedente
1644 1586 1741 1626 per-

231 1643 331 1684 inde
374 1656 587 1684 consonae
627 1641 821 1695 fungitur
859 1641 951 1682 iure
982 1645 1025 1690 h,
1066 1640 1169 1682 licet
1201 1641 1359 1682 dixerit
1388 1641 1599 1683 Luxorius
1631 1640 1742 1696 [344,

233 1710 300 1768 13]
348 1710 447 1753 ‘non
478 1715 557 1752 iam.
588 1714 682 1752 huic
714 1714 850 1752 ludum
882 1713 1110 1760 sapientem
1142 1713 1323 1751 calculus
1361 1707 1513 1760 apte&
1554 1712 1596 1750 et
1638 1708 1742 1750 alibi

231 1780 341 1837 [379‚
375 1779 415 1837 6]
462 1777 573 1831 ‘plus
605 1786 707 1820 lecto
738 1786 782 1819 ut
812 1782 965 1830 viyeat,
1004 1782 1103 1819 solet
1136 1792 1253 1829 quam
1284 1776 1441 1829 Jzorto'‚
1484 1778 1632 1831 itaque
1664 1777 1741 1819 Co-

229 1849 380 1904 rippus
427 1847 556 1905 [laud.
589 1848 692 1889 Iust.
725 1847 797 1899 ΙΙΙ,
831 1845 928 1903 369]
975 1843 1181 1897 ‘quoniam
1216 1850 1314 1887 dens
1346 1850 1516 1887 omnium
1546 1850 1612 1888 hic
1643 1844 1739 1887 θεῖ’.

230 1917 387 1972 quibus
429 1917 627 1971 equidem
671 1915 876 1970 exemplis
916 1914 1128 1969 probatur
1166 1929 1202 1955 m
1242 1915 1285 1956 in
1327 1918 1520 1956 extrema
1555 1915 1740 1956 dictione

229 1986 431 2028 omissam
452 1986 587 2027 ferme
610 1998 702 2027 esse
725 1983 993 2039 temporibus
1017 1983 1188 2034 ultimis,
1218 1983 1293 2025 sed
1315 1986 1363 2025 ut
1383 1983 1525 2025 brevis
1547 1986 1742 2025 maneret

227 2053 389 2096 vocalis
420 2053 690 2096 antecedens.

344 2123 552 2177 Superest
582 2126 630 2164 ut
659 2119 908 2176 singillatim
938 2133 1178 2174 persequar
1209 2120 1416 2174 exempla.

342 2191 482 2245 Igitur
518 2205 603 2233 non
643 2191 687 2232 in
727 2189 841 2232 thesi
877 2189 1015 2243 magis
1051 2202 1180 2243 quam
1208 2189 1251 2229 in
1281 2189 1365 2230 arsi
1399 2202 1496 2230 cum
1527 2188 1742 2230 dihaeresi

229 2260 404 2314 ponitur
435 2259 603 2315 syllaba
632 2259 792 2309 brevis,
834 2261 883 2299 ut
913 2258 1055 2299 aliena
1084 2257 1169 2298 sint
1199 2270 1224 2298 a
1254 2270 1372 2298 more
1399 2257 1609 2311 permisso
1640 2257 1741 2300 Ver-

230 2328 319 2383 gilii
366 2332 409 2370 et
458 2327 720 2370 Columellae
770 2326 878 2368 haec
926 2325 1068 2382 [Verg.
1101 2325 1178 2367 ecl.
1223 2328 1267 2377 2,
1310 2329 1384 2378 533
1422 2339 1514 2367 aen.
1557 2327 1592 2377 I,
1635 2329 1739 2376 4053

229 2396 389 2439 Colum.
423 2394 546 2452 224]:

435 2475 567 2510 addam
595 2485 702 2510 cerea
726 2485 854 2519 pruna.
903 2473 1020 2508 honos
1047 2473 1118 2507 erit
1141 2472 1226 2508 huic
1254 2484 1399 2518 quoque
1425 2484 1546 2518 pomo.

436 2535 473 2567 et
496 2543 583 2566 vera
607 2532 754 2566 incessu
781 2531 901 2576 patuit
927 2530 1005 2565 dea.
1055 2530 1116 2564 ille
1146 2531 1208 2566 ubi
1236 2534 1400 2565 matrem.

435 2587 543 2624 Delie
569 2592 605 2623 te
630 2587 753 2623 Paean
780 2591 817 2623 et
840 2591 878 2622 te
903 2587 1033 2631 Euhie,
1059 2587 1180 2622 Euhie
1207 2587 1339 2622 Paean.

227 2658 302 2700 ubi
332 2657 508 2712 quidam
540 2664 578 2698 te
610 2660 769 2698 Euhion
802 2660 933 2698 Euhie
964 2660 1117 2699 Paean.
1178 2657 1285 2698 haec
1324 2656 1456 2709 igitur
1486 2656 1553 2697 vel
1591 2669 1740 2697 sensus

226 2727 460 2769 interstitio
494 2726 561 2768 vel
601 2725 790 2780 propriis
830 2725 1086 2778 mitigantur
1118 2724 1373 2766 nominibus.
1435 2727 1585 2765 contra
1626 2724 1739 2765 omni

227 2795 352 2837 venia
383 2794 536 2836 orbum
565 2794 745 2836 Ausonii
774 2793 882 2835 illud
913 2792 1093 2849 [parent.
1128 2795 1193 2845 26,
1227 2792 1265 2849 7]
1305 2806 1402 2844 erqo
1434 2799 1740 2834 commemorata

228 2878 301 2905 ave
330 2870 602 2914 maestwnque
633 2869 775 2903 vocata
797 2876 884 2903 cum
914 2865 1122 2913 qenetrz'ce
1143 2866 1241 2902 vale.
1302 2861 1371 2902 vix
1403 2861 1514 2901 enim
1547 2859 1740 2902 elevatur

226 2932 402 2974 licentia
432 2930 678 2985 reponendo
709 2935 824 2979 have,
857 2943 951 2971 cum
985 2930 1197 2972 Ausonius
1228 2933 1253 2970 Ιι
1284 2928 1473 2970 litteram
1507 2928 1614 2970 alias
1645 2933 1738 2969 tan-
