<?xml version="1.0" encoding="UTF-8"?>
<!DOCTYPE html PUBLIC "-//W3C//DTD XHTML 1.0 Transitional//EN"
    "http://www.w3.org/TR/xhtml1/DTD/xhtml1-transitional.dtd">
<html xmlns="http://www.w3.org/1999/xhtml" xml:lang="en" lang="en">
 <head>
  <title>
</title>
<meta http-equiv="Content-Type" content="text/html;charset=utf-8" />
  <meta name='ocr-system' content='tesseract 3.04.00' />
  <meta name='ocr-capabilities' content='ocr_page ocr_carea ocr_par ocr_line ocrx_word'/>
</head>
<body>
  <div class='ocr_page' id='page_1' title='image "./deremetricapoeta00mluoft_0088.png"; bbox 0 0 1898 3292; ppageno 0'>
   <div class='ocr_carea' id='block_1_1' title="bbox 247 214 1149 252">
    <p class='ocr_par' dir='ltr' id='par_1_1' title="bbox 247 214 1149 252">
     <span class='ocr_line' id='line_1_1' title="bbox 247 214 1149 252; baseline 0.003 -8"><span class='ocrx_word' id='word_1_1' title='bbox 247 214 300 252; x_wconf 75' lang='grc'><strong>68</strong></span> <span class='ocrx_word' id='word_1_2' title='bbox 854 221 974 247; x_wconf 77' lang='lat' dir='ltr'>LIBER</span> <span class='ocrx_word' id='word_1_3' title='bbox 992 220 1149 247; x_wconf 70' lang='lat' dir='ltr'>PRIMVS.</span> 
     </span>
    </p>
   </div>
   <div class='ocr_carea' id='block_1_2' title="bbox 245 323 1758 447">
    <p class='ocr_par' dir='ltr' id='par_1_2' title="bbox 245 323 1758 447">
     <span class='ocr_line' id='line_1_2' title="bbox 247 323 1758 378; baseline -0.001 -12"><span class='ocrx_word' id='word_1_4' title='bbox 247 324 462 366; x_wconf 75' lang='lat' dir='ltr'><strong>studuisse</strong></span> <span class='ocrx_word' id='word_1_5' title='bbox 503 338 598 366; x_wconf 90' lang='lat' dir='ltr'><strong>eum</strong></span> <span class='ocrx_word' id='word_1_6' title='bbox 643 324 754 365; x_wconf 85' lang='lat' dir='ltr'><strong>sicut</strong></span> <span class='ocrx_word' id='word_1_7' title='bbox 792 323 1005 366; x_wconf 86' lang='lat' dir='ltr'><strong>Catullum</strong></span> <span class='ocrx_word' id='word_1_8' title='bbox 1050 327 1092 364; x_wconf 87' lang='lat' dir='ltr'><strong>et</strong></span> <span class='ocrx_word' id='word_1_9' title='bbox 1120 324 1375 375; x_wconf 85' lang='lat' dir='ltr'><strong>Varronem,</strong></span> <span class='ocrx_word' id='word_1_10' title='bbox 1420 325 1672 378; x_wconf 83' lang='lat' dir='ltr'><strong>plerumque</strong></span> <span class='ocrx_word' id='word_1_11' title='bbox 1712 327 1758 365; x_wconf 80' lang='lat' dir='ltr'><strong>ut</strong></span> 
     </span>
     <span class='ocr_line' id='line_1_3' title="bbox 245 392 1756 447; baseline -0.001 -13"><span class='ocrx_word' id='word_1_12' title='bbox 245 407 350 447; x_wconf 86' lang='lat' dir='ltr'><strong>prae</strong></span> <span class='ocrx_word' id='word_1_13' title='bbox 382 407 579 434; x_wconf 88' lang='lat' dir='ltr'><strong>versuum</strong></span> <span class='ocrx_word' id='word_1_14' title='bbox 613 392 867 434; x_wconf 86' lang='lat' dir='ltr'><strong>difficultate</strong></span> <span class='ocrx_word' id='word_1_15' title='bbox 897 396 1191 434; x_wconf 86' lang='lat' dir='ltr'><strong>contemneret</strong></span> <span class='ocrx_word' id='word_1_16' title='bbox 1223 392 1457 433; x_wconf 76' lang='lat' dir='ltr'>dictionum</span> <span class='ocrx_word' id='word_1_17' title='bbox 1490 396 1756 434; x_wconf 71' lang='lat' dir='ltr'><strong>venustatem</strong></span> 
     </span>
    </p>
   </div>
   <div class='ocr_carea' id='block_1_3' title="bbox 246 460 1759 580">
    <p class='ocr_par' dir='ltr' id='par_1_3' title="bbox 246 460 1759 580">
     <span class='ocr_line' id='line_1_4' title="bbox 247 460 1759 515; baseline -0.001 -13"><span class='ocrx_word' id='word_1_18' title='bbox 247 475 297 502; x_wconf 89' lang='lat' dir='ltr'><strong>ac</strong></span> <span class='ocrx_word' id='word_1_19' title='bbox 328 461 595 512; x_wconf 77' lang='lat' dir='ltr'><strong>modestiam,</strong></span> <span class='ocrx_word' id='word_1_20' title='bbox 629 462 747 502; x_wconf 92' lang='lat' dir='ltr'><strong>cuius</strong></span> <span class='ocrx_word' id='word_1_21' title='bbox 780 462 870 502; x_wconf 88' lang='lat' dir='ltr'><strong>vitii</strong></span> <span class='ocrx_word' id='word_1_22' title='bbox 902 461 1019 503; x_wconf 87' lang='lat' dir='ltr'><strong>haud</strong></span> <span class='ocrx_word' id='word_1_23' title='bbox 1053 461 1237 503; x_wconf 82' lang='lat' dir='ltr'><strong>obscura</strong></span> <span class='ocrx_word' id='word_1_24' title='bbox 1261 461 1457 515; x_wconf 85' lang='lat' dir='ltr'><strong>exempla</strong></span> <span class='ocrx_word' id='word_1_25' title='bbox 1478 460 1759 515; x_wconf 81' lang='lat' dir='ltr'><strong>proferuntur</strong></span> 
     </span>
     <span class='ocr_line' id='line_1_5' title="bbox 246 530 662 580; baseline -0.002 -9"><span class='ocrx_word' id='word_1_26' title='bbox 246 544 271 571; x_wconf 86' lang='lat' dir='ltr'><strong>a</strong></span> <span class='ocrx_word' id='word_1_27' title='bbox 303 530 440 571; x_wconf 87' lang='lat' dir='ltr'><strong>Gellio</strong></span> <span class='ocrx_word' id='word_1_28' title='bbox 474 530 592 580; x_wconf 86' lang='lat' dir='ltr'>XIX,</span> <span class='ocrx_word' id='word_1_29' title='bbox 626 534 662 571; x_wconf 88' lang='lat'><strong>7.</strong></span> 
     </span>
    </p>
   </div>
   <div class='ocr_carea' id='block_1_4' title="bbox 245 609 1757 858">
    <p class='ocr_par' dir='ltr' id='par_1_4' title="bbox 245 609 1757 858">
     <span class='ocr_line' id='line_1_6' title="bbox 362 609 1757 664; baseline -0.002 -12"><span class='ocrx_word' id='word_1_30' title='bbox 362 612 481 662; x_wconf 82' lang='lat' dir='ltr'><strong>Quae</strong></span> <span class='ocrx_word' id='word_1_31' title='bbox 527 624 622 652; x_wconf 88' lang='lat' dir='ltr'><strong>cum</strong></span> <span class='ocrx_word' id='word_1_32' title='bbox 666 611 728 652; x_wconf 85' lang='lat' dir='ltr'><strong>ita</strong></span> <span class='ocrx_word' id='word_1_33' title='bbox 775 611 880 661; x_wconf 86' lang='lat' dir='ltr'><strong>sint,</strong></span> <span class='ocrx_word' id='word_1_34' title='bbox 930 611 1036 652; x_wconf 89' lang='lat' dir='ltr'>nihil</span> <span class='ocrx_word' id='word_1_35' title='bbox 1083 611 1228 652; x_wconf 91' lang='lat' dir='ltr'><strong>obstat</strong></span> <span class='ocrx_word' id='word_1_36' title='bbox 1275 611 1377 664; x_wconf 87' lang='lat' dir='ltr'><strong>quin</strong></span> <span class='ocrx_word' id='word_1_37' title='bbox 1423 609 1476 651; x_wconf 89' lang='lat' dir='ltr'><strong>ad</strong></span> <span class='ocrx_word' id='word_1_38' title='bbox 1520 610 1757 651; x_wconf 82' lang='lat' dir='ltr'><strong>Varronem</strong></span> 
     </span>
     <span class='ocr_line' id='line_1_7' title="bbox 245 678 1757 731; baseline -0.001 -11"><span class='ocrx_word' id='word_1_39' title='bbox 245 682 511 730; x_wconf 71' lang='lat' dir='ltr'><strong>transeatur,</strong></span> <span class='ocrx_word' id='word_1_40' title='bbox 552 679 633 720; x_wconf 84' lang='lat' dir='ltr'><strong>nisi</strong></span> <span class='ocrx_word' id='word_1_41' title='bbox 677 679 793 720; x_wconf 85' lang='lat' dir='ltr'><strong>haud</strong></span> <span class='ocrx_word' id='word_1_42' title='bbox 839 679 1026 720; x_wconf 75' lang='lat' dir='ltr'><strong>absurde</strong></span> <span class='ocrx_word' id='word_1_43' title='bbox 1070 679 1311 720; x_wconf 87' lang='lat' dir='ltr'><strong>videbimur</strong></span> <span class='ocrx_word' id='word_1_44' title='bbox 1350 678 1609 731; x_wconf 81' lang='lat' dir='ltr'><strong>fragmenta,</strong></span> <span class='ocrx_word' id='word_1_45' title='bbox 1654 691 1757 730; x_wconf 87' lang='lat' dir='ltr'><strong>quo-</strong></span> 
     </span>
     <span class='ocr_line' id='line_1_8' title="bbox 245 747 1757 801; baseline -0.001 -13"><span class='ocrx_word' id='word_1_46' title='bbox 245 762 338 789; x_wconf 85' lang='lat' dir='ltr'><strong>rum</strong></span> <span class='ocrx_word' id='word_1_47' title='bbox 373 748 424 789; x_wconf 89' lang='lat' dir='ltr'><strong>de</strong></span> <span class='ocrx_word' id='word_1_48' title='bbox 456 751 594 789; x_wconf 86' lang='lat' dir='ltr'><strong>metro</strong></span> <span class='ocrx_word' id='word_1_49' title='bbox 627 752 743 789; x_wconf 86' lang='lat' dir='ltr'><strong>certo</strong></span> <span class='ocrx_word' id='word_1_50' title='bbox 788 751 977 799; x_wconf 87' lang='lat' dir='ltr'><strong>constat,</strong></span> <span class='ocrx_word' id='word_1_51' title='bbox 1018 748 1100 789; x_wconf 78' lang='lat' dir='ltr'><strong>hoo</strong></span> <span class='ocrx_word' id='word_1_52' title='bbox 1139 748 1234 789; x_wconf 87' lang='lat' dir='ltr'><strong>loco</strong></span> <span class='ocrx_word' id='word_1_53' title='bbox 1267 761 1392 801; x_wconf 80' lang='lat' dir='ltr'><strong>posse</strong></span> <span class='ocrx_word' id='word_1_54' title='bbox 1423 747 1594 788; x_wconf 79' lang='lat' dir='ltr'><strong>addere.</strong></span> <span class='ocrx_word' id='word_1_55' title='bbox 1657 750 1757 787; x_wconf 88' lang='lat' dir='ltr'><strong>sunt</strong></span> 
     </span>
     <span class='ocr_line' id='line_1_9' title="bbox 247 817 543 858; baseline 0.003 -1"><span class='ocrx_word' id='word_1_56' title='bbox 247 820 391 858; x_wconf 86' lang='lat' dir='ltr'><strong>autem</strong></span> <span class='ocrx_word' id='word_1_57' title='bbox 424 817 543 858; x_wconf 83' lang='lat' dir='ltr'><strong>haec.</strong></span> 
     </span>
    </p>
   </div>
   <div class='ocr_carea' id='block_1_5' title="bbox 400 908 1587 2972">
    <p class='ocr_par' dir='ltr' id='par_1_5' title="bbox 462 908 1587 963">
     <span class='ocr_line' id='line_1_10' title="bbox 462 908 1587 963; baseline -0.002 -11"><span class='ocrx_word' id='word_1_58' title='bbox 462 918 492 952; x_wconf 92' lang='grc' dir='ltr'><strong>Ι.</strong></span> <span class='ocrx_word' id='word_1_59' title='bbox 520 919 694 963; x_wconf 65' lang='lat' dir='ltr'><strong>delphino</strong></span> <span class='ocrx_word' id='word_1_60' title='bbox 722 919 853 952; x_wconf 87' lang='lat' dir='ltr'><strong>cinctis</strong></span> <span class='ocrx_word' id='word_1_61' title='bbox 878 918 1054 952; x_wconf 85' lang='lat' dir='ltr'><strong>vehiculis</strong></span> <span class='ocrx_word' id='word_1_62' title='bbox 1080 908 1411 962; x_wconf 62' lang='lat' dir='ltr'><strong>hippocamnisque</strong></span> <span class='ocrx_word' id='word_1_63' title='bbox 1438 917 1587 961; x_wconf 78' lang='lat' dir='ltr'><strong>asperis.</strong></span> 
     </span>
    </p>

    <p class='ocr_par' dir='ltr' id='par_1_6' title="bbox 439 975 1272 2275">
     <span class='ocr_line' id='line_1_11' title="bbox 439 975 1162 1020; baseline -0.001 -11"><span class='ocrx_word' id='word_1_64' title='bbox 439 975 493 1010; x_wconf 86' lang='grc' dir='ltr'><strong>Π.</strong></span> <span class='ocrx_word' id='word_1_65' title='bbox 519 976 783 1009; x_wconf 74' lang='lat' dir='ltr'><strong>Andromacha</strong></span> <span class='ocrx_word' id='word_1_66' title='bbox 809 988 875 1020; x_wconf 81' lang='lat' dir='ltr'><strong>per</strong></span> <span class='ocrx_word' id='word_1_67' title='bbox 900 975 1026 1009; x_wconf 74' lang='lat' dir='ltr'><strong>ludiim</strong></span> <span class='ocrx_word' id='word_1_68' title='bbox 1052 987 1162 1009; x_wconf 82' lang='lat' dir='ltr'><strong>manu</strong></span> 
     </span>
     <span class='ocr_line' id='line_1_12' title="bbox 521 1033 964 1068; baseline -0.002 -2"><span class='ocrx_word' id='word_1_69' title='bbox 521 1033 696 1068; x_wconf 85' lang='lat' dir='ltr'><strong>lascivola</strong></span> <span class='ocrx_word' id='word_1_70' title='bbox 721 1045 762 1067; x_wconf 83' lang='lat' dir='ltr'><strong>ac</strong></span> <span class='ocrx_word' id='word_1_71' title='bbox 790 1033 964 1067; x_wconf 73' lang='lat' dir='ltr'><strong>tenellula</strong></span> 
     </span>
     <span class='ocr_line' id='line_1_13' title="bbox 522 1090 1116 1135; baseline -0.002 -11"><span class='ocrx_word' id='word_1_72' title='bbox 522 1091 635 1135; x_wconf 82' lang='lat' dir='ltr'><strong>capiti</strong></span> <span class='ocrx_word' id='word_1_73' title='bbox 661 1102 743 1126; x_wconf 81' lang='lat' dir='ltr'><strong>mco</strong></span> <span class='ocrx_word' id='word_1_74' title='bbox 770 1090 969 1135; x_wconf 78' lang='lat' dir='ltr'><strong>trepidans,</strong></span> <span class='ocrx_word' id='word_1_75' title='bbox 998 1090 1116 1124; x_wconf 86' lang='lat' dir='ltr'><strong>libens</strong></span> 
     </span>
     <span class='ocr_line' id='line_1_14' title="bbox 520 1148 1075 1193; baseline 0 -12"><span class='ocrx_word' id='word_1_76' title='bbox 520 1149 669 1182; x_wconf 82' lang='lat' dir='ltr'><strong>insolita</strong></span> <span class='ocrx_word' id='word_1_77' title='bbox 696 1149 813 1193; x_wconf 78' lang='lat' dir='ltr'><strong>plexit</strong></span> <span class='ocrx_word' id='word_1_78' title='bbox 841 1148 1004 1182; x_wconf 73' lang='lat' dir='ltr'><strong>munera.</strong></span> <span class='ocrx_word' id='word_1_79' title='bbox 1030 1167 1075 1172; x_wconf 93' lang='lat'>-</span> 
     </span>
     <span class='ocr_line' id='line_1_15' title="bbox 522 1207 1057 1251; baseline -0.002 -11"><span class='ocrx_word' id='word_1_80' title='bbox 522 1207 715 1251; x_wconf 76' lang='lat' dir='ltr'><strong>complexa</strong></span> <span class='ocrx_word' id='word_1_81' title='bbox 743 1218 870 1240; x_wconf 86' lang='lat' dir='ltr'><strong>somno</strong></span> <span class='ocrx_word' id='word_1_82' title='bbox 898 1210 1057 1250; x_wconf 79' lang='lat' dir='ltr'><strong>corpora</strong></span> 
     </span>
     <span class='ocr_line' id='line_1_16' title="bbox 521 1264 1044 1309; baseline 0 -12"><span class='ocrx_word' id='word_1_83' title='bbox 521 1264 739 1309; x_wconf 77' lang='lat' dir='ltr'><strong>operiuntur</strong></span> <span class='ocrx_word' id='word_1_84' title='bbox 764 1275 805 1298; x_wconf 85' lang='lat' dir='ltr'><strong>ac</strong></span> <span class='ocrx_word' id='word_1_85' title='bbox 833 1269 931 1298; x_wconf 82' lang='lat' dir='ltr'><strong>suavi</strong></span> <span class='ocrx_word' id='word_1_86' title='bbox 961 1264 1044 1308; x_wconf 88' lang='lat' dir='ltr'><strong>quie</strong></span> 
     </span>
     <span class='ocr_line' id='line_1_17' title="bbox 525 1321 780 1355; baseline 0 0"><span class='ocrx_word' id='word_1_87' title='bbox 525 1321 707 1355; x_wconf 80' lang='lat' dir='ltr'><strong>dicantur.</strong></span> <span class='ocrx_word' id='word_1_88' title='bbox 736 1341 780 1345; x_wconf 89' lang='lat'><strong>——</strong></span> 
     </span>
     <span class='ocr_line' id='line_1_18' title="bbox 520 1377 1272 1422; baseline -0.001 -10"><span class='ocrx_word' id='word_1_89' title='bbox 520 1378 671 1412; x_wconf 84' lang='lat' dir='ltr'><strong>humum</strong></span> <span class='ocrx_word' id='word_1_90' title='bbox 697 1378 887 1412; x_wconf 76' lang='lat' dir='ltr'><strong>humidum</strong></span> <span class='ocrx_word' id='word_1_91' title='bbox 915 1377 1071 1422; x_wconf 74' lang='lat' dir='ltr'><strong>pedibus</strong></span> <span class='ocrx_word' id='word_1_92' title='bbox 1099 1377 1202 1411; x_wconf 84' lang='lat' dir='ltr'><strong>fodit.</strong></span> <span class='ocrx_word' id='word_1_93' title='bbox 1230 1397 1272 1402; x_wconf 87' lang='lat'><strong>—-</strong></span> 
     </span>
     <span class='ocr_line' id='line_1_19' title="bbox 521 1435 1036 1479; baseline 0 -10"><span class='ocrx_word' id='word_1_94' title='bbox 521 1436 581 1471; x_wconf 83' lang='lat' dir='ltr'><strong>lex</strong></span> <span class='ocrx_word' id='word_1_95' title='bbox 607 1436 753 1470; x_wconf 86' lang='lat' dir='ltr'><strong>Licinia</strong></span> <span class='ocrx_word' id='word_1_96' title='bbox 776 1435 1036 1479; x_wconf 74' lang='lat' dir='ltr'><strong>introducitur,</strong></span> 
     </span>
     <span class='ocr_line' id='line_1_20' title="bbox 521 1492 1165 1537; baseline 0.002 -10"><span class='ocrx_word' id='word_1_97' title='bbox 521 1494 583 1527; x_wconf 81' lang='lat' dir='ltr'><strong>lux</strong></span> <span class='ocrx_word' id='word_1_98' title='bbox 611 1493 750 1537; x_wconf 87' lang='lat' dir='ltr'><strong>liquida</strong></span> <span class='ocrx_word' id='word_1_99' title='bbox 774 1493 892 1527; x_wconf 85' lang='lat' dir='ltr'><strong>haedo</strong></span> <span class='ocrx_word' id='word_1_100' title='bbox 918 1492 1095 1528; x_wconf 72' lang='lat' dir='ltr'><strong>redditur.</strong></span> <span class='ocrx_word' id='word_1_101' title='bbox 1122 1513 1165 1517; x_wconf 92' lang='lat'><strong>—</strong></span> 
     </span>
     <span class='ocr_line' id='line_1_21' title="bbox 522 1550 1250 1595; baseline -0.001 -11"><span class='ocrx_word' id='word_1_102' title='bbox 522 1551 711 1595; x_wconf 75' lang='lat' dir='ltr'><strong>nuinquod</strong></span> <span class='ocrx_word' id='word_1_103' title='bbox 737 1562 859 1584; x_wconf 84' lang='lat' dir='ltr'><strong>meum</strong></span> <span class='ocrx_word' id='word_1_104' title='bbox 889 1550 1087 1584; x_wconf 71' lang='lat' dir='ltr'><strong>admissum</strong></span> <span class='ocrx_word' id='word_1_105' title='bbox 1113 1561 1250 1584; x_wconf 83' lang='lat' dir='ltr'><strong>nocens</strong></span> 
     </span>
     <span class='ocr_line' id='line_1_22' title="bbox 521 1608 1113 1643; baseline -0.003 -1"><span class='ocrx_word' id='word_1_106' title='bbox 521 1609 636 1643; x_wconf 87' lang='lat' dir='ltr'><strong>hostit</strong></span> <span class='ocrx_word' id='word_1_107' title='bbox 663 1609 890 1643; x_wconf 69' lang='lat' dir='ltr'><strong>voluntatem</strong></span> <span class='ocrx_word' id='word_1_108' title='bbox 918 1608 1044 1642; x_wconf 73' lang='lat' dir='ltr'><strong>tuam?</strong></span> <span class='ocrx_word' id='word_1_109' title='bbox 1069 1628 1113 1632; x_wconf 90' lang='lat'><strong>—</strong></span> 
     </span>
     <span class='ocr_line' id='line_1_23' title="bbox 522 1652 1105 1710; baseline -0.003 -10"><span class='ocrx_word' id='word_1_110' title='bbox 522 1678 609 1700; x_wconf 87' lang='lat' dir='ltr'><strong>num</strong></span> <span class='ocrx_word' id='word_1_111' title='bbox 636 1666 829 1710; x_wconf 71' lang='lat' dir='ltr'><strong>quaepiam</strong></span> <span class='ocrx_word' id='word_1_112' title='bbox 856 1666 926 1699; x_wconf 83' lang='lat' dir='ltr'><strong>alia</strong></span> <span class='ocrx_word' id='word_1_113' title='bbox 951 1665 995 1699; x_wconf 81' lang='lat' dir='ltr'><strong>dc</strong></span> <span class='ocrx_word' id='word_1_114' title='bbox 1022 1652 1105 1708; x_wconf 69' lang='lat' dir='ltr'><strong>ilio,</strong></span> 
     </span>
     <span class='ocr_line' id='line_1_24' title="bbox 521 1722 1025 1758; baseline -0.002 -1"><span class='ocrx_word' id='word_1_115' title='bbox 521 1723 688 1758; x_wconf 77' lang='lat' dir='ltr'><strong>Asiatico</strong></span> <span class='ocrx_word' id='word_1_116' title='bbox 715 1726 848 1757; x_wconf 83' lang='lat' dir='ltr'><strong>ornatu</strong></span> <span class='ocrx_word' id='word_1_117' title='bbox 873 1722 1025 1757; x_wconf 74' lang='lat' dir='ltr'><strong>affluens</strong></span> 
     </span>
     <span class='ocr_line' id='line_1_25' title="bbox 521 1777 1007 1825; baseline 0 -11"><span class='ocrx_word' id='word_1_118' title='bbox 521 1784 584 1815; x_wconf 84' lang='lat' dir='ltr'><strong>aut</strong></span> <span class='ocrx_word' id='word_1_119' title='bbox 613 1781 792 1815; x_wconf 79' lang='lat' dir='ltr'><strong>Sardiano</strong></span> <span class='ocrx_word' id='word_1_120' title='bbox 820 1792 861 1814; x_wconf 83' lang='lat' dir='ltr'><strong>ac</strong></span> <span class='ocrx_word' id='word_1_121' title='bbox 888 1777 1007 1825; x_wconf 57' lang='lat' dir='ltr'><strong>Lydio</strong></span> 
     </span>
     <span class='ocr_line' id='line_1_26' title="bbox 520 1838 1040 1883; baseline 0 -11"><span class='ocrx_word' id='word_1_122' title='bbox 520 1839 663 1883; x_wconf 66' lang='lat' dir='ltr'><strong>fulgens</strong></span> <span class='ocrx_word' id='word_1_123' title='bbox 689 1838 823 1873; x_wconf 89' lang='lat' dir='ltr'><strong>decore</strong></span> <span class='ocrx_word' id='word_1_124' title='bbox 851 1841 888 1873; x_wconf 84' lang='lat' dir='ltr'><strong>et</strong></span> <span class='ocrx_word' id='word_1_125' title='bbox 912 1839 1040 1883; x_wconf 78' lang='lat' dir='ltr'><strong>gratia,</strong></span> 
     </span>
     <span class='ocr_line' id='line_1_27' title="bbox 520 1897 781 1941; baseline -0.004 -11"><span class='ocrx_word' id='word_1_126' title='bbox 520 1897 713 1941; x_wconf 73' lang='lat' dir='ltr'><strong>pellicuit‘?</strong></span> <span class='ocrx_word' id='word_1_127' title='bbox 737 1916 781 1920; x_wconf 92' lang='lat'><strong>——-</strong></span> 
     </span>
     <span class='ocr_line' id='line_1_28' title="bbox 520 1953 1171 1998; baseline -0.002 -11"><span class='ocrx_word' id='word_1_128' title='bbox 520 1954 657 1998; x_wconf 80' lang='lat' dir='ltr'><strong>philtra</strong></span> <span class='ocrx_word' id='word_1_129' title='bbox 683 1954 806 1988; x_wconf 80' lang='lat' dir='ltr'><strong>omnia</strong></span> <span class='ocrx_word' id='word_1_130' title='bbox 830 1953 990 1997; x_wconf 89' lang='lat' dir='ltr'><strong>undique</strong></span> <span class='ocrx_word' id='word_1_131' title='bbox 1016 1955 1171 1987; x_wconf 88' lang='lat' dir='ltr'><strong>irruunt.</strong></span> 
     </span>
     <span class='ocr_line' id='line_1_29' title="bbox 520 2010 1074 2055; baseline -0.002 -10"><span class='ocrx_word' id='word_1_132' title='bbox 520 2011 729 2055; x_wconf 84' lang='lat' dir='ltr'><strong>antipathes</strong></span> <span class='ocrx_word' id='word_1_133' title='bbox 755 2010 845 2044; x_wconf 88' lang='lat' dir='ltr'><strong>illud</strong></span> <span class='ocrx_word' id='word_1_134' title='bbox 872 2011 1074 2055; x_wconf 69' lang='lat' dir='ltr'><strong>quaeritorz</strong></span> 
     </span>
     <span class='ocr_line' id='line_1_30' title="bbox 518 2068 1055 2113; baseline 0 -11"><span class='ocrx_word' id='word_1_135' title='bbox 518 2068 706 2112; x_wconf 80' lang='lat' dir='ltr'><strong>trochisci,</strong></span> <span class='ocrx_word' id='word_1_136' title='bbox 734 2068 872 2113; x_wconf 82' lang='lat' dir='ltr'><strong>iynges,</strong></span> <span class='ocrx_word' id='word_1_137' title='bbox 899 2068 1055 2112; x_wconf 75' lang='lat' dir='ltr'><strong>taeniae,</strong></span> 
     </span>
     <span class='ocr_line' id='line_1_31' title="bbox 520 2125 1066 2169; baseline -0.002 -10"><span class='ocrx_word' id='word_1_138' title='bbox 520 2126 716 2169; x_wconf 83' lang='lat' dir='ltr'><strong>radiculae,</strong></span> <span class='ocrx_word' id='word_1_139' title='bbox 743 2126 890 2169; x_wconf 83' lang='lat' dir='ltr'><strong>herbae,</strong></span> <span class='ocrx_word' id='word_1_140' title='bbox 918 2125 1066 2168; x_wconf 73' lang='lat' dir='ltr'><strong>surculi,</strong></span> 
     </span>
     <span class='ocr_line' id='line_1_32' title="bbox 520 2183 1046 2226; baseline -0.002 -9"><span class='ocrx_word' id='word_1_141' title='bbox 520 2194 658 2226; x_wconf 81' lang='lat' dir='ltr'><strong>saurae,</strong></span> <span class='ocrx_word' id='word_1_142' title='bbox 685 2183 813 2217; x_wconf 79' lang='lat' dir='ltr'><strong>inlices</strong></span> <span class='ocrx_word' id='word_1_143' title='bbox 838 2183 1046 2226; x_wconf 78' lang='lat' dir='ltr'><strong>bicodulae,</strong></span> 
     </span>
     <span class='ocr_line' id='line_1_33' title="bbox 518 2240 988 2275; baseline -0.002 0"><span class='ocrx_word' id='word_1_144' title='bbox 518 2241 738 2275; x_wconf 79' lang='lat' dir='ltr'><strong>hinientium</strong></span> <span class='ocrx_word' id='word_1_145' title='bbox 764 2240 988 2275; x_wconf 70' lang='lat' dir='ltr'><strong>dulcedines.</strong></span> 
     </span>
    </p>

    <p class='ocr_par' dir='ltr' id='par_1_7' title="bbox 419 2297 1459 2458">
     <span class='ocr_line' id='line_1_34' title="bbox 419 2297 1459 2342; baseline -0.003 -9"><span class='ocrx_word' id='word_1_146' title='bbox 419 2297 494 2333; x_wconf 82' lang='lat' dir='ltr'><strong>HJ.</strong></span> <span class='ocrx_word' id='word_1_147' title='bbox 522 2299 653 2333; x_wconf 83' lang='lat' dir='ltr'><strong>scabra</strong></span> <span class='ocrx_word' id='word_1_148' title='bbox 677 2303 713 2331; x_wconf 87' lang='lat' dir='ltr'><strong>in</strong></span> <span class='ocrx_word' id='word_1_149' title='bbox 739 2298 895 2342; x_wconf 82' lang='lat' dir='ltr'><strong>legendo</strong></span> <span class='ocrx_word' id='word_1_150' title='bbox 923 2298 1161 2332; x_wconf 75' lang='lat' dir='ltr'><strong>reduviosave</strong></span> <span class='ocrx_word' id='word_1_151' title='bbox 1187 2298 1386 2331; x_wconf 76' lang='lat' dir='ltr'><strong>offendens.</strong></span> <span class='ocrx_word' id='word_1_152' title='bbox 1416 2316 1459 2320; x_wconf 80' lang='lat'><strong>—-</strong></span> 
     </span>
     <span class='ocr_line' id='line_1_35' title="bbox 520 2355 1391 2400; baseline -0.003 -10"><span class='ocrx_word' id='word_1_153' title='bbox 520 2358 672 2399; x_wconf 67' lang='lat' dir='ltr'><strong>seseque</strong></span> <span class='ocrx_word' id='word_1_154' title='bbox 702 2356 738 2389; x_wconf 89' lang='lat' dir='ltr'><strong>in</strong></span> <span class='ocrx_word' id='word_1_155' title='bbox 764 2355 836 2389; x_wconf 81' lang='lat' dir='ltr'><strong>alta</strong></span> <span class='ocrx_word' id='word_1_156' title='bbox 861 2356 975 2390; x_wconf 71' lang='lat' dir='ltr'><strong>maria</strong></span> <span class='ocrx_word' id='word_1_157' title='bbox 1000 2356 1211 2400; x_wconf 84' lang='lat' dir='ltr'><strong>praecipem</strong></span> <span class='ocrx_word' id='word_1_158' title='bbox 1240 2355 1391 2388; x_wconf 83' lang='lat' dir='ltr'><strong>immisit</strong></span> 
     </span>
     <span class='ocr_line' id='line_1_36' title="bbox 517 2413 1284 2458; baseline -0.001 -12"><span class='ocrx_word' id='word_1_159' title='bbox 517 2415 641 2447; x_wconf 89' lang='lat' dir='ltr'><strong>mente</strong></span> <span class='ocrx_word' id='word_1_160' title='bbox 666 2418 797 2457; x_wconf 86' lang='lat' dir='ltr'><strong>impos,</strong></span> <span class='ocrx_word' id='word_1_161' title='bbox 825 2424 935 2458; x_wconf 80' lang='lat' dir='ltr'><strong>aegra</strong></span> <span class='ocrx_word' id='word_1_162' title='bbox 962 2414 1126 2448; x_wconf 73' lang='lat' dir='ltr'><strong>sanitatis</strong></span> <span class='ocrx_word' id='word_1_163' title='bbox 1152 2413 1284 2446; x_wconf 76' lang='lat' dir='ltr'><strong>herois.</strong></span> 
     </span>
    </p>

    <p class='ocr_par' dir='ltr' id='par_1_8' title="bbox 423 2469 1022 2561">
     <span class='ocr_line' id='line_1_37' title="bbox 423 2469 1022 2515; baseline 0.002 -12"><span class='ocrx_word' id='word_1_164' title='bbox 423 2470 489 2505; x_wconf 80' lang='lat' dir='ltr'><strong>IV.</strong></span> <span class='ocrx_word' id='word_1_165' title='bbox 516 2470 613 2504; x_wconf 78' lang='lat' dir='ltr'><strong>nunc</strong></span> <span class='ocrx_word' id='word_1_166' title='bbox 639 2469 788 2504; x_wconf 68' lang='lat' dir='ltr'><strong>Laertie</strong></span> <span class='ocrx_word' id='word_1_167' title='bbox 814 2471 909 2505; x_wconf 68' lang='lat' dir='ltr'><strong>belle</strong></span> <span class='ocrx_word' id='word_1_168' title='bbox 935 2475 1022 2515; x_wconf 76' lang='lat' dir='ltr'><strong>para</strong></span> 
     </span>
     <span class='ocr_line' id='line_1_38' title="bbox 517 2527 776 2561; baseline 0 0"><span class='ocrx_word' id='word_1_169' title='bbox 517 2533 570 2561; x_wconf 82' lang='lat' dir='ltr'><strong>ire</strong></span> <span class='ocrx_word' id='word_1_170' title='bbox 597 2527 776 2561; x_wconf 61' lang='lat' dir='ltr'><strong>Ithacami</strong></span> 
     </span>
    </p>

    <p class='ocr_par' dir='ltr' id='par_1_9' title="bbox 445 2584 1262 2792">
     <span class='ocr_line' id='line_1_39' title="bbox 445 2584 1262 2628; baseline 0 -10"><span class='ocrx_word' id='word_1_171' title='bbox 445 2584 490 2618; x_wconf 91' lang='lat' dir='ltr'><strong>V.</strong></span> <span class='ocrx_word' id='word_1_172' title='bbox 517 2589 675 2628; x_wconf 84' lang='lat' dir='ltr'><strong>corpore</strong></span> <span class='ocrx_word' id='word_1_173' title='bbox 701 2587 927 2628; x_wconf 81' lang='lat' dir='ltr'><strong>pectoreque</strong></span> <span class='ocrx_word' id='word_1_174' title='bbox 950 2584 1110 2628; x_wconf 88' lang='lat' dir='ltr'><strong>undique</strong></span> <span class='ocrx_word' id='word_1_175' title='bbox 1139 2585 1262 2627; x_wconf 77' lang='lat' dir='ltr'><strong>obeso,</strong></span> 
     </span>
     <span class='ocr_line' id='line_1_40' title="bbox 516 2641 1102 2686; baseline 0.002 -12"><span class='ocrx_word' id='word_1_176' title='bbox 516 2644 639 2675; x_wconf 85' lang='lat' dir='ltr'><strong>mente</strong></span> <span class='ocrx_word' id='word_1_177' title='bbox 669 2644 821 2675; x_wconf 75' lang='lat' dir='ltr'><strong>exsensa</strong></span> <span class='ocrx_word' id='word_1_178' title='bbox 846 2641 1102 2686; x_wconf 82' lang='lat' dir='ltr'><strong>tardigenuclo</strong></span> 
     </span>
     <span class='ocr_line' id='line_1_41' title="bbox 518 2699 944 2743; baseline 0 -11"><span class='ocrx_word' id='word_1_179' title='bbox 518 2699 618 2733; x_wconf 84' lang='lat' dir='ltr'><strong>senio</strong></span> <span class='ocrx_word' id='word_1_180' title='bbox 646 2703 876 2743; x_wconf 78' lang='lat' dir='ltr'><strong>Oppressum.</strong></span> <span class='ocrx_word' id='word_1_181' title='bbox 904 2719 944 2723; x_wconf 82' lang='lat'><strong>——</strong></span> 
     </span>
     <span class='ocr_line' id='line_1_42' title="bbox 516 2755 1180 2792; baseline -0.002 -3"><span class='ocrx_word' id='word_1_182' title='bbox 516 2756 718 2790; x_wconf 74' lang='lat' dir='ltr'><strong>meminens</strong></span> <span class='ocrx_word' id='word_1_183' title='bbox 743 2755 864 2792; x_wconf 90' lang='lat' dir='ltr'><strong>Varro</strong></span> <span class='ocrx_word' id='word_1_184' title='bbox 892 2755 1004 2789; x_wconf 81' lang='lat' dir='ltr'><strong>corde</strong></span> <span class='ocrx_word' id='word_1_185' title='bbox 1030 2756 1180 2789; x_wconf 85' lang='lat' dir='ltr'><strong>volutat.</strong></span> 
     </span>
    </p>

    <p class='ocr_par' dir='ltr' id='par_1_10' title="bbox 419 2812 1237 2914">
     <span class='ocr_line' id='line_1_43' title="bbox 419 2812 1237 2857; baseline -0.002 -10"><span class='ocrx_word' id='word_1_186' title='bbox 419 2812 487 2847; x_wconf 73' lang='lat' dir='ltr'><strong>VI.</strong></span> <span class='ocrx_word' id='word_1_187' title='bbox 513 2813 581 2847; x_wconf 75' lang='lat' dir='ltr'><strong>hac</strong></span> <span class='ocrx_word' id='word_1_188' title='bbox 609 2825 680 2857; x_wconf 83' lang='lat' dir='ltr'><strong>qua</strong></span> <span class='ocrx_word' id='word_1_189' title='bbox 707 2813 762 2846; x_wconf 77' lang='lat' dir='ltr'><strong>sol</strong></span> <span class='ocrx_word' id='word_1_190' title='bbox 787 2824 901 2857; x_wconf 81' lang='lat' dir='ltr'><strong>vagus</strong></span> <span class='ocrx_word' id='word_1_191' title='bbox 927 2816 1054 2856; x_wconf 81' lang='lat' dir='ltr'><strong>igneas</strong></span> <span class='ocrx_word' id='word_1_192' title='bbox 1077 2812 1237 2847; x_wconf 66' lang='lat' dir='ltr'><strong>habenas</strong></span> 
     </span>
     <span class='ocr_line' id='line_1_44' title="bbox 517 2869 1216 2914; baseline -0.001 -11"><span class='ocrx_word' id='word_1_193' title='bbox 517 2871 684 2904; x_wconf 85' lang='lat' dir='ltr'><strong>immittit</strong></span> <span class='ocrx_word' id='word_1_194' title='bbox 709 2869 861 2914; x_wconf 75' lang='lat' dir='ltr'><strong>propius</strong></span> <span class='ocrx_word' id='word_1_195' title='bbox 885 2870 1060 2914; x_wconf 77' lang='lat' dir='ltr'><strong>iugatque</strong></span> <span class='ocrx_word' id='word_1_196' title='bbox 1086 2872 1216 2904; x_wconf 77' lang='lat' dir='ltr'><strong>terrae.</strong></span> 
     </span>
    </p>

    <p class='ocr_par' dir='ltr' id='par_1_11' title="bbox 400 2922 1190 2972">
     <span class='ocr_line' id='line_1_45' title="bbox 400 2922 1190 2972; baseline -0.001 -11"><span class='ocrx_word' id='word_1_197' title='bbox 400 2926 489 2961; x_wconf 85' lang='lat' dir='ltr'><strong>VII.</strong></span> <span class='ocrx_word' id='word_1_198' title='bbox 518 2932 645 2961; x_wconf 77' lang='lat' dir='ltr'><strong>omnes</strong></span> <span class='ocrx_word' id='word_1_199' title='bbox 672 2927 758 2961; x_wconf 73' lang='lat' dir='ltr'><strong>sunt</strong></span> <span class='ocrx_word' id='word_1_200' title='bbox 782 2927 886 2961; x_wconf 85' lang='lat' dir='ltr'><strong>denis</strong></span> <span class='ocrx_word' id='word_1_201' title='bbox 912 2922 1059 2972; x_wconf 53' lang='lat' dir='ltr'><strong>syllabis</strong></span> <span class='ocrx_word' id='word_1_202' title='bbox 1085 2933 1190 2960; x_wconf 50' lang='lat' dir='ltr'><strong>versi,</strong></span> 
     </span>
    </p>
   </div>
  </div>
 </body>
</html>
