1898 3292
231 213 311 252 308
818 222 937 248 LIBER
956 222 1145 254 QVARTVS.

232 326 391 378 quente
421 327 436 365 ἱ
464 323 583 366 brevi
614 323 785 378 aliaque
808 325 944 366 vocali
977 325 1126 366 addita
1163 327 1514 379 pronuntiaretur
1546 327 1669 380 quasi
1699 343 1736 373 2,

229 393 319 433 eius
351 392 414 434 rei
446 393 729 434 certissimum
762 393 1003 447 exemplum
1036 394 1230 435 ducentis
1263 395 1443 448 reperiri
1470 396 1590 436 annis
1624 400 1734 437 ante.

229 461 386 502 etenim
420 474 514 502 cum
542 461 872 502 Commodianus
903 462 1005 503 Afer
1035 462 1077 502 in
1111 462 1352 503 acrosticho
1385 466 1737 513 concupiscentiae

229 529 283 570 ad
314 529 503 570 litteram
537 543 562 570 a
593 529 676 571 fine
709 533 908 583 quartam
939 530 1260 583 exprimendam
1285 530 1494 581 vocabuli⁷
1527 531 1641 583 quod
1672 535 1737 572 est

228 611 334 642 cum,
364 600 513 638 utatur
544 597 681 650 prima
715 596 798 653 [pg.
835 597 955 654 182]‚
997 598 1192 651 sequitur
1222 599 1307 639 iam
1337 598 1464 639 huius
1496 603 1687 653 tempore
1723 607 1736 640 l

230 669 272 706 et
302 679 324 706 c
351 665 601 706 condicione
633 680 764 719 supra
794 666 985 707 indicata
1006 666 1265 719 liquefactas
1287 667 1519 719 aliquando
1542 669 1735 709 sonuisse

227 733 351 774 idem.
413 737 456 774 et
487 734 762 775 inveniuntur
794 734 942 775 similis
976 735 1066 775 vitii
1100 735 1295 788 exempla
1338 735 1380 775 in
1412 735 1548 776 titulis
1580 736 1678 777 inde
1711 751 1736 777 a

227 816 336 843 saec.
369 802 429 842 III
461 802 525 843 vel
558 802 665 844 adeo
698 803 749 843 ΙΙ.

343 871 577 912 Praeterea
608 870 714 912 illud
746 886 771 911 u
804 872 981 924 antiquo
1024 876 1216 925 tempore
1266 886 1360 913 cum
1405 886 1573 926 semper
1611 887 1735 926 prae-

226 940 354 980 misso
387 954 410 990 q
442 953 520 980 nec
542 953 642 980 raro
666 939 952 993 praecedente
980 955 1006 991 y
1028 940 1094 980 vel
1115 956 1134 980 s
1156 940 1309 982 fuisset
1340 941 1516 994 proprio
1549 941 1734 994 quodam

226 1007 413 1057 modulo,
445 1011 493 1049 ut
524 1008 646 1061 quasi
680 1007 944 1049 coalesceret
976 1022 1070 1049 cum
1104 1022 1290 1050 consona
1322 1009 1478 1062 priore,
1509 1023 1607 1050 mox
1630 1013 1734 1051 tem-

225 1090 378 1130 porum
411 1076 595 1118 decursu
626 1076 687 1117 ita
719 1080 1050 1128 attenuatumst,
1091 1077 1345 1131 plerumque
1386 1082 1433 1119 ut
1464 1078 1736 1120 omitteretur

225 1144 464 1186 scribendo.
512 1148 663 1185 contra
683 1144 726 1185 in
748 1144 845 1195 illis,
878 1159 988 1198 quae
1011 1149 1110 1187 sunt
1138 1152 1242 1194 teme,
1273 1161 1384 1189 suus:
1419 1150 1605 1195 duellum,
1639 1161 1731 1187 cuni

226 1213 349 1254 initio
378 1212 504 1255 valde
535 1213 686 1255 fuisset
725 1213 826 1254 exili
866 1227 968 1255 sono
1012 1214 1159 1255 littera
1199 1214 1367 1265 eadem,
1409 1215 1734 1256 corroboratast

225 1281 393 1324 sensim.

340 1349 566 1391 Contraria
596 1350 760 1404 figurae
792 1364 923 1404 supra
954 1354 1226 1392 enarrataest
1269 1351 1524 1401 dihaeresis,
1566 1365 1652 1405 qua
1683 1366 1735 1393 ex

227 1432 413 1460 consona
444 1422 457 1458 ἱ
488 1418 554 1459 vel
584 1433 610 1460 u
643 1418 692 1460 fit
724 1419 895 1461 vocalis.

339 1487 476 1528 Huius
518 1490 664 1528 tamen
705 1501 807 1528 usus
854 1487 967 1541 apud
1006 1491 1158 1541 poetas
1190 1488 1365 1529 Latinos
1406 1502 1616 1542 perquam
1654 1488 1735 1530 fuit

226 1556 416 1609 exiguus.
477 1569 575 1596 nam
611 1559 653 1597 et
678 1569 819 1610 pauca
850 1556 940 1597 eius
972 1570 1050 1597 nec
1082 1570 1250 1610 semper
1294 1561 1412 1597 certa
1459 1557 1734 1598 inveniuntur

226 1623 432 1677 exempla.

339 1692 423 1734 Sed
465 1693 650 1746 primum
693 1692 949 1734 monendum
994 1706 1225 1746 numquam
1277 1707 1370 1734 eam
1417 1693 1647 1735 admissam
1690 1695 1733 1735 in

224 1761 443 1802 vocalibus
472 1761 621 1814 primis
652 1760 903 1812 verborum,
945 1761 988 1802 id
1030 1761 1144 1814 quod
1175 1761 1323 1803 doctos
1354 1762 1464 1816 fugit
1495 1762 1731 1804 nonnullos.

222 1829 354 1870 veluti
377 1829 656 1871 Schenkelius
678 1833 825 1871 noster
857 1829 910 1871 ab
934 1830 1122 1871 Ausonio
1155 1830 1384 1883 aliquoties
1415 1834 1558 1872 Ionum
1592 1831 1731 1873 tribus

223 1897 367 1938 efferri
409 1897 584 1952 syllabis
626 1899 780 1939 statuit
826 1897 910 1954 [pg.
945 1898 1056 1954 293}
1104 1924 1157 1928 —-
1204 1898 1328 1952 longe
1372 1902 1514 1940 autem
1559 1900 1731 1953 saepius

224 1980 351 2019 quam
385 1970 399 2007 τ’
429 1979 617 2007 consona
647 1966 902 2008 immutatur
929 1981 967 2015 «ιι,
1011 1967 1211 2020 quoniam
1249 1967 1323 2008 illa
1355 1972 1529 2021 praeter
1561 1982 1731 2023 compo-

223 2034 307 2075 sita
337 2047 421 2075 non
452 2034 666 2076 invenitur
696 2038 795 2089 post
826 2049 1047 2087 consonas,
1078 2035 1203 2077 aliter
1234 2049 1334 2077 vero
1367 2036 1582 2078 (lihaeresi
1614 2037 1731 2078 facta

219 2116 297 2156 per
331 2103 499 2144 vocales
531 2107 836 2145 concurrentes
868 2104 1005 2146 oritur
1038 2104 1286 2159 dysphonia.
1347 2105 1493 2158 itaque
1524 2106 1609 2146 iam
1642 2107 1727 2147 usi-

220 2171 354 2212 tatius
382 2184 621 2224 persequar
652 2172 916 2226 exceptionis
948 2172 1075 2214 huius
1108 2186 1251 2226 genus.

337 2240 398 2283 Ao
446 2239 631 2293 primum
683 2240 855 2293 quidem
906 2241 1163 2292 notandum,
1217 2241 1331 2294 quod
1382 2242 1609 2284 Lucretius
1655 2242 1730 2284 illa

223 2320 334 2360 quae
366 2310 466 2348 sunt
497 2312 650 2349 suadeo
679 2312 721 2349 et
749 2323 891 2350 suesco
922 2313 963 2350 et
997 2316 1136 2350 suetus
1179 2310 1431 2363 plerumque
1472 2311 1593 2364 ponit
1635 2324 1729 2352 cum

220 2389 247 2416 u
288 2374 435 2416 vocali.
504 2389 582 2417 nec
622 2376 760 2418 minus
798 2377 840 2417 in
878 2377 994 2419 hisce
1044 2376 1090 2433 [1,
1123 2381 1223 2430 559;
1254 2378 1332 2427 ΙΙΙ,
1365 2382 1469 2430 704;
1505 2379 1572 2429 VI,
1605 2378 1729 2435 446]:

222 2446 457 2484 dismrbans
504 2447 829 2495 dissolvensque;
883 2449 924 2486 in
969 2450 1173 2487 manando
1228 2450 1524 2495 dissolvmztm·;
1575 2451 1730 2489 demisi!

223 2514 483 2562 dissolvitque
515 2516 698 2565 apparet
727 2513 1026 2568 pentasyllabo
1058 2513 1171 2555 finiri
1203 2528 1386 2566 versum,
1418 2529 1512 2556 cum
1543 2515 1614 2556 ille
1645 2529 1729 2556 11011

221 2578 424 2620 admittat
446 2583 602 2632 quarto
624 2579 718 2621 loco
741 2581 989 2634 spondeum,
1022 2582 1057 2623 si
1078 2582 1191 2623 idem
1214 2582 1269 2623 sit
1289 2583 1332 2623 in
1355 2583 1503 2636 quinto
1538 2582 1727 2639 [Lachm.

218 2658 288 2700 pg.
320 2646 430 2703 151}
473 2672 529 2678 -—
573 2652 802 2702 praeterea
832 2649 946 2690 idem
978 2649 1109 2691 semel
1141 2650 1249 2691 dixit
1280 2664 1477 2692 consecue
1518 2650 1582 2707 [V,
1615 2651 1727 2707 677],

219 2714 351 2756 semel
383 2718 505 2757 acuai
536 2715 621 2772 [VL
657 2712 804 2773 1070]‚
836 2715 902 2758 bis
935 2731 1065 2759 acuae
1101 2717 1185 2774 [VL
1220 2722 1322 2770 5523
1356 2718 1468 2775 868]‚
1502 2719 1575 2760 sed
1607 2723 1654 2760 ut
1685 2720 1727 2760 in

219 2782 355 2824 altero
397 2783 490 2824 loco
533 2784 626 2826 cdd.
657 2784 848 2826 habeant
890 2789 1045 2835 laticis,
1086 2786 1191 2828 illud
1234 2791 1378 2828 tamen
1416 2787 1602 2829 Audacis
1643 2791 1727 2829 stet

218 2851 461 2892 testimonio
497 2851 564 2908 [cf.
594 2867 653 2905 gr.
680 2852 705 2892 l.
743 2853 827 2903 VII,
855 2852 966 2909 329}
1028 2854 1113 2895 iam
1145 2854 1330 2896 diductis
1368 2855 1543 2909 syllabis
1577 2855 1724 2896 Cicero

219 2918 414 2960 adhibuit
445 2929 615 2961 suet-zm(
642 2922 729 2975 [Ar.
758 2922 868 2975 178]
905 2921 1098 2964 Catullus
1125 2927 1294 2971 solvunt,
1320 2927 1435 2965 solvit
1470 2922 1552 2979 [6],
1577 2927 1650 2975 533
1686 2927 1724 2974 2,
