1898 3292
252 247 334 284 444
858 255 977 279 LIBER
997 254 1152 280 SEXTVS.

251 357 494 397 Priscianus
518 361 697 397 Pisidam
724 356 1029 413 [1101109000]
1065 357 1350 397 Maximianus
1379 362 1583 397 Socratem
1616 357 1669 413 [1.
1690 357 1757 414 48]

251 425 397 466 dixere
439 428 610 466 extenta
656 424 922 479 paenultima
963 424 1106 479 (plura
1137 428 1280 466 autem
1313 425 1446 466 multo
1478 425 1584 466 talia
1615 425 1759 474 habet,

251 492 364 546 quod
397 507 480 534 non
511 494 679 544 mirere,
713 493 987 547 Venantius),
1029 506 1112 534 11011
1151 492 1277 534 facile
1316 493 1401 534 alia
1433 494 1598 534 ratione
1631 509 1759 547 quam

249 562 343 615 ipsa
378 561 417 602 vi
448 565 647 603 tonorum
680 562 822 615 potuit
853 561 1033 602 evenire.
1096 561 1245 602 adiuta
1276 565 1419 603 autem
1452 575 1520 603 res
1553 575 1614 611 00,
1645 562 1759 615 quod

251 633 420 670 constat
451 643 535 670 non
568 629 754 671 defuisse
787 629 902 682 apud
934 629 1170 679 Romanos,
1213 630 1285 682 qui
1322 630 1365 670 in
1398 629 1575 671 Graecis
1606 630 1759 681 verbis,

251 698 378 738 etiam
411 698 445 738 si
479 697 642 739 Latinis
675 697 960 739 redderentur
994 697 1163 748 litteris,
1196 701 1398 739 accentus
1435 702 1657 740 servarent
1689 713 1756 740 ex-

249 770 408 806 1011105.
451 791 508 796 —-
554 780 631 807 nec
673 780 773 807 vero
817 766 1108 819 exemplorum
1151 780 1283 820 supra
1322 766 1559 820 positorum
1596 767 1658 808 vis
1697 768 1760 808 in-

250 835 452 888 fringitur
496 848 558 884 eo,
602 834 716 887 quod
758 848 783 875 a
826 834 1011 888 Corippo
1056 833 1241 890 [iohann.
1273 834 1325 885 ΙΙ,
1357 835 1458 889 400]
1501 839 1543 876 01
1584 840 1759 877 auctore

249 902 435 955 quodam
460 902 743 956 Anthologiae
779 902 890 959 [244,
917 907 966 943 17
991 902 1070 959 R.],
1103 907 1150 944 ut
1173 916 1304 956 supra
1327 903 1464 953 (100111,
1493 903 1599 945 illud
1631 908 1760 945 ariete

248 971 423 1024 ponitur
453 970 665 1024 producta
698 971 976 1024 paenultima.
1024 971 1066 1012 id
1100 971 1223 1021 0111111,
1253 971 1431 1024 perinde
1453 975 1500 1012 ut
1521 972 1607 1013 alia
1630 987 1759 1026 quae-

246 1039 344 1079 dam
388 1039 626 1092 productae
668 1043 820 1080 contra
866 1040 1159 1092 quantitatum
1203 1039 1339 1092 legem
1388 1040 1583 1094 exempla
1629 1055 1758 1094 paen—

247 1107 423 1148 ultimae
456 1107 571 1161 apud
613 1108 822 1160 pessimos
864 1112 1082 1155 auotores,
1129 1108 1256 1149 metri
1294 1108 1532 1149 inevitabili
1572 1109 1758 1162 quadam

246 1190 495 1229 expressum
545 1176 823 1226 necessitate,
875 1190 985 1230 quae
1036 1190 1120 1218 non
1172 1176 1312 1217 adfuit
1357 1176 1577 1218 vocabulis
1631 1177 1758 1218 modo

245 1245 506 1286 memoratis.
569 1248 614 1285 at
647 1247 816 1285 Jlaeeao
848 1244 902 1286 ab
936 1246 1118 1286 Aratore
1151 1258 1244 1286 cum
1280 1244 1409 1298 longa
1449 1245 1711 1287 adhibeatur
1739 1260 1759 1287 e

249 1312 301 1368 [a.
335 1327 401 1367 ap.
434 1314 486 1363 ΙΙ,
521 1312 642 1369 313],
684 1312 919 1354 notandum
958 1316 1001 1354 et
1031 1313 1146 1366 apud
1179 1313 1368 1355 Graecos
1399 1314 1580 1355 inveniri
1609 1328 1758 1355 secun-

247 1381 345 1422 dam
376 1385 631 1434 porrectam.
692 1395 822 1434 porro
855 1381 937 1422 erit
969 1381 1284 1434 quaerendum,
1327 1395 1454 1435 quam
1498 1382 1551 1423 ob
1584 1396 1757 1424 causam

246 1450 287 1490 111
332 1449 404 1491 1110
438 1454 611 1491 Salamis
650 1450 840 1491 secunda
882 1449 1132 1490 intendatur
1180 1450 1234 1491 ab
1278 1451 1438 1492 Avieno
1483 1450 1634 1506 [deser.
1667 1451 1757 1492 orb.

247 1518 359 1574 679]
406 1543 460 1547 —
506 1518 581 1560 sed
621 1519 746 1572 longe
792 1519 962 1572 saepius
1003 1517 1161 1559 accidit
1200 1518 1243 1559 in
1282 1518 1479 1570 Graecis,
1524 1523 1572 1560 ut
1608 1519 1757 1572 longas

245 1587 493 1628 breviarent
514 1587 657 1628 Latini
690 1601 774 1638 eas,
808 1600 917 1640 quae
946 1587 1174 1640 peregrino
1209 1600 1403 1628 sermone
1426 1590 1525 1628 ante
1548 1587 1757 1641 syllabam

247 1659 426 1697 accentu
466 1656 675 1709 insignem
716 1660 860 1697 essent
901 1656 1079 1709 positae.
1152 1655 1315 1696 scilicet
1358 1657 1494 1709 inagis
1534 1657 1757 1710 magisque

244 1723 528 1765 intercidente
573 1723 814 1765 eruditione
854 1723 1024 1765 liberali
1066 1724 1169 1776 quid
1200 1724 1455 1765 mirabimur
1485 1725 1527 1765 111
1561 1725 1756 1766 0001(1011-

245 1792 407 1834 talibus
447 1792 575 1833 terris
619 1791 817 1833 doctores
851 1792 1059 1841 Graecos,
1105 1792 1139 1833 si
1180 1792 1305 1834 modo
1347 1792 1422 1833 ulli
1465 1797 1629 1844 essent,
1672 1808 1757 1835 11011

244 1860 419 1901 hercule
460 1860 591 1901 fuisse
629 1860 827 1902 meliores
868 1875 997 1914 quam
1038 1861 1243 1902 Latinos?
1287 1874 1385 1901 nam
1422 1864 1464 1902 et
1503 1861 1547 1901 in
1579 1861 1757 1903 Graecis

244 1929 532 1982 posteriorum
579 1932 822 1982 temporum
868 1929 990 1970 libris
1035 1929 1289 1982 plerumque
1338 1929 1497 1970 similes
1543 1944 1756 1984 paresque

245 1996 507 2038 carminibus
538 1997 742 2038 Romanis
772 1998 1058 2038 admittuntur
1092 2011 1260 2038 errores
1294 1998 1597 2050 quantitatum.
1646 2013 1756 2052 quae

246 2079 339 2106 cum
378 2065 440 2106 ita
483 2066 587 2115 sint,
635 2079 719 2106 non
763 2066 845 2107 erit
887 2067 1042 2107 mirum
1084 2065 1198 2118 quod
1238 2066 1514 2107 inveniuntur
1557 2071 1757 2121 correpta

244 2133 383 2174 altera
419 2137 638 2184 Euripides
678 2133 835 2189 [Sidon.
868 2135 946 2183 IX,
979 2134 1099 2190 234],
1142 2137 1380 2185 Pamphylia
1426 2134 1586 2190 [Avien.
1619 2135 1755 2176 (10501.

244 2201 333 2242 orb.
374 2205 474 2242 terr.
524 2201 672 2258 1013]‚
721 2205 1023 2255 Laestryqones
1075 2202 1181 2257 [Sid.
1222 2202 1354 2255 epigr.
1397 2202 1451 2243 ad
1489 2203 1638 2244 Maior.
1675 2204 1756 2258 19],

245 2273 542 2321 Stymphalides
577 2268 692 2325 [Aus.
725 2271 781 2312 id.
818 2274 880 2319 19,
915 2271 969 2325 51].
1031 2270 1106 2311 sed
1145 2271 1270 2323 longe
1312 2271 1450 2323 magis
1496 2285 1547 2312 ea
1583 2271 1757 2313 licentia

245 2337 298 2378 ad
330 2337 562 2378 secundam
596 2351 621 2379 a
652 2338 735 2379 fine
766 2339 1009 2392 penetravit
1038 2337 1247 2392 syllabam
1280 2352 1427 2379 earum
1452 2353 1613 2389 vocum,
1646 2354 1757 2393 quae

244 2405 361 2459 apud
393 2405 583 2447 Graecos
615 2410 759 2447 essent
789 2410 1178 2461 proparoxytonae.
1240 2420 1290 2448 ea
1321 2407 1519 2448 breviata
1549 2407 1755 2461 adhiben-

242 2478 433 2515 turcum
466 2474 551 2515 alia
581 2478 673 2515 tum
704 2474 812 2516 haec
844 2478 1007 2527 Abydus
1039 2475 1132 2529 [Av.
1156 2474 1291 2516 deser.
1316 2474 1406 2516 orb.
1431 2475 1549 2532 693],
1581 2480 1755 2528 Acindy-

244 2557 315 2583 nos
349 2541 464 2598 [Aus.
489 2543 620 2595 epigr.
644 2546 710 2593 41,
732 2547 771 2594 13
796 2544 857 2597 3]‚
889 2547 1116 2594 allophylus
1151 2542 1294 2598 [Prud.
1318 2543 1430 2584 ham.
1454 2544 1572 2600 499],
1604 2549 1755 2585 Aratus

243 2610 349 2664 [sid.
382 2610 438 2651 ad
470 2610 591 2651 Cons.
629 2611 743 2665 113]‚
783 2615 977 2652 arthrisis
1009 2611 1154 2666 [Prud.
1184 2625 1224 2664 p.
1259 2615 1309 2652 st.
1348 2615 1408 2662 10,
1441 2614 1562 2667 495],
1593 2616 1755 2653 curioma

246 2678 390 2732 [Mart.
413 2678 482 2728 IV,
507 2682 601 2728 327,
635 2680 703 2733 4],
737 2694 904 2731 azymon
943 2679 1088 2733 [Prud.
1112 2679 1256 2732 apoth.
1282 2681 1406 2734 353]‚
1447 2683 1627 2732 Corcyra
1663 2681 1754 2734 [Av.

244 2747 379 2788 deser.
413 2747 503 2787 orb.
537 2748 657 2801 662],
691 2750 927 2788 Hellanicus
961 2748 1052 2801 [ΑΨ.
1086 2761 1145 2788 er.
1178 2761 1282 2788 mar.
1310 2749 1403 2802 43]‚
1437 2751 1754 2800 Libyphoenices

246 2815 338 2867 [Av.
372 2828 431 2855 or.
470 2829 575 2855 mar.
613 2817 739 2870 421]‚
790 2819 1005 2867 Pachynus
1054 2815 1204 2869 [Prisc.
1240 2816 1400 2869 perieg.
1441 2817 1539 2870 89],
1585 2819 1754 2868 Serapis

245 2882 391 2934 [Prud.
425 2896 458 2923 0.
491 2883 646 2937 Symm.
680 2883 731 2933 ΙΙ,
764 2886 869 2934 5323
903 2883 1021 2924 Paul.
1058 2888 1121 2933 19,
1159 2885 1270 2937 100]
