1898 3292
784 211 904 236 LIBER
923 210 1097 236 TERTIVS.
1612 202 1634 239 2
1642 203 1663 239 3
1671 203 1692 239 7

301 313 476 354 Interim
521 313 690 365 egregie
733 316 971 353 retractata
1010 326 1078 353 res
1121 316 1185 352 est
1226 326 1251 352 a
1294 312 1527 353 Korsseno.
1573 313 1693 353 cuius

186 381 300 422 curis
330 381 373 421 in
405 381 549 434 priore
581 381 768 422 editione
798 381 863 422 usi
895 394 978 421 non
1012 394 1194 430 eramus,
1226 380 1325 421 libri
1357 381 1407 421 de
1439 381 1691 433 pronuntia-

185 450 300 490 tione
339 449 494 491 Latina
539 449 598 499 II,
632 452 713 490 948
745 463 835 502 sqq.
879 463 957 490 nec
997 462 1081 489 non
1122 462 1146 488 a
1189 448 1401 489 Guilelmo
1445 448 1604 489 Meiere
1650 449 1693 488 in

184 520 376 559 tractatu
416 517 467 559 de
506 521 708 559 accentus
741 518 781 558 vi
816 517 859 557 in
898 517 1018 570 poesi
1060 516 1359 570 antiquissima
1391 517 1694 566 Romanorum,

185 585 257 639 qui
288 585 450 639 prodiit
480 599 516 627 a.
543 589 663 627 1884.

298 653 461 707 Nempe
493 657 675 706 uterque
708 652 914 706 exemplis
946 653 1111 706 pariter
1142 653 1399 706 scriptorum
1433 657 1475 693 et
1507 653 1693 706 propriis

183 722 423 764 rationibus
454 736 557 763 usus
587 722 650 762 ita
681 721 874 762 adseruit
895 721 1052 762 Hit-teri
1080 722 1299 762 inventum
1332 721 1536 774 novisque
1568 735 1694 774 argu-

183 790 338 831 mentis
377 790 695 843 comprobavit,
742 793 791 831 ut
822 790 890 829 vix
934 789 1175 830 existimem
1210 790 1296 830 iam
1330 803 1422 831 esse
1455 790 1527 842 qui
1561 789 1612 830 de
1645 803 1693 829 eo

184 858 364 900 dubitet.
425 862 467 899 et
497 858 695 900 Corsseni
733 857 904 911 quidem
944 857 1052 898 haec
1092 858 1281 898 maxima
1321 857 1416 899 laus
1459 862 1539 908 est,
1580 857 1693 910 quod

183 926 330 968 docuit
360 930 612 968 concentum
645 930 849 967 accentus
879 926 1150 979 grammatici
1183 930 1225 967 et
1254 926 1365 967 ictus
1388 927 1555 984 metrici
1576 925 1693 967 haud

183 1009 286 1036 sane
316 995 629 1048 infrequentem
653 995 696 1036 in
718 995 911 1036 versibus
934 995 1224 1036 Romanorum
1247 994 1300 1036 ab
1325 1000 1526 1036 accentus
1548 995 1691 1048 potius

182 1063 323 1105 Latini
345 1063 528 1105 modulis
552 1077 680 1117 quam
702 1063 756 1104 ab
789 1063 883 1104 aliis
915 1063 1197 1117 repetendum
1228 1064 1380 1105 causis.
1431 1064 1503 1117 qui
1533 1064 1575 1103 in
1608 1063 1689 1103 hac

182 1136 307 1186 parte
343 1133 485 1186 operis
525 1146 608 1174 non
651 1135 715 1173 est
756 1132 989 1185 impeditus
1029 1146 1078 1173 eo
1121 1132 1245 1182 vitio,
1288 1146 1371 1185 quo
1414 1146 1541 1185 saepe
1587 1130 1690 1172 alibi

180 1199 328 1254 lapsus
371 1204 436 1242 est
479 1201 542 1242 vir
584 1201 858 1254 quantumvis
905 1200 1056 1242 doctus
1103 1205 1146 1242 et
1185 1205 1360 1251 acutus,
1404 1199 1688 1241 monumentis

180 1268 424 1311 litterarum
461 1269 694 1310 latinarum
739 1272 814 1310 aut
854 1283 939 1310 non
980 1270 1084 1310 satis
1126 1269 1335 1323 respectis
1375 1273 1450 1310 aut
1486 1268 1596 1309 male
1627 1268 1689 1309 in-

180 1337 376 1379 tellectis.
437 1340 483 1379 at
518 1337 716 1388 Meierus,
755 1338 967 1379 incertum
1005 1337 1245 1379 eruditione
1288 1337 1450 1378 maiore
1490 1351 1543 1378 an
1590 1337 1689 1378 sub-

179 1406 356 1458 tilitate,
395 1419 480 1447 non
510 1405 637 1447 modo
669 1405 980 1447 demonstravit
1015 1410 1218 1447 accentus
1250 1406 1334 1446 vim
1366 1405 1496 1446 fuisse
1527 1405 1688 1446 nullam

179 1474 223 1516 in
253 1475 554 1528 antiquissima
581 1474 701 1529 poesi
731 1475 903 1525 Latina,
936 1474 1011 1516 sed
1044 1475 1173 1516 etiam
1206 1474 1370 1524 docuit,
1403 1488 1487 1527 quo
1519 1474 1689 1524 iudicio,

180 1557 266 1597 qua
319 1543 522 1585 libertate
568 1543 711 1584 Livius
769 1543 1040 1596 Naeviusque
1087 1547 1129 1584 et
1179 1543 1311 1584 ceteri
1363 1542 1688 1595 antiquissimae

181 1615 380 1653 auctores
413 1612 519 1653 artis
550 1611 711 1653 versati
743 1615 885 1653 essent
925 1611 968 1652 in
999 1612 1180 1652 metrica
1211 1610 1521 1664 exemplarium
1556 1610 1688 1652 Grae-

179 1693 327 1722 corum
357 1680 413 1722 ad
440 1680 619 1722 Latinae
650 1679 823 1733 linguae
854 1680 1044 1721 rationes
1077 1679 1359 1721 traducenda.

292 1748 359 1790 Ad
388 1749 543 1790 horum
572 1749 705 1802 igitur
745 1748 970 1790 doctorum
1006 1748 1141 1790 libros
1181 1748 1439 1789 remittimus
1481 1761 1570 1799 eos,
1612 1749 1687 1801 qui

180 1817 322 1859 studio
352 1821 554 1859 tenentur
584 1831 685 1868 rem,
719 1817 770 1858 de
803 1831 888 1871 qua
919 1818 1074 1871 agitur,
1103 1817 1349 1858 accuratius
1371 1817 1685 1870 perscrutandi.

179 1899 308 1939 quam
341 1886 514 1940 quidem
543 1889 586 1927 et
613 1886 696 1940 ipsi
725 1885 864 1927 denuo
896 1886 1229 1927 retractavimus
1259 1886 1303 1926 in
1332 1885 1442 1927 libro
1474 1885 1525 1926 de
1557 1899 1682 1926 versu

179 1955 372 1996 saturnio
404 1955 490 2010 [pg.
513 1959 568 1997 40
591 1955 714 2009 sqq.].

290 2023 378 2065 Nos
417 2027 585 2074 autem,
627 2023 701 2076 qui
741 2023 804 2063 ita
847 2021 1083 2063 differimus
1124 2036 1149 2063 a
1191 2022 1346 2063 ceteris
1379 2021 1683 2075 grammaticis,

177 2095 226 2133 ut
254 2105 338 2133 non
369 2091 496 2133 modo
527 2105 732 2145 negemus
762 2092 805 2132 in
836 2091 1016 2132 metrica
1039 2090 1305 2132 Graecorum
1334 2094 1377 2132 et
1398 2090 1687 2131 Romanorum

178 2164 382 2203 accentus
413 2161 496 2202 vim
528 2160 661 2202 fuisse
689 2160 837 2211 ullam,
882 2159 957 2201 sed
997 2159 1042 2201 id
1081 2160 1224 2213 potius
1253 2159 1393 2213 poetis
1426 2162 1569 2200 actum
1601 2162 1687 2199 sta-

176 2232 364 2281 tuamus,
394 2233 443 2270 ut
463 2230 574 2270 ictus
598 2243 795 2270 versuum
827 2232 1034 2282 quantum
1065 2232 1166 2282 pote
1196 2228 1428 2281 plurimum
1464 2226 1688 2268 differrent

178 2311 203 2338 a
231 2297 581 2351 pronuntiatione
608 2297 811 2351 pedestri,
843 2297 1031 2351 propriis
1062 2296 1302 2338 rationibus
1333 2296 1396 2337 uti
1426 2309 1506 2348 par
1538 2298 1613 2336 est.

292 2365 357 2407 Ad
380 2380 488 2420 quas
510 2369 741 2419 antequam
763 2370 1046 2416 transeamus,
1079 2379 1162 2418 quo
1187 2365 1504 2406 demonstretur
1524 2363 1685 2404 nullam

176 2448 380 2488 umquam
410 2434 542 2476 fuisse
573 2448 720 2476 curam
751 2438 955 2475 accentus
984 2434 1182 2475 servandi
1211 2434 1252 2474 in
1284 2433 1436 2486 poetis,
1468 2432 1573 2474 satis
1605 2432 1687 2472 erit

176 2503 384 2556 repetisse
417 2517 443 2544 a
474 2502 767 2556 grammaticis
799 2502 978 2543 Graecis
1016 2515 1066 2543 ac
1098 2502 1261 2543 Latinis
1298 2515 1350 2543 ne
1391 2514 1477 2542 una
1514 2500 1685 2553 quidem

175 2570 323 2612 littera
361 2571 448 2613 tale
480 2571 734 2612 adnotatum
763 2570 953 2612 studium
987 2570 1182 2623 adeoque
1215 2570 1344 2611 etiam
1374 2569 1565 2622 pedestri
1597 2582 1684 2609 ser-

176 2652 300 2680 mone
342 2640 487 2693 potius
530 2639 781 2681 observatas
825 2639 1091 2692 quantitates
1138 2638 1401 2693 syllabarum
1443 2650 1570 2689 quam
1616 2650 1684 2677 ac-

177 2711 325 2748 centus
353 2707 518 2748 firmari
550 2721 600 2748 ea
630 2720 688 2758 re,
721 2707 847 2760 quod,
880 2706 955 2748 ubi
987 2706 1039 2748 de
1075 2706 1275 2748 oratoriis
1310 2706 1452 2759 agitur
1483 2705 1684 2755 numeris,

116 2829 120 2833 Ι
174 2774 275 2816 illae
305 2768 485 2826 tantum,
517 2789 602 2817 non
631 2775 676 2816 hi
706 2775 1008 2829 respiciuntur.

290 2843 486 2897 Denique
517 2843 629 2886 inter
651 2844 866 2885 Romanos
895 2843 930 2885 si
957 2842 1120 2884 Ennius
1150 2856 1282 2884 novas
1312 2842 1462 2882 inisset
1492 2841 1583 2882 vias
1614 2854 1683 2882 ac-

177 2915 347 2953 centum
379 2912 707 2966 grammaticum
747 2913 789 2952 in
832 2911 1150 2953 conformandis
1183 2910 1376 2951 versibus
1407 2909 1682 2963 neglegendo,
